3541 5564
1400 369 1542 429 ARS
1602 369 1674 429 lv
1720 373 1758 430 8
1783 403 1869 415 -—
1891 370 1963 430 Vl
2842 365 2970 430 429

445 490 489 532 p.
517 480 629 521 1709.
657 479 707 519 ιο
733 476 784 518 Ρ.
2599 490 2643 531 p.
2670 479 2764 519 341.
2792 478 2844 518 42
2872 478 2916 522 ι..

394 578 545 639 quae
592 578 663 619 ex
708 577 778 618 eo
824 565 1261 637 componuntur
1311 555 1402 637 [et
1444 558 1539 617 bis
1581 575 1733 637 quae
1778 559 1842 616 in
1889 575 1956 617 er
2001 556 2282 636 syllabam
2331 555 2663 637 desinunt}
2754 560 2966 620 tertiae

394 669 495 722 aut
537 680 718 742 pares
756 660 980 720 habent
1022 658 1275 739 syllabas
1317 662 1381 720 in
1425 659 1687 738 obliquis
1731 657 1969 720 casibus
2013 666 2115 719 aut
2160 679 2336 721 unam
2382 660 2721 721 adsumunt.
2789 664 2965 741 quin·-¹

394 772 485 825 tae
529 762 734 844 procul
780 761 963 822 dubio
1007 762 1140 841 plus
1182 780 1295 823 una
1343 760 1562 841 syllaba
1607 763 1867 841 proferri
1909 761 2119 822 solent.
2179 780 2367 841 pauca
2411 764 2800 823 inveniuntur
2845 770 2966 823 ter-

391 868 510 927 tiae
556 865 971 926 declinationis
1024 883 1175 944 quae
1222 866 1285 924 in
1330 865 1588 941 genitivo
1640 863 1870 925 duabus
1911 863 2153 943 syllabis
2197 872 2502 934 crescunt,
2549 867 2666 924 iter
2708 867 2964 935 itineriS,

339 989 366 1031 s
390 986 608 1048 anceps
652 968 961 1046 ancipitiS,
1020 965 1227 1046 biceps
1273 964 1568 1046 bicipitis,
1627 969 1854 1046 triceps
1896 968 2210 1046 tricipitiS,
2268 984 2557 1047 praeceps
2599 969 2964 1047 praecipitiS,

388 1073 556 1131 iecur
599 1071 914 1138 iecinoris;
962 1069 1064 1129 sed
1111 1076 1172 1128 et
1214 1070 1432 1129 iecoris
1474 1068 1691 1129 lectum
1737 1077 1857 1129 est:
1905 1068 2168 1148 supellex
2214 1067 2618 1148 supellectilis

558 1171 834 1233 Omnium
881 1172 1214 1242 nominum,
1273 1173 1698 1251 cuiuscumque
1757 1173 1875 1231 sint
1930 1170 2374 1255 declinationis,
2421 1172 2721 1232 vocativus
2764 1173 2963 1250 singu-

388 1274 531 1334 laris
576 1272 786 1333 similis
830 1279 923 1333 est
967 1274 1326 1334 nominativo
1372 1273 1637 1335 eiusdem
1683 1275 1938 1342 numeri,
1987 1291 2181 1353 neque
2227 1272 2337 1333 hoc
2382 1274 2444 1332 in
2490 1272 2738 1334 dubium
2780 1277 2962 1344 venit,

388 1377 654 1455 exceptis
697 1374 1041 1436 nominibus
1083 1375 1376 1436 secundae
1424 1375 1877 1444 declinationiS,
1923 1393 2173 1454 quorum
2207 1377 2510 1436 vocativus
2540 1375 2796 1436 diversis
2838 1396 2962 1436 mo-

313 1499 363 1540 ιο
390 1478 480 1539 dis
524 1479 900 1557 exprimitur.
975 1479 1219 1556 propria
1264 1480 1447 1555 igitur
1493 1478 1729 1537 nomina
1775 1494 1927 1556 quae
1973 1478 2035 1536 in
2081 1479 2444 1538 nominativo
2489 1495 2628 1545 casu
2674 1478 2961 1556 singulari

387 1598 458 1640 us
512 1578 730 1659 syllaba
785 1581 1181 1639 terminantur
1226 1581 1247 1640 i
1291 1578 1474 1639 vocali
1532 1580 1871 1657 praeposita
1926 1580 2255 1638 vocativum
2312 1578 2586 1658 adempta
2642 1581 2964 1641 novissima

387 1680 608 1761 syllaba
656 1682 902 1749 faciunt,
951 1688 1018 1741 ut
1061 1681 1158 1741 hic
1207 1680 1212 1761 Ι
1263 1679 1556 1758 Vergilius
1598 1700 1633 1739 o
1664 1679 1920 1757 Vergili,
1968 1680 2066 1739 hic
2100 1680 2418 1740 Terentius
2460 1699 2496 1740 o
2541 1679 2818 1751 Terenti,
2865 1682 2963 1742 bic

389 1784 687 1844 Domitius
730 1803 764 1842 o
809 1782 1061 1852 Domiti;
1111 1778 1134 1863 ΙΙ
1184 1784 1521 1862 praeposita
1577 1800 1720 1842 vero
1776 1780 2042 1861 qualibet
2095 1789 2458 1843 consonante
2513 1785 2840 1843 vocativum
2899 1785 2961 1844 in

387 1903 420 1945 e
465 1892 800 1964 correptam
856 1886 1127 1954 mittunt,
1188 1892 1253 1945 ut
1308 1883 1405 1944 hic
1453 1883 1690 1944 Turnus
1733 1903 1768 1943 o
1814 1884 2046 1953 Turne,
2094 1884 2192 1944 hic
2234 1883 2468 1944 Marcus
2510 1860 2565 1943 θ’
2588 1884 2814 1956 Marce,
2862 1886 2962 1946 bic

313 2007 362 2048 15
387 1986 675 2047 Lentulus
726 2006 761 2046 o
816 1986 1086 2048 Lentule.
1174 1985 1521 2066 appellativa
1577 2004 1728 2065 quae
1785 1987 1847 2045 in
1904 1987 1999 2046 ius
2064 1985 2345 2046 desinunt
2399 1988 2728 2047 vocativum
2794 1989 2856 2047 in
2926 2007 2958 2049 e

387 2090 658 2158 mittunt,
716 2095 780 2147 ut
833 2087 931 2148 hic
975 2087 1191 2148 fluvius
1234 2107 1269 2147 o
1314 2087 1521 2156 fluvie,
1578 2089 1778 2147 socius
1820 2105 1856 2146 o
1900 2088 2083 2147 socie.
2170 2095 2601 2167 quae.veteres
2645 2090 2808 2150 iuxta
2851 2109 2957 2150 no-

387 2191 731 2251 minativum
777 2189 1196 2269 proferebant,
1244 2198 1311 2249 ut
1352 2189 1649 2268 Vergilius

687 2294 1044 2370 corniger
1089 2292 1585 2371 Hesperidum
1634 2291 1916 2352 fluvius
1958 2298 2315 2370 regnator
2360 2309 2731 2371 aquarum.

383 2414 533 2475 quae
590 2400 948 2455 consonante
1004 2393 1266 2473 praelata
1321 2395 1382 2454 in
1439 2393 1686 2454 eandem
1743 2392 2025 2473 syllabam
2083 2393 2390 2462 desinunt,
2439 2395 2492 2453 si
2535 2394 2774 2473 quidem
2822 2403 2961 2456 sunt

306 2518 359 2559 20
385 2498 716 2558 accidentia
770 2496 862 2556 vel
918 2496 1271 2566 derivativa,
1330 2498 1661 2559 vocativum
1706 2497 1767 2554 in
1815 2515 1846 2554 e
1893 2498 2166 2563 mittunt,
2212 2500 2277 2555 ut
2322 2494 2531 2556 doctus
2573 2496 2776 2567 docte,
2824 2516 2957 2558 san-

382 2606 512 2660 ctus
565 2606 796 2667 sancte,
855 2597 1153 2658 Romanus
1207 2597 1500 2677 Romane,
1557 2597 1857 2676 Hispanus
1910 2597 2192 2677 Hispane.
2282 2604 2480 2658 cetera
2536 2599 2600 2658 in
2644 2616 2716 2659 us
2758 2602 2960 2678 potius

380 2720 557 2781 quam
603 2703 662 2761 in
708 2719 741 2760 e
788 2699 1070 2780 syllabam
1116 2707 1362 2769 exeunt,
1409 2706 1476 2760 ut
1519 2699 1612 2759 hie
1656 2697 1910 2778 populus
1953 2717 1988 2757 o
2032 2698 2315 2778 populus:
2363 2700 2448 2759 sic
2480 2698 2752 2762 Lucanus
2794 2702 2957 2762 ‘de-

381 2821 609 2882 gener
654 2823 689 2863 o
733 2803 1112 2883 populus’:
1170 2803 1273 2863 sed
1330 2811 1391 2862 et
1444 2822 1479 2863 o
1533 2801 1749 2881 popule
1795 2801 2015 2862 lectum
2062 2809 2182 2862 est:
2238 2802 2408 2862 lucus
2450 2822 2485 2862 o
2528 2802 2717 2864 lucus.
2805 2823 2956 2884 quae

382 2926 414 2966 a
460 2904 765 2966 veteribus
806 2912 1054 2985 propter
1111 2907 1490 2985 asperitatem
1548 2905 1710 2964 vocis
1751 2905 1997 2964 minime
2045 2906 2257 2964 usitata
2303 2910 2468 2974 sunt,
2516 2905 2664 2966 adeo
2708 2915 2775 2967 ut
2818 2926 2957 2968 rara

311 3030 363 3070 ²5
390 3009 567 3068 huius
609 3006 769 3067 modi
817 3007 1229 3067 declinationis
1272 3007 1653 3085 reperiantur
1697 3005 1998 3085 exempla:
2048 3006 2192 3066 haec
2235 3013 2468 3086 myrtus
2510 3026 2545 3066 o
2588 3016 2778 3087 myrte
2812 3008 2954 3070 Ver-

379 3110 560 3188 gilius
605 3108 953 3177 declinavit,
999 3109 1106 3169 ‘et
1150 3115 1224 3168 tu
1267 3110 1597 3187 proxima
1645 3110 1935 3188 myrte’.

550 3210 788 3270 Tertiae
833 3228 1066 3290 quoque
1113 3210 1529 3270 declinationis
1570 3211 1876 3270 nominum
1923 3208 2214 3270 ablativus
2244 3228 2417 3271 casus
2445 3211 2765 3290 singularis
2809 3214 2954 3274 duo-

379 3312 492 3373 bus
535 3312 727 3372 modis
768 3313 1026 3391 proferri
1072 3312 1249 3382 solet,
1306 3319 1410 3372 aut
1461 3313 1523 3372 in
1582 3329 1614 3370 e
1660 3317 1761 3371 aut
1803 3313 1866 3371 in
1911 3312 1953 3370 i.
2042 3310 2147 3371 sed
2191 3311 2290 3372 illa
2333 3313 2396 3371 in
2441 3314 2462 3372 i
2509 3323 2755 3384 exeunt,
2803 3333 2953 3394 quae

379 3415 712 3474 communis
763 3420 900 3474 sunt
951 3416 1190 3492 generis
1243 3420 1304 3473 et
1348 3415 1408 3474 in
1464 3414 1829 3473 nominativo
1884 3415 1938 3472 is
1992 3411 2212 3492 syllaba
2269 3415 2699 3484 terminantur,
2748 3422 2812 3475 ut
2856 3417 2954 3477 hic

304 3539 355 3580 so
383 3525 443 3578 et
487 3517 634 3576 haec
679 3517 878 3576 suavis
921 3515 994 3577 ab
1040 3517 1151 3576 hoc
1196 3522 1256 3576 et
1300 3514 1374 3575 ab
1419 3515 1529 3575 hac
1574 3515 1770 3582 suavi,
1818 3513 1917 3573 hic
1964 3521 2025 3573 et
2068 3515 2213 3574 haec
2258 3518 2455 3593 gravis
2499 3515 2572 3577 ab
2618 3516 2728 3577 hoc
2774 3524 2834 3578 et
2876 3518 2951 3580 ab

379 3619 487 3680 hac
531 3611 723 3702 gravi}
779 3620 925 3679 item
983 3625 1190 3678 neutra
1247 3607 1398 3697 quae
1453 3619 1515 3676 in
1572 3617 1936 3677 nominativo
1990 3633 2022 3675 e
2079 3616 2170 3676 vel
2214 3617 2233 3677 l
2279 3617 2368 3678 vel
2412 3635 2444 3677 r
2486 3617 2705 3678 litteris
2749 3620 2952 3680 termi-

542 3822 575 3873 3
612 3837 777 3888 panea
813 3821 1140 3871 inveniuntur
1168 3822 1346 3872 tertiae
1380 3820 1735 3871 declinationis
1775 3818 1927 3872 Char.
1968 3818 2056 3879 48,
2096 3819 2160 3869 17
2333 3820 2368 3872 9
2401 3821 2628 3887 exeeptis
2664 3823 2953 3873 nominibus

375 3893 628 3944 secundae
661 3892 1014 3942 declinationis
1050 3891 1210 3942 Proh.
1231 3887 1377 3946 rath.
1415 3893 1467 3948 4,
1505 3892 1587 3942 14.
1624 3891 1772 3955 Sery.
1815 3892 2024 3953 explan.
2059 3889 2111 3938 in
2149 3890 2283 3941 Don.
2321 3889 2442 3952 498,
2480 3891 2541 3941 17
2682 3893 2749 3942 22
2785 3903 2840 3943 ιιι
2867 3893 2953 3943 hie

377 3964 595 4029 populns
631 3963 858 4026 Pompei.
891 3961 1007 4018 186.
1044 3962 1112 4014 29
1248 3962 1316 4011 27
1361 3962 1535 4010 tertiae
1573 3975 1773 4025 quoque
1805 3958 2157 4009 declinationis
2189 3959 2340 4011 Char.
2380 3960 2466 4025 25,
2502 3961 2583 4011 15.
2622 3961 2708 4026 26,
2743 3962 2825 4012 11.
2863 3961 2949 4026 39,

379 4033 459 4086 16.
489 4034 574 4092 47,
615 4034 697 4084 14.
727 4048 842 4083 exc.
886 4031 1037 4086 Char.
1077 4031 1196 4095 541,
1238 4032 1283 4082 1.
1322 4033 1443 4094 542,
1480 4027 1568 4082 20.
1599 4031 1719 4093 544,
1756 4030 1841 4083 12.
1877 4030 1997 4091 545,
2030 4027 2065 4079 9

546 4224 572 4273 1
612 4222 693 4272 his
727 4238 821 4272 om.
851 4236 886 4277 ς
1020 4219 1055 4270 6
1091 4221 1228 4269 iecor
1262 4220 1445 4269 iecoris
1483 4219 1573 4268 sed
1612 4218 1850 4268 iecinoris
1882 4217 2066 4266 lectum
2097 4224 2175 4266 est
2212 4217 2262 4265 F
2394 4226 2444 4266 et
2473 4232 2565 4267 om.
2597 4217 2648 4265 P
2784 4218 2954 4285 supel-

378 4292 558 4342 lectilis
600 4308 666 4342 ns
698 4307 940 4342 noem-mo
981 4305 1101 4342 casu
1143 4304 1336 4341 aunam
1365 4303 1656 4340 simoninus
1695 4287 1925 4351 (suusne
1964 4301 2228 4337 stannum
2268 4285 2336 4347 F)
2375 4284 2608 4336 Omnium
2648 4288 2753 4337 PF
2889 4288 2953 4338 15

376 4364 426 4411 in
464 4360 564 4428 ius]
612 4363 662 4411 in
697 4378 758 4411 us
796 4363 846 4411 P
984 4362 1047 4412 17
1084 4357 1367 4426 Vergilius]
1407 4359 1537 4408 Aen.
1573 4358 1788 4407 vl1177
1926 4356 1990 4406 21
2036 4370 2230 4420 spanus
2270 4370 2427 4420 spane
2461 4358 2511 4406 P
2645 4359 2715 4408 22
2751 4358 2825 4406 sic
2856 4357 2953 4406 Lu-

376 4446 534 4482 canus
570 4432 793 4498 degener
824 4447 854 4480 o
890 4430 1108 4496 populus
1146 4445 1237 4479 om.
1275 4429 1351 4479 F.-
1384 4429 1577 4478 Lucan.
1619 4427 1861 4477 Phar-sal.
1900 4427 1944 4475 11
1984 4425 2084 4476 116
2182 4426 2247 4474 24
2284 4426 2426 4474 vocis
2457 4440 2549 4474 om.
2590 4426 2638 4474 P
2770 4427 2839 4476 25
2875 4441 2954 4475 re-

377 4502 642 4568 periuntur
677 4502 727 4550 P
861 4500 930 4552 26
965 4512 1013 4549 et
1043 4510 1092 4549 te
1128 4513 1189 4555 5:
1230 4499 1386 4561 Ver-9.
1426 4498 1586 4550 bucol.
1625 4497 1678 4556 2,
1709 4497 1778 4546 54
1919 4502 2083 4558 myrte
2121 4510 2186 4543 ns
2226 4509 2469 4546 asinino
2504 4509 2766 4548 amoenam
2804 4512 2952 4546 uom-

377 4585 482 4621 ιισιι
509 4584 727 4620 marma
767 4584 1152 4622 osetiuartoms
1189 4567 1390 4617 Tertiae
1420 4567 1526 4616 PF
1659 4566 1729 4616 28
1766 4574 1853 4614 aut
1888 4566 1941 4613 in
1978 4565 2014 4613 i.
2054 4563 2146 4612 sed
2184 4564 2271 4613 illa
2301 4580 2431 4628 quae
2470 4565 2519 4613 in
2549 4565 2565 4612 i
2603 4574 2788 4616 exeunt
2817 4579 2953 4616 com-

375 4641 544 4690 munis
581 4648 699 4689 sunt
735 4655 768 4696 ς
801 4650 887 4690 aut
921 4644 971 4689 in
1008 4641 1023 4689 i
1051 4647 1239 4689 exeunt
1268 4636 1549 4687 communis
1585 4645 1705 4685 sunt
1738 4637 1788 4685 F
1923 4635 1987 4685 31
2026 4634 2144 4682 item
2178 4642 2355 4684 neutra
2386 4649 2517 4698 quae
2554 4635 2603 4683 in
2637 4636 2951 4686 nominatiuo

377 4727 405 4760 e
433 4708 515 4758 uel
555 4723 611 4758 ar
646 4710 725 4758 nel
768 4711 816 4760 al
852 4712 1064 4777 syllabis
1097 4708 1428 4758 terminantur
1464 4705 1560 4756 hoc
1584 4706 1744 4756 sedile
1777 4705 1841 4754 ab
1866 4705 1961 4755 hoc
1986 4703 2135 4753 sedili
2165 4702 2263 4755 hoc
2285 4704 2493 4767 laquear
2519 4705 2583 4754 ab
2608 4704 2703 4755 hoc
2728 4705 2952 4769 laqueari

376 4778 472 4828 hoc
509 4779 697 4828 animal
736 4781 800 4830 ab
836 4780 932 4831 hoc
959 4779 1187 4830 animali.
1227 4786 1441 4843 excepto
1478 4791 1592 4825 cnm
1632 4792 1661 4826 e
1696 4774 1855 4825 antel
1893 4774 2123 4823 habetur.
2154 4775 2244 4824 sed
2282 4790 2397 4824 cum
2434 4790 2462 4824 a
2498 4775 2658 4826 antei
2697 4775 2951 4826 inuenitur

378 4858 431 4898 ut
467 4848 564 4899 hoc
598 4849 816 4899 tribunal
855 4852 917 4901 ab
953 4850 1050 4901 hoe
1086 4849 1322 4900 tribunali
1356 4846 1577 4914 lupercal
1616 4847 1677 4896 ab
1710 4844 1808 4895 hoc
1838 4843 2079 4910 lupercali
2104 4852 2155 4893 et
2183 4852 2380 4895 caetera
2413 4860 2527 4897 cum
2559 4861 2585 4895 e
2623 4850 2948 4900 antecesserit
