3541 5564
1138 441 1536 504 EXCERPTA
1582 439 2008 526 ΒΟΒΙΕΝὸἰΑ1
2035 440 2064 499 1
2079 439 2215 500 ——3
2838 435 2958 499 631

2586 558 2631 598 p.
2660 547 2750 587 187.
2779 548 2831 585 ss
2858 545 2912 584 v.

1635 677 1721 762 II

1151 830 1668 921 'EXCERPTA
1717 846 1844 919 DE
1896 846 2175 920 LIBRO

797 1018 1582 1115 MActtossll
1684 1017 2543 1113 TflEonosll

392 1190 533 1263 DE
588 1168 1155 1265 VERBORVM
1211 1181 1599 1263 GRAECI
1644 1187 1784 1261 ET
1819 1186 2176 1261 LATINI
2227 1184 2963 1260 DIFFERENTIIS

344 1368 369 1406 5
793 1330 801 1339 ’
1171 1325 1379 1400 VEL
1436 1321 2186 1400 SOCIETATIBVS

1531 1530 1834 1539 ——-——-

810 1681 1285 1744 THEODOSIVS
1332 1681 1739 1744 SYMMACHO
1787 1681 1926 1741 SVO
1973 1680 2319 1742 SALVTEM
2363 1680 2562 1743 chl'r

563 1836 708 1898 Cum
763 1835 853 1895 vel
908 1844 1116 1896 natura
1174 1835 1264 1895 vel
1308 1853 1452 1895 usus
1496 1834 1773 1914 loquendi
1833 1834 2065 1911 linguas
2109 1836 2373 1911 gentium
2418 1833 2727 1914 multiplici
2774 1834 2967 1894 diver·
2995 1851 3110 1910 599,
3138 1851 3168 1897 5

395 1939 566 1996 sitate
622 1938 938 2004 variasset,
996 1940 1213 1998 ceteris
1259 1944 1361 1996 aut
1405 1937 1663 1997 anhelitu
1711 1945 1810 1997 aut
1855 1935 2034 1996 sibilo
2078 1935 2513 2015 explicantibus
2572 1937 2730 2015 loqui
2778 1954 2965 2003 suum,

396 2040 539 2099 solis
583 2056 829 2116 graecae
875 2038 1208 2118 latinaeque
1254 2046 1313 2098 et
1356 2034 1481 2099 soni
1528 2039 1791 2118 leporem
1834 2046 1893 2097 et
1937 2041 2083 2098 artis
2113 2038 2482 2116 disciplinam
2528 2046 2703 2117 atque
2748 2040 2809 2098 in
2840 2040 2967 2117 ipsa

321 2166 369 2203 ιο
403 2140 678 2219 loquendi
738 2140 1188 2200 mansuetudine
1246 2140 1499 2200 similem
1556 2141 1780 2200 cultum
1837 2148 1896 2199 et
1954 2140 2491 2200 coniunctissimam
2559 2142 2966 2217 cognationem

394 2243 574 2302 dedit.
667 2261 799 2302 nam
856 2251 917 2302 et
968 2242 1158 2301 isdem
1217 2244 1503 2302 orationis
1561 2241 1832 2321 partibus
1885 2241 2105 2321 absque
2162 2240 2437 2310 articulo,
2499 2259 2677 2320 quem
2723 2240 2988 2301 Graecia.

395 2343 515 2404 sola
573 2346 781 2403 sortita
840 2352 956 2411 est,
1017 2352 1076 2402 et
1131 2344 1321 2404 isdem
1377 2362 1560 2423 penes
1628 2343 1894 2421 singulas
1950 2351 2150 2423 partes
2203 2342 2719 2403 observationibus
2774 2360 2969 2402 sermo

396 2454 644 2523 uterque
691 2444 1098 2521 distinguitur,
1148 2463 1323 2524 pares
1366 2447 1493 2505 sere
1539 2447 1602 2505 in
1649 2454 1898 2524 utroque
1937 2445 2309 2525 conponendi
2356 2447 2598 2522 figurae,
2646 2452 2711 2503 ut
2753 2462 2965 2524 prope-

395 2546 632 2607 modum
678 2548 781 2625 qui
829 2549 1113 2606 utramvis
1159 2557 1345 2608 artem
1389 2548 1670 2608 didicerit
1715 2546 1919 2608 ambas
1964 2549 2212 2608 noverit.
2301 2547 2403 2606 sed
2449 2549 2588 2625 quia
2633 2548 2713 2606 ita
2762 2524 3005 2606 natura*

323 2650 540 2713 15l'ert,
600 2666 674 2707 ne
734 2648 876 2726 quid
933 2650 1019 2708 sic
1076 2667 1201 2709 esse
1248 2650 1417 2710 alteri
1463 2648 1654 2708 simile
1721 2651 1936 2728 possit,
1996 2658 2058 2711 ut
2102 2648 2261 2709 idem
2317 2649 2403 2709 illi
2451 2652 2527 2709 sit
2573 2646 2834 2724 (necesse
2881 2657 2968 2707 est

396 2752 552 2811 enim
597 2769 767 2811 omne
814 2751 969 2832 quod
1016 2752 1208 2813 simile
1247 2759 1337 2812 est
1382 2750 1574 2831 aliqua
1608 2750 1944 2811 differentia
1978 2750 2052 2812 ab
2098 2770 2169 2811 eo
2213 2754 2308 2811 cui
2354 2751 2658 2812 confertur
2688 2749 2964 2828 recedat),

397 2853 559 2921 ideo,
618 2871 750 2912 cum
807 2860 1006 2931 partes
1062 2855 1350 2914 orationis
1404 2856 1468 2913 in
1522 2860 1772 2932 utraque
1829 2854 2027 2931 lingua
2083 2862 2209 2914 arta
2275 2855 2431 2914 inter
2476 2873 2536 2913 se
2581 2853 2967 2913 similitudine

400 2956 794 3025 vincirentur,
851 2955 1131 3034 quasdam
1188 2966 1384 3017 tamen
1429 2958 1854 3035 proprietates,
1913 2954 2129 3033 quibus
2194 2973 2459 3015 seorsum
2516 2957 2966 3032 insignirentur,

396 3054 749 3125 habuerunt,
796 3076 945 3136 quae
990 3074 1206 3134 graeco
1252 3060 1489 3117 nomine
1536 3057 1817 3117 idiomata
1862 3065 2161 3117 vocantur.

322 3184 372 3220 ρο
568 3157 711 3217 ltem
759 3160 946 3237 prima
978 3160 1286 3238 utriusque
1318 3158 1481 3218 verbi
1529 3137 1784 3219 societas
1827 3161 1887 3218 in
1934 3158 2044 3218 hoc
2089 3166 2194 3228 est,
2242 3160 2398 3239 quod
2444 3167 2720 3220 neutrum
2765 3176 2967 3218 eorum
2994 3178 3110 3239 599,
3140 3177 3200 3223 12

398 3259 458 3318 in
504 3277 674 3319 casus
718 3260 1007 3328 flectitur;
1055 3261 1267 3320 deinde
1312 3261 1467 3338 quod
1513 3268 1828 3341 utrumque
1873 3263 2188 3348 comitatur
2231 3280 2484 3340 persona
2517 3263 2748 3321 numeri
2780 3262 2966 3338 figura

399 3361 734 3437 coniugatio
763 3370 999 3440 tempus
1029 3361 1253 3430 modus,
1298 3380 1474 3440 quem
1508 3363 1729 3423 Graeci
1767 3362 2017 3422 enclisin
2051 3371 2277 3433 vocant,
2323 3364 2516 3424 Latini
2553 3363 2559 3441 l
2595 3381 2726 3422 cum
2762 3365 2969 3423 formis

397 3462 457 3521 in
513 3461 792 3541 qualitate
839 3471 1189 3543 posuerunt,
1244 3480 1458 3540 genuS,
1517 3464 1672 3542 quod
1717 3464 1871 3542 apud
1929 3463 2185 3524 Graecos
2245 3464 2532 3526 diathesis
2573 3474 2965 3543 nuncupatur.

398 3562 605 3622 horum
659 3565 910 3641 singulis
955 3566 1241 3644 inspectis
1285 3563 1588 3624 sollertius
1630 3584 1781 3645 quae
1827 3568 1888 3626 in
1935 3566 2028 3626 his
2060 3566 2290 3627 diversa
2335 3575 2473 3627 sunt
2515 3586 2632 3627 non
2677 3566 2965 3628 latebunt.

321 3691 371 3729 25
397 3665 555 3724 circa
599 3683 787 3736 casus,
837 3675 902 3727 ut
945 3666 1222 3735 diximus,
1270 3667 1540 3745 utrisque
1586 3669 1852 3745 perfecta
1888 3671 2226 3729 communio
2257 3677 2365 3729 est.
2422 3672 2614 3749 prima
2659 3672 2965 3749 utriusque

396 3766 561 3827 verbi
608 3770 861 3829 societas
891 3776 982 3828 est
1024 3769 1085 3828 iu
1128 3768 1267 3827 hoc:
1316 3786 1449 3828 nam
1496 3775 1555 3827 et
1585 3778 1861 3830 neutrum
1907 3769 2143 3830 casibus
2176 3770 2520 3831 ‚declinatur
2559 3780 2620 3832 et
2650 3780 2966 3851 utrumque

394 3868 675 3928 similiter
720 3871 1011 3929 universis
1066 3888 1252 3948 paene
1299 3869 1537 3930 casibus
1580 3873 1781 3941 servit,
1829 3880 1892 3932 ut
1935 3874 2221 3932 misereor
2265 3873 2445 3942 illius,
2492 3892 2670 3952 parco
2715 3874 2820 3943 illi,
2870 3892 2965 3932 ve-

394 3988 575 4029 neror
619 3971 803 4041 illum,
853 3972 1020 4030 venio
1064 3971 1138 4031 ab
1182 3972 1314 4042 illo,
1363 3974 1521 4032 nitor
1574 3972 1707 4042 i1103
1765 3974 1905 4034 item
1963 3973 2293 4054 φροντίζω
2347 3973 2580 4054 τοῦδε,
2649 3974 2967 4055 πεύθομαι

392 4068 587 4153 τῷδε,
634 4072 810 4152 φιλῶ
854 4067 1074 4133 τόνδε.
1145 4072 1462 4134 ablativum
1521 4076 1682 4135 enim
1739 4075 1830 4134 vel
1888 4094 2065 4154 quem
2109 4077 2316 4136 dicunt
2360 4079 2674 4156 septimum
2722 4077 2964 4136 Graecia

318 4202 368 4240 30
397 4191 512 4232 non
561 4175 792 4253 recipit.
884 4174 1088 4234 eadem
1134 4174 1252 4234 illis
1296 4183 1356 4234 et
1399 4178 1461 4236 in
1518 4179 1791 4256 personis
1845 4177 2172 4237 similitudo
2228 4185 2344 4247 est,
2402 4181 2539 4258 quia
2594 4181 2656 4238 in
2718 4187 2966 4257 utroque

396 4273 577 4333 verbo
624 4273 701 4333 ΙΙΙ
748 4277 988 4337 eaedem
1033 4295 1321 4356 personae
1367 4281 1523 4346 sunt,
1570 4280 1761 4357 prima
1807 4297 1969 4347 voco,
2017 4280 2273 4339 secunda
2319 4299 2506 4349 vocas,
2564 4282 2736 4340 tertia
2783 4289 2965 4346 vocat,

394 4383 452 4435 et
498 4377 652 4456 apud
700 4376 829 4437 illos
874 4377 1057 4438 καλῶ
1103 4378 1327 4452 καλεῖς
1370 4378 1579 4440 καλεῖ.
1670 4379 1814 4440 haec
1860 4389 1997 4441 sunt
2040 4381 2167 4441 sere
2218 4399 2366 4460 quae
2423 4380 2646 4441 habent
2691 4383 2768 4440 ita
2814 4384 2968 4441 inter
3029 4373 3042 4393 ”

563 4550 618 4605 Β
661 4552 849 4609 codex
892 4551 1192 4609 Bobiensis
1232 4569 1387 4610 'cunc
1448 4553 1887 4610 Vindobonensis
1932 4553 2009 4612 16

535 4734 559 4781 1
596 4734 848 4799 Incipiunt
881 4748 1042 4800 panca
1078 4747 1312 4800 excerpta
1348 4737 1411 4785 de
1436 4736 1560 4785 libro
1588 4737 1825 4787 macrobii
1850 4735 2116 4789 theodosii.
2167 4736 2464 4788 theodosius
2488 4765 2553 4772 —
2580 4739 2714 4789 dicit.
2760 4737 2832 4787 De
2859 4755 2969 4788 ver·

397 4800 570 4849 borum
597 4827 664 4837 —
688 4805 1035 4852 societatibus.
1084 4801 1207 4852 Cum
1235 4803 1284 4852 B
1398 4804 1431 4853 8
1457 4806 1808 4854 uarietatesset
1830 4822 1966 4856 corr.
1993 4805 2284 4855 diuersitate
2313 4807 2562 4855 uariasset
2587 4806 2638 4854 B
2729 4805 2968 4856 hanelatu

396 4866 448 4915 B
470 4868 705 4918 anhelam
730 4873 812 4924 ed.
846 4871 998 4922 Vina.
1131 4875 1189 4921 11
1225 4869 1434 4937 absque]
1468 4882 1619 4936 atque
1643 4872 1693 4922 B
1829 4875 1894 4923 22
1930 4874 2223 4924 Graeciam.
2249 4874 2300 4923 B
2436 4875 2678 4939 nenclisiu
2716 4873 2767 4923 B
2903 4878 2970 4924 25

394 4935 620 4986 circasus
644 4938 695 4986 B
828 4940 895 4991 27
919 4935 1189 5006 misereor]
1217 4955 1414 4989 mereor
1438 4940 1488 4989 Β
1623 4944 1690 4992 30
1712 4939 1950 5006 utroque]
1977 4951 2086 4991 utro
2112 4941 2164 4991 Β
2299 4963 2307 4970 ·
