3541 5564
527 365 653 430 604
1638 368 1997 432 MAcaoun
2026 447 2041 461 ο

579 476 839 529 p.2·134.35
868 477 911 517 r.

528 557 879 637 aliquotiens
923 576 1030 618 uec
1077 564 1297 618 mutata
1331 576 1440 619 nec
1471 557 1652 619 altera
1683 568 1922 639 recepta
1954 577 2104 639 quae
2151 559 2264 620 suit
2310 560 2434 639 ipsa
2479 558 2847 639 producitur,
2883 551 3097 639 ίδρύω

523 655 791 739 ἵδρυον,
836 651 1106 740 ὑδρεύω
1153 654 1465 740 ὕδρευον.
1524 660 1620 722 hic
1666 663 1825 722 enim
1872 682 1895 722 ι
1939 669 1997 721 et
2043 681 2087 721 v
2131 664 2191 722 in
2238 664 2536 741 praesenti
2586 672 2879 742 correpta,
2914 664 2973 723 in
3006 665 3098 723 in·

524 763 789 840 perfecto
833 781 972 822 vero
1018 762 1186 841 longa
1219 766 1697 843 pronuntiantur.
1763 760 2055 825 υίοθετῶ
2097 772 2292 825 autem
2337 773 2535 825 manet
2580 773 2645 825 ut
2687 765 2827 834 suit,
2876 760 3097 825 υἷοθέ-

523 882 707 935 τουν,
755 866 893 944 quia
942 884 1056 926 nou
1103 868 1293 945 potuit
1338 865 1558 925 habere
1590 885 1707 945 quo
1738 874 2075 927 cresceret:
2124 869 2184 926 in
2232 869 2530 945 praesenti
2565 869 2722 927 enim
2771 867 2940 945 longa
2985 868 3098 926 suit

525 966 873 1045 diphthongi
922 968 1265 1047 privilegio:
1315 967 1453 1027 licet
1498 970 1558 1028 in
1605 968 1991 1048 diphthongis
2036 970 2288 1030 maxime
2334 968 2752 1029 communibus
2797 976 3152 1048 permuta-'5

523 1070 607 1128 tio
652 1071 729 1129 sit
773 1078 1009 1148 recepta
1059 1071 1117 1130 in
1164 1068 1563 1148 diphthongos
1607 1070 1935 1148 longioreS‚
1982 1080 2047 1132 ut
2092 1091 2160 1132 αι
2205 1081 2262 1131 et
2294 1090 2376 1141 οι,
2421 1072 2556 1150 quia
2588 1089 2930 1131 communes
2959 1077 3097 1131 sunt

523 1179 582 1230 et
627 1189 741 1231 non
789 1190 1108 1250 numquam
1154 1190 1260 1250 pro
1307 1170 1589 1232 brevibus
1632 1171 1957 1241 habentur,
2007 1174 2064 1232 in
2111 1192 2154 1254 ῃ
2201 1181 2301 1234 aut
2345 1174 2403 1233 in
2451 1193 2503 1254 ῳ
2548 1181 2878 1243 mutantur,
2927 1169 3095 1232 αἰνῶ

522 1265 773 1353 ᾔνουν,
833 1268 998 1333 οἰκῶ
1054 1266 1300 1354 ᾤκουν.
1391 1292 1501 1333 nec
1559 1292 1650 1333 me
1706 1277 1995 1353 praeterit
2050 1277 2227 1335 etiam
2288 1294 2376 1335 αυ
2436 1275 2897 1355 diphthongum,
2943 1293 3095 1354 quae

523 1392 842 1454 numquam
886 1393 995 1454 pro
1039 1377 1336 1436 communi
1380 1374 1579 1436 habita
1626 1384 1745 1445 est,
1806 1378 1997 1438 solere
2044 1379 2290 1446 mutari,
2339 1370 2526 1439 αὐλῶ
2570 1369 2864 1457 ηὔλουν,
2911 1369 3098 1455 αὐχῶ

519 1469 802 1556 ηὔχουν,
847 1477 986 1537 licet
1030 1497 1111 1537 ov
1156 1487 1212 1538 et
1258 1497 1315 1538 ει
1360 1477 1740 1538 inmutabiles
1769 1487 2073 1549 maneant,
2121 1473 2304 1559 οὐρῶ
2338 1473 2622 1559 οὔρουν,
2669 1472 2922 1555 οὐτάζω
2967 1472 3088 1539 οὔ·
3125 1502 3175 1539 ιο

521 1578 747 1658 ταζον,
795 1575 1091 1654 εἰκονίζω
1137 1575 1497 1659 εἰκόνιζον,
1558 1576 1791 1655 εἰκάζω
1839 1580 2126 1656 εἴκαζον
2184 1570 2260 1641 τὸ
2313 1571 2443 1661 γὰρ
2497 1572 2744 1662 ᾕκαζον
2797 1575 3090 1641 α’ττικόν.

522 1699 573 1739 ω
620 1689 680 1739 et
723 1701 762 1760 η
810 1681 990 1741 multo
1035 1684 1400 1743 constantius
1444 1690 1710 1752 manent,
1759 1683 1913 1763 quod
1961 1684 2391 1743 incrementum
2436 1685 2726 1762 perfectio
2771 1690 2928 1744 tauta
2974 1701 3092 1742 non

522 1784 755 1860 recipit,
802 1776 1101 1864 ὠνοῦμαι
1147 1776 1486 1865 ω’νούμην,
1531 1778 1672 1864 ήχῶ
1712 1777 1949 1865 ἤχουν.
2039 1785 2417 1864 excipiuntur
2461 1778 2744 1864 ἑορτάζω
2775 1794 2835 1845 et
2864 1777 3090 1858 ὀψείω.

522 1903 656 1945 eum
703 1886 864 1945 enim
908 1886 1061 1966 apud
1109 1885 1365 1946 Graecos
1409 1871 1603 1947 onmia
1662 1888 1993 1966 inperfecta
2039 1904 2355 1966 numquam
2402 1887 2657 1957 medias,
2715 1886 2819 1948 sed
2867 1893 3092 1946 tantum

521 1986 783 2046 ultimam
852 1987 938 2047 vel
1002 1990 1253 2068 primam
1320 1997 1619 2058 moveant,
1700 1989 1937 2049 illorum
2003 1988 2252 2050 alterum
2319 1988 2499 2050 solam
2568 1989 2822 2050 mediam
2889 1989 3088 2057 movit,
3126 2015 3176 2053 ιε)

519 2082 869 2169 ἑώρταζον,
915 2108 1048 2150 cum
1094 2083 1416 2170 ἡόρταζον
1447 2093 1642 2151 l'acere
1675 2091 2008 2160 debuisset,
2056 2080 2306 2151 alterum
2338 2101 2397 2151 et
2426 2091 2680 2170 primam
2710 2099 2769 2151 et
2814 2089 3090 2159 mediam,

518 2184 723 2265 ὀψείω
769 2184 1014 2266 ὤψεον.
1079 2185 1217 2268 ὁρῶ
1261 2195 1419 2254 enim
1467 2200 1525 2253 et
1572 2187 1802 2272 ἑώρων
1847 2211 1962 2252 non
2010 2202 2147 2254 suut
2189 2201 2394 2254 contra
2441 2192 2724 2271 regulam,
2770 2194 2909 2272 quia
2955 2186 3096 2268 ὁρῶ

518 2312 651 2354 cum
708 2286 907 2373 ὥρων
952 2296 1150 2355 facere
1197 2293 1432 2366 debuit,
1493 2314 1563 2356 ex
1623 2294 1946 2355 abundanti
2002 2296 2300 2374 principio
2358 2314 2388 2356 ε
2434 2295 2630 2355 addita
2677 2305 2796 2364 est,
2845 2301 2905 2354 et
2947 2295 3094 2354 fecit

517 2413 624 2474 pro
668 2388 867 2475 ὥρων
911 2390 1174 2475 ἑώρων,
1222 2405 1284 2457 ut
1323 2394 1608 2476 οἰνοχοῶ
1654 2389 2022 2478 ᾠνοχόουν,
2072 2405 2130 2457 et
2181 2405 2375 2457 tamen
2422 2397 2638 2458 (licitur
2685 2391 3092 2480 ε’ῳνοχόουν,

517 2506 575 2557 et
627 2517 735 2576 pro
790 2485 879 2578 ἦν
934 2496 1052 2577 ἔην
1108 2498 1331 2558 dicunt.
1421 2516 1537 2559 non
1595 2499 1786 2559 solum
1842 2500 1904 2558 in
1960 2498 2162 2560 verbis
2217 2500 2362 2560 haec
2405 2517 2767 2578 supervacua
2814 2498 3174 2566 adiectio,20

517 2599 621 2659 sed
671 2602 850 2660 etiam
899 2602 957 2659 in
1007 2600 1347 2660 nominihus
1394 2608 1673 2679 usurpata
1720 2608 1835 2669 est,
1881 2597 2045 2661 ἕδνα
2089 2597 2285 2661 ἔεδνα
2330 2608 2389 2660 et
2433 2601 2670 2661 similia.
2745 2594 3090 2680 α’ναβαίνω

515 2710 576 2762 et
633 2698 847 2781 ἐπέχω
904 2720 1021 2761 non
1077 2704 1358 2781 primam,
1418 2702 1522 2763 sed
1579 2702 1897 2762 secundam
1943 2701 2225 2781 syllabam
2272 2711 2665 2772 mutaverunt,
2712 2705 2847 2782 quia
2896 2705 3090 2782 prima

516 2824 632 2865 uon
677 2805 878 2874 verbi,
928 2805 1030 2864 sed
1078 2807 1536 2885 praepositionis
1581 2813 1699 2866 est:
1746 2804 1925 2865 verba
1957 2807 2117 2865 enim
2149 2813 2286 2866 sunt
2327 2804 2542 2885 βαίνω
2587 2803 2713 2885 ἔχω
2760 2813 2817 2865 et
2864 2806 3092 2865 faciunt

514 2905 789 2986 ἔβαινον
835 2897 1038 2985 εἶχον,
1085 2907 1221 2967 inde
1267 2901 1627 2985 α’νέβαινον
1674 2903 1960 2986 ἐπεῖχον.
2043 2900 2479 2988 4α’ναισχυντῶ
2522 2909 2772 2969 mutavit
2816 2909 3087 2987 primam,

510 3001 1036 3088 ἠναισχύντουν,
1082 3011 1220 3087 quia
1267 3028 1336 3069 ex
1384 3011 1621 3069 nomine
1668 3011 2039 3089 conpositum
2085 3018 2203 3080 est,
2265 3010 2323 3070 id
2371 3018 2461 3070 est
2504 3006 2679 3090 ῥῆμα
2727 3007 2734 3090 Ι
2784 3001 3089 3090 ὀνοματι-
3118 3042 3173 3081 25

512 3104 668 3189 κόν,
725 3103 1170 3189 α’ναίσχυντος
1225 3106 1672 3189 άναισχυντῶ.
1763 3111 1943 3172 verba
2001 3120 2195 3173 autem
2241 3131 2313 3172 ex
2372 3109 2697 3191 conpositis
2743 3110 3089 3172 nominibus

511 3212 928 3292 parasyntheta
962 3220 1244 3273 vocantur
1288 3220 1347 3273 et
1391 3231 1422 3272 a
1468 3215 1661 3292 prima
1706 3213 1926 3292 syllaba
1973 3213 2363 3284 declinantur,
2413 3223 2475 3274 ut
2505 3212 2830 3294 φίλιππος
2858 3211 3086 3293 φιλιπ·

511 3314 671 3389 πίζω
718 3311 1175 3394 ἐφιλίππιζον;
1223 3313 1363 3375 licet
1400 3334 1515 3375 uon
1547 3317 1817 3392 ignorem
1850 3316 2005 3396 quod
2039 3310 2380 3397 σύμμαχος
2424 3324 2484 3376 et
2528 3311 2905 3396 συνήγορος
2946 3333 3086 3376 con-

511 3418 699 3495 posita
744 3419 865 3477 siut
909 3418 1144 3478 uomina
1191 3424 1250 3476 et
1296 3437 1366 3477 ex
1413 3435 1475 3476 se
1522 3418 1743 3478 saciant
1788 3418 1966 3478 verba
2013 3418 2461 3498 parasyntheta,
2521 3416 2842 3499 συμμαχῶ
2884 3431 3087 3497 συνη-

506 3517 715 3598 γορῶ,
763 3538 913 3599 quae
959 3524 1154 3579 tamen
1212 3538 1327 3580 nou
1374 3519 1547 3588 soris,
1606 3519 1708 3579 sed
1757 3522 1920 3580 intus
1964 3520 2370 3590 declinantur,
2419 3519 2743 3601 συμμαχεὸ
2787 3516 3088 3600 συνεμά-
3115 3553 3170 3590 30

508 3639 694 3700 χουν,
743 3620 1101 3702 συνηγορῶ
1146 3616 1607 3701 συνηγόρουνε
1655 3621 1757 3681 sed
1806 3622 1917 3682 hoc
1962 3622 2125 3692 iden,
2173 3624 2312 3702 quia
2357 3624 2720 3702 praepositio
2764 3622 2862 3683 hic
2905 3621 3088 3683 habet

508 3724 997 3801 significationem
1032 3742 1217 3784 suam.
1281 3731 1548 3784 ceterum
1593 3723 1696 3783 ubi
1744 3723 1938 3784 nullus
1978 3743 2048 3784 ex
2094 3727 2533 3804 praepositione
2578 3743 2791 3787 sensus
2835 3724 3083 3789 aceedit.

506 3826 651 3886 soris
706 3825 1034 3887 declinatur
1092 3826 1524 3905 inperfectum,
1589 3825 1649 3886 id
1696 3832 1786 3886 est
1830 3825 2086 3887 adicitur
2130 3827 2214 3887 illi
2263 3827 2509 3896 vocaliS,
2572 3835 2864 3907 tamquam
2911 3845 3086 3906 prae·

505 3946 639 3988 sens
695 3936 928 4007 tempus
985 3929 1235 4008 incipiat
1291 3947 1321 3988 a
1368 3930 1745 3997 consonanti,
1796 3927 2044 4004 καθίζω
2093 3925 2439 4007 ἐκάθιζον,
2500 3924 2813 3990 καθεύδω
2873 3924 3088 3989 ἐκάθ-

506 4026 739 4090 ευδον;
788 4031 899 4090 hoc
945 4039 1035 4090 est
1078 4027 1189 4106 ἵζω
1236 4030 1391 4109 quod
1438 4028 1710 4110 καθίζω,
1758 4030 1870 4090 hoc
1918 4025 2094 4090 εὕδω
2141 4031 2298 4110 quod
2344 4026 2683 4110 καθεύδω,
2730 4031 2865 4111 quia
2911 4049 3084 4109 prae-
3113 4062 3169 4101 :55

500 4135 720 4211 positio
768 4133 914 4194 nihil
961 4134 1273 4211 siguificat.
1337 4131 1439 4192 uhi
1487 4152 1626 4193 vero
1675 4132 1914 4194 additur
1945 4151 2016 4192 ex
2060 4135 2500 4212 praepositione
2548 4151 2787 4202 sensus,
2835 4141 2975 4193 tunc
3018 4136 3084 4194 in

503 4233 898 4296 declinatione
945 4237 1263 4315 inperfecti
1295 4237 1663 4314 quaerimuS,
1712 4234 1867 4294 unde
1913 4235 2159 4314 incipiat
2205 4234 2449 4295 verbum
2494 4238 2688 4314 ipsum
2734 4237 2864 4296 sine
2909 4252 3084 4314 prae-

501 4337 827 4414 positione;
875 4346 936 4398 et
981 4341 1029 4398 si
1078 4337 1324 4399 verbum
1375 4356 1404 4398 a
1453 4337 1637 4397 vocali
1683 4339 1919 4416 incipit,
1966 4339 2231 4415 quamvis
2275 4339 2642 4416 praepositio
2686 4336 2901 4398 habeat
2943 4356 3083 4398 con·

501 4448 836 4510 sonantem,
888 4439 1051 4501 verbi
1101 4449 1298 4500 tamen
1345 4440 1600 4500 vocalem
1633 4457 1704 4498 ex
1736 4437 1904 4499 brevi
1936 4446 2229 4500 mutamus
2275 4441 2337 4500 iu
2382 4440 2644 4518 longam,
2695 4447 2758 4499 ut
2804 4435 3081 4518 συνάγω

500 4536 820 4622 συνῆγον,
867 4544 1006 4623 quia
1053 4542 1213 4603 aliud
1259 4548 1349 4602 est
1392 4535 1571 4621 ἄγω,
1618 4540 1780 4602 aliud
1826 4536 2125 4620 συνάγω.
2217 4543 2359 4601 item
2406 4544 2456 4602 si
2513 4543 2879 4622 praepositio
2925 4560 3076 4621 quae
3109 4574 3163 4614 ω

676 4683 711 4709 t

636 4800 667 4848 7
706 4800 983 4849 habeantur
1022 4801 1071 4848 iu
1110 4816 1147 4863 η
1185 4806 1271 4848 aut
1306 4801 1355 4848 in
1385 4812 1428 4847 ω
1466 4797 1515 4845 P
1628 4798 1659 4844 9
1697 4793 1856 4846 αυδω
1893 4794 2111 4860 ηυδουν
2135 4797 2185 4845 Ρ
2326 4797 2382 4846 ll
2424 4789 2658 4847 ἆττικόν
2690 4814 2733 4848 ω
2759 4805 2808 4846 et
2845 4814 2880 4862 η
2916 4795 3078 4846 multo

497 4869 703 4918 coniecit
736 4867 1029 4933 Opsopoeus
1067 4880 1378 4925 αττικονως
1403 4865 1558 4915 multo
1600 4867 1643 4914 Ρ
1677 4854 1912 4914 ἆττικόν
1948 4857 2064 4916 ἔστι
2103 4866 2254 4914 multo
2285 4881 2322 4928 p
2436 4868 2503 4915 24
2543 4877 2734 4916 mutant
2773 4870 2820 4917 P
2853 4875 3010 4914 mutat
3036 4883 3077 4936 p
