3541 5564
394 2624 483 2669 164
513 2621 570 2673 V.

1746 288 1779 325 ο

588 382 712 444 (524
1704 382 2061 444 melmun

642 505 682 543 μ.
710 493 825 532 2762.
855 494 906 531 aa
935 490 979 529 ι’.

590 574 818 632 linitum
865 574 1087 631 l'aciuut
1136 571 1413 631 aditulcto
1460 573 1772 650 participio
1819 572 1908 630 vel
1955 573 2140 645 magis
2184 570 2431 647 gerundi
2481 570 2650 629 modo
2697 573 2784 629 ire
2832 587 2934 629 seu
2983 570 3057 628 iri
3105 576 3162 627 et

590 675 678 733 vel
724 676 784 734 in
832 675 1062 752 passivo
1107 673 1344 733 doctum
1391 676 1466 732 iri
1514 673 1602 732 vel
1650 675 1709 732 in
1758 676 1946 732 activo
1991 673 2226 732 doctum
2275 675 2362 732 ire
2394 674 2802 751 pronuntiant.
2863 663 3156 749 ἄπαρὲμ·

589 795 767 855 φατα
823 795 971 855 quae
1028 778 1088 836 in
1133 778 1254 836 θαι
1311 782 1529 835 exeunt
1573 784 1673 835 aut
1717 778 1959 835 tertium
2019 796 2048 834 a
2095 776 2209 834 fine
2257 782 2493 836 acutum
2538 777 2884 841 sortiuntur,
2945 780 3011 833 ut
3055 768 3163 833 λέ-

588 881 829 956 γεσθαι
874 871 1282 957 γράφεσθαι,
1331 887 1430 937 aut
1475 878 1828 945 secundum,
1899 886 1961 937 ut
2005 876 2304 937 τετίλθαι
2348 873 2709 956 κεκάρθαι,
2768 884 2868 935 aut
2912 877 3164 934 circurn-

592 984 834 1040 llectunt
879 980 1319 1058 paenultimam,
1369 989 1433 1039 ut
1475 981 1791 1039 ποεῖσθαι
1835 982 2162 1040 νοεῖσθαι.
2225 972 2704 1060 ἀπαρέμφατον
2734 979 2890 1058 quod
2936 980 2999 1037 in
3045 979 3166 1037 θαι
3196 993 3223 1032 5

591 1085 731 1151 exit,
782 1084 829 1141 si
875 1081 1089 1141 babeat
1133 1085 1193 1142 in
1237 1081 1598 1160 paenultima
1645 1101 1710 1159 υ,
1758 1082 1929 1141 modo
1960 1083 2291 1160 praesentis
2322 1083 2605 1160 temporis
2637 1090 2744 1149 est,
2793 1081 2965 1141 modo
2995 1099 3166 1159 prae-

593 1186 756 1244 teriti
802 1178 1073 1264 perfecti,
1123 1192 1179 1243 et
1226 1184 1374 1243 banc
1421 1183 1824 1243 diversitatem
1869 1184 2522 1244 discernit‘acccntus„
2590 1202 2722 1242 nam
2780 1185 2828 1241 si
2877 1184 3092 1243 tertius
3127 1176 3168 1238 a

594 1290 705 1348 line
753 1289 847 1355 sit,
896 1305 1178 1365 praesens
1225 1293 1457 1364 tempus
1503 1285 1773 1355 ostendit,
1825 1296 1888 1346 ut
1930 1279 2266 1346 ὅλλυσθαι
2299 1280 2681 1364 ῥήγνυσθαι
2726 1280 3171 1362 ζεύγνυσθαι;

593 1394 640 1449 si
694 1389 1023 1457 secunduS,
1071 1388 1456 1467 praeteritum
1504 1389 1853 1467 perfectum,
1903 1398 1964 1449 ut
2010 1383 2341 1449 λελύσθαι
2387 1383 2688 1460 ἐξύσθαι.
2781 1387 2934 1446 uude
2982 1382 3174 1464 εἰρυ-

592 1494 745 1569 θαι,
808 1494 855 1549 si
915 1493 975 1550 in
1031 1492 1222 1569 capite
1271 1489 1484 1549 habeat
1529 1499 1865 1559 accentum,
1924 1489 2230 1570 σημαίνει
2274 1485 2613 1569 ἕλκεσθαι,
2660 1489 2814 1569 quod
2861 1498 2949 1548 est
2993 1508 3168 1568 prae·
3209 1508 3259 1543 ιο

593 1596 813 1662 sentis;
889 1595 937 1652 si
1015 1594 1074 1651 in
1147 1592 1509 1671 paenultima
1586 1596 1689 1661 sit,
1760 1592 2068 1672 σημαίνει
2145 1589 2535 1670 εἱλκύσθαι,
2610 1592 2763 1672 quod
2839 1600 2927 1650 est
2996 1610 3173 1670 prae-

597 1697 780 1763 teriti,
830 1693 990 1771 ενῆα
1023 1688 1521 1769 κατειρύσθαιῖ
1587 1697 1643 1753 in
1670 1688 2171 1774 ἀπαρεμφάτοις
2212 1697 2540 1774 conpositio
2586 1713 2701 1754 non
2749 1701 2932 1753 mutat
2963 1712 3176 1752 accen·

599 1808 738 1865 tum,
788 1796 891 1856 sed
926 1797 1079 1856 bunc
1112 1799 1417 1875 conposita
1449 1796 1808 1866 custodiunt,
1854 1800 1954 1875 qui
2001 1796 2372 1875 simplicibus
2414 1794 2787 1863 adhaerebat,
2824 1793 3181 1874 φιλεῖσθαι

595 1898 1147 1978 καταφιλεῖσθαι,
1205 1901 1471 1959 κεῖσθαι
1528 1901 1983 1962 κατακεῖσθαι.
2074 1899 2328 1978 denique.
2386 1904 2842 1976 καταγραψαι,
2910 1898 3049 1975 quia
3119 1906 3180 1955 et

597 2004 772 2061 activi
831 2001 1237 2080 aparemphati
1295 2008 1384 2059 est
1439 2009 1497 2060 et
1554 2003 1766 2081 passivi
1829 2003 2196 2094 imperativi,
2264 2019 2398 2060 cum
2456 2009 2547 2059 est
2608 1999 3042 2079 aparemphati‚
3114 2000 3178 2057 in
3217 2018 3270 2055 ¹5

600 2103 779 2163 verbo
823 2102 1004 2163 habet
1050 2111 1392 2172 accentum,
1441 2099 1897 2182 καταγράψαι,
1956 2111 2013 2162 at
2058 2121 2191 2161 cum
2240 2110 2328 2161 est
2375 2104 2738 2182 imperativi,
2801 2100 2870 2161 ad
2926 2119 3180 2180 praepo-

596 2208 871 2266 sitionem
922 2208 1194 2273 recurrit,
1243 2199 1682 2284 κατάγραψαι.
1752 2209 1814 2265 in
1861 2207 2090 2265 inlinito
2135 2223 2347 2279 graeco
2394 2207 2780 2284 praeteritum
2827 2204 3180 2282 perfectum.

598 2309 644 2366 si
703 2302 1088 2386 dissyllabum
1151 2310 1351 2375 l'uerit,
1413 2308 1569 2366 omni
1628 2306 1802 2365 modo
1861 2327 1890 2365 a
1953 2307 2136 2366 vocali
2192 2308 2420 2386 incipit,
2470 2294 2700 2384 ὦφθαι
2749 2295 3034 2383 εἶρχθαι.
3132 2307 3179 2363 si

600 2428 741 2485 ergo
788 2411 1163 2469 inveniantur
1209 2409 1527 2487 dissyllaba
1572 2409 1748 2470 huius
1795 2409 1947 2468 modi
1995 2428 2022 2466 a
2070 2408 2532 2468 consonantibus
2578 2409 2941 2486 incipientia,
2991 2409 3182 2465 mani--

599 2513 812 2571 testum
859 2518 949 2570 est
995 2530 1111 2570 non
1158 2531 1285 2570 esse
1332 2513 1581 2587 integra,
1628 2520 1693 2569 ut
1724 2507 1970 2591 πέρθαι
2011 2508 2303 2590 βλῆσθαι
2347 2505 2605 2589 δέχθαι,
2652 2527 2901 2588 quorum
2947 2510 3181 2585 integra
3215 2530 3271 2564 ει,

601 2620 735 2672 sunt
783 2607 1115 2691 πεπέρθαι
1160 2610 1537 2691 βεβλῆσθαι
1583 2608 1917 2692 δεδέχθαι.
1983 2613 2189 2672 Graeci
2239 2612 2655 2692 aparempllato
2700 2631 2813 2671 non
2863 2629 3183 2689 numquam

602 2733 709 2794 pro
756 2715 1105 2795 imperativo
1153 2721 1418 2782 utuntur,
1469 2714 1663 2774 Latini
1713 2733 1821 2794 pro
1868 2713 2214 2775 indicativo:

904 2817 1188 2894 θαρσῶν
1231 2816 1385 2894 νῦν,
1431 2812 1787 2897 Διόμηδες,
1846 2813 1954 2878 ἐπὶ
2009 2812 2307 2897 Τρώεσσι
2352 2811 2705 2896 μάχεσθαι,

602 2920 657 2979 id
719 2926 806 2978 est
860 2915 1111 2999 μάχου,
1158 2920 1255 2978 hic
1301 2938 1407 2999 pro
1453 2922 1832 2998 imperativo;
1879 2927 1938 2979 at
1984 2938 2089 2998 pro
2137 2919 2454 2979 indicativo
2500 2917 2812 2977 Sallustius
2857 2917 3011 2976 ‘hic
3059 2917 3179 2976 ubi

603 3024 912 3100 primum
959 3021 1303 3089 adolevit,
1353 3040 1491 3080 non
1535 3041 1605 3080 se
1653 3020 1998 3081 luxuriae
2048 3041 2278 3101 neque
2328 3022 2652 3080 inertiae
2701 3037 3181 3098 eorrumpen-
3215 3039 3272 3076 τε,

603 3122 765 3182 dum
813 3122 1047 3191 dedit,
1095 3123 1249 3188 sed,
1311 3130 1385 3182 ut
1428 3142 1581 3183 mos
1638 3125 1884 3200 gentis
1932 3123 2149 3183 illius
2196 3132 2335 3192 est,
2397 3123 2756 3190 iaculari,
2815 3124 3182 3200 equitare.

603 3233 665 3282 ot
730 3243 882 3284 cum
939 3243 1186 3284 omnes
1244 3225 1497 3302 gloria
1554 3227 1911 3293 anteiret,
1970 3226 2312 3286 omnibus
2373 3232 2614 3285 tamen
2681 3243 2902 3284 car-us
2950 3225 3186 3286 esse'z

603 3327 760 3385 idem
807 3327 1207 3406 ‘pleraque
1258 3335 1585 3405 tempora
1633 3329 1703 3386 in
1751 3327 2082 3406 venando
2128 3345 2366 3404 agere,
2415 3327 2696 3386 leonem
2746 3335 2960 3405 atque
2994 3326 3186 3385 alias

602 3431 804 3488 l'eras
863 3431 1145 3508 primus
1192 3437 1311 3489 aut
1356 3431 1427 3488 in
1473 3431 1741 3508 primis
1805 3431 2066 3498 l‘erire,
2129 3415 2521 3508 plurimum
2580 3431 2857 3497 facere,
2918 3425 2927 3509 1
2977 3429 3186 3488 mini-

604 3532 788 3589 mum
848 3531 929 3589 de
990 3550 1060 3588 se
1118 3531 1385 3610 loqui’.
1476 3533 1772 3591 inlinitum
1820 3550 1932 3591 uon
1980 3550 2298 3611 numquam
2344 3550 2450 3610 pro
2507 3533 2882 3590 coniunctivo
2927 3539 3183 3611 ponunt:
3215 3549 3268 3584 ao

603 3634 810 3691 Cicero
858 3651 967 3710 pro
1015 3633 1207 3692 Sestio
1254 3634 1397 3692 ‘rei
1444 3631 1790 3710 publicae
1839 3633 2170 3709 dignitas
2219 3651 2321 3692 me
2371 3633 2450 3691 ad
2515 3651 2587 3690 se
2637 3635 2833 3711 rapit
2892 3641 2961 3691 et
3007 3633 3188 3690 baec

605 3735 886 3793 minora
934 3733 1367 3814 relinquere
1417 3735 1793 3794 hortatur'
1844 3754 1950 3814 pro
1987 3735 2294 3795 ‘hortatur
2342 3743 2404 3794 ut
2438 3735 2840 3814 relinquam’;
2888 3733 3190 3794 ‘hortor

603 3849 844 3895 amare
891 3839 1131 3896 l'ocos'
1179 3856 1287 3916 pro
1335 3837 1572 3896 ‘hortor
1620 3844 1683 3895 ut
1713 3839 1967 3896 ament'.
2026 3847 2253 3915 ponunt
2284 3846 2341 3896 et
2372 3856 2482 3915 pro
2526 3838 2778 3914 gerundi
2829 3835 3030 3895 modo:
3093 3835 3191 3894 (li-

603 3957 741 3998 cero
788 3958 895 4017 pro
941 3939 1180 4008 Quintio
1224 3940 1672 3999 ‘consilium
1719 3941 2014 4018 cepisse
2064 3938 2388 3999 hominis
2435 3941 2783 3999 fortunas
2839 3938 3193 3998 funditus

605 4042 993 4099 overtcre'
1042 4059 1150 4119 pro
1201 4041 1538 4112 evertendi;
1586 4041 1884 4119 Vergilius
3221 4057 3270 4096 35

906 4141 1028 4201 sed
1076 4145 1133 4203 si
1184 4151 1435 4203 tantus
1481 4162 1680 4204 amor
1726 4161 1942 4201 casus
1986 4162 2450 4221 cognoscere
2499 4153 2818 4204 nostros

605 4263 712 4323 pro
769 4245 1197 4321 cognoscendi;
1269 4253 1327 4303 et
1384 4245 1558 4305 aliter
1614 4243 1933 4304 Terentius
1988 4247 2048 4303 in
2107 4245 2336 4324 Hecyra
2395 4248 2484 4306 ‘it
2546 4246 2630 4306 ad
2690 4264 2841 4305 eam
2902 4248 3192 4305 visero’

607 4364 711 4424 pro
759 4348 1088 4416 visitatum;

909 4456 982 4506 et
1028 4459 1342 4508 cantare
1390 4468 1606 4527 pares
1653 4457 1723 4507 et
1768 4449 2236 4528 respondere
2283 4453 2533 4528 parati

738 4603 771 4649 4
805 4600 1123 4663 καικαρθαι
1160 4603 1209 4650 Ρ
1345 4604 1373 4651 7
1412 4600 1619 4664 perfecti
1650 4618 1687 4664 p
1721 4600 1984 4665 inperfecti
2021 4603 2069 4649 P
2205 4603 2267 4650 12
2305 4599 2445 4666 νῆα]
2484 4603 2633 4652 Hom.
2673 4601 2765 4653 od.
2804 4601 2858 4658 Ξ
2888 4603 2990 4653 332
3134 4606 3199 4653 15

605 4682 721 4715 cum
761 4680 837 4717 est
873 4668 1293 4734 aparempbatum
1327 4670 1377 4718 P
1515 4671 1574 4717 16
1608 4681 1872 4717 accentum
1909 4682 1955 4716 et
1997 4685 2108 4716 cum
2147 4680 2224 4718 est
2260 4670 2615 4734 imperatiuum
2644 4671 2691 4718 P
2827 4672 2891 4720 23
2934 4668 3197 4733 θαρσώνὶ

608 4736 754 4787 Hom.
791 4737 857 4786 Il.
892 4736 942 4786 E
978 4740 1075 4786 124
1212 4742 1277 4788 :24
1314 4733 1611 4801 Sallustius]
1657 4737 1889 4800 Iuyurtlz.
1934 4738 1979 4792 6,
2028 4739 2050 4784 1
2193 4739 2255 4786 31
2308 4752 2399 4800 pro
2436 4735 2619 4802 Sestio]
2653 4741 2701 4792 3,
2731 4742 2759 4789 7
2900 4741 2965 4787 32
2992 4737 3193 4801 boi-tor}

614 4805 769 4868 Very.
808 4807 930 4853 Aen.
959 4806 1021 4853 Ill
1054 4808 1145 4854 134
1264 4809 1330 4856 33
1357 4817 1612 4870 ponuntur
1638 4805 1684 4852 Ρ
1796 4807 1861 4854 34
1888 4819 1977 4868 pro
2004 4802 2229 4869 Quintio]
2256 4807 2333 4862 16.
2360 4809 2426 4856 53
2541 4806 2774 4870 coepisse
2803 4806 2849 4853 P
2984 4808 3049 4855 36
3076 4805 3191 4870 sed}

617 4872 770 4930 Vt'rsl.
803 4874 931 4924 Aen.
963 4874 1001 4920 ll
1031 4875 1093 4922 10
1232 4876 1295 4922 37
1322 4875 1370 4921 iu
1402 4868 1615 4935 Hecyra]
1647 4873 1680 4924 1,
1709 4875 1756 4933 2,
1792 4875 1885 4920 114
2023 4875 2087 4921 39
2115 4885 2162 4922 et
2187 4872 2415 4939 curuare]
2458 4875 2608 4936 Vera.
2639 4875 2801 4923 bucol.
2831 4876 2875 4932 7,
2907 4877 2937 4922 5
