3541 5564
588 332 672 398 48
1715 333 2065 396 CLEDONII

642 456 684 497 p.
714 444 827 485 190-1.
855 445 907 485 05
934 440 978 482 P.

354 536 472 593 379,
502 535 563 582 11
590 526 850 584 retorsit.
901 558 980 567 —
1028 522 1231 600 Neque
1297 522 1443 582 haec
1507 529 1785 603 poterant
1835 523 1897 582 in
1956 519 2217 598 regulam
2273 519 2487 581 cadere
2548 523 2856 584 nominum
2917 522 3179 602 quinque

503 637 564 685 13
591 626 889 687 vocalibus
923 625 1402 692 terminatorum,
1450 642 1599 701 quae
1632 642 1870 704 semper
1899 621 2146 702 pluralia
2193 630 2348 683 sunt.
2381 660 2464 670 -—
2495 623 2801 684 Nomina
2848 632 3175 686 veteres:

592 729 815 805 antiqui
861 727 1007 788 haec
1051 726 1230 786 verba
1276 744 1515 804 graeca,
1576 743 1728 804 quae
1774 724 1929 805 apud
1978 744 2084 785 nos
2128 728 2327 786 neutri
2366 728 2605 803 generis
2661 733 2829 797 sun‘t,
2890 727 3177 787 feminino

506 842 567 889 14
591 848 811 908 genere
843 828 1233 890 declinabant.
1269 863 1353 873 --
1383 827 1845 895 lsocatalectica,
1894 827 1952 887 id
1984 833 2074 888 est
2103 825 2278 887 simili
2310 827 2486 888 modo
2516 830 2694 889 finita.
2770 830 2832 889 in
2863 847 2975 907 pus
3005 827 3178 909 lupus

592 933 863 1011 genetivo
893 929 1035 1011 lupi,
1068 935 1237 1008 lepus
1259 929 1506 1011 leporis:
1542 932 1678 1009 quia
1710 914 1885 1009 lupus
1914 930 2055 990 sacit
2081 928 2234 1008 lupa,
2269 927 2439 1007 lepus
2469 948 2589 990 non
2623 932 2760 991 lacit
2790 930 3010 1010 lepora,
3041 930 3177 990 ideo
3203 943 3228 982 5

590 1035 730 1094 facit
759 1036 817 1094 in
849 1035 1119 1113 genetivo
1151 1033 1563 1094 differentiam.
1641 1051 1774 1093 nam
1807 1034 1885 1092 ita
1919 1031 2102 1093 debes
2133 1030 2433 1109 colligere,
2467 1036 2522 1092 se·
2547 1051 2721 1112 pares
2752 1041 2892 1094 sunt
2920 1032 3177 1112 syllabae

595 1146 652 1197 et
696 1136 887 1198 simile
931 1154 1117 1214 genus
1165 1136 1343 1196 luerit
1389 1144 1447 1196 et
1502 1137 1630 1215 pari
1674 1133 1892 1214 syllaba
1940 1135 2250 1195 terminata
2298 1141 2357 1193 et
2403 1152 2584 1195 unum
2632 1154 2819 1213 genus
2865 1153 2935 1194 ex
2981 1153 3045 1195 se
3091 1134 3176 1193 sa-

594 1243 785 1308 ciunt‚
834 1238 892 1300 id
926 1245 1016 1298 est
1063 1235 1331 1318 [parem]
1377 1236 1598 1297 similes
1641 1243 1779 1297 sunt
1822 1235 2193 1305 nominativi,
2242 1236 2318 1294 ita
2368 1244 2426 1295 et
2455 1237 2710 1315 genetivi
2742 1237 2908 1307 fiunt,
2942 1243 3007 1297 ut
3037 1235 3177 1296 doc·

595 1349 687 1402 tus
731 1341 890 1401 docti
935 1341 1123 1401 sactus
1168 1341 1305 1400 sacti
1352 1348 1410 1400 et
1452 1339 1694 1406 similia;
1757 1345 1815 1399 et
1866 1340 1984 1399 sint
2042 1335 2409 1417 appellativa.
2463 1373 2535 1382 -
2586 1338 2688 1398 Vel
2747 1358 2816 1399 ex
2865 1337 3178 1399 collatione

599 1442 886 1504 debemus
927 1440 1306 1520 intellegere,
1356 1450 1420 1502 ut
1463 1440 1785 1503 similitudo
1830 1439 2158 1502 collationis
2202 1438 2567 1502 intellectum
2609 1438 2619 1521 Ι
2657 1440 2939 1502 similium
2989 1443 3177 1501 nomi·
3206 1454 3253 1493 10

600 1564 736 1606 num
768 1545 955 1627 possit
988 1552 1211 1613 tenere,
1261 1552 1342 1614 ut,
1375 1546 1423 1604 si
1454 1542 1700 1623 pluralia
1735 1545 1922 1623 posita
1954 1542 2194 1612 suerint,
2230 1561 2258 1601 a
2291 1540 2503 1621 plurali
2550 1544 2837 1620 requiras,
2886 1546 2936 1604 si
2965 1561 3177 1622 graeca

472 1661 627 1708 ‘loa
676 1648 930 1725 graecis,
979 1645 1029 1705 si
1074 1653 1270 1725 aptota
1302 1644 1375 1706 ab
1421 1647 1655 1726 aptotis.
1692 1680 1773 1690 -
1805 1643 1931 1705 Vel
1978 1663 2058 1705 ex
2108 1643 2636 1705 diminutione:
2687 1664 2756 1705 ex
2788 1646 3180 1706 diminutione

597 1759 791 1811 autem
850 1750 1074 1828 poteris
1129 1766 1303 1809 omne
1360 1766 1548 1828 genus
1595 1747 1904 1826 colligere,
1973 1756 2038 1806 ut
2095 1753 2185 1806 est
2229 1764 2370 1807 acus
2416 1746 2583 1807 acula
2626 1748 2866 1825 generis
2909 1748 3178 1808 seminini

600 1851 724 1933 [hic
780 1850 927 1912 silex
984 1851 1207 1927 antiqui
1265 1849 1568 1918 dicebant3
1639 1849 1745 1910 sed
1801 1867 1960 1909 nunc
2014 1855 2261 1928 propter
2288 1851 2713 1911 auctoritatem
2759 1849 2977 1929 Vergili
3034 1850 3180 1910 haec

510 1969 569 2016 17
598 1951 743 2014 silex
791 1951 1067 2026 dicimuS,
1118 1950 1366 2013 stabat
1410 1960 1620 2013 acuta
1667 1949 1894 2032 silex]
1943 1985 2027 1996 -
2069 1950 2164 2011 Ad
2209 1948 2487 2010 latinos
2532 1970 2768 2012 casus:
2817 1951 2965 2012 haec
3010 1952 3176 2031 pyxis
3206 1966 3252 2005 ιτ»

599 2055 845 2135 pyxides
901 2053 1101 2134 pyxidi
1145 2054 1356 2134 pyxida
1403 2073 1438 2113 o
1482 2055 1671 2135 pyxis.
1754 2052 1983 2114 Tullius
2036 2060 2234 2114 tamen
2291 2053 2372 2113 ait
2424 2054 2485 2113 in
2545 2051 2815 2114 Caeliana
2885 2054 3181 2115 ‘veneni

598 2157 944 2239 pyxidem
990 2156 1482 2217 traditurum’
1534 2154 1721 2237 [sylex
1772 2153 1917 2235 est]:
1959 2172 2253 2239 ¹graecum
2300 2173 2518 2215 nomen
2565 2154 2742 2216 latina
2787 2154 3182 2216 declinatione

597 2259 778 2320 flexit.
853 2261 914 2319 in
972 2258 1063 2318 his
1118 2277 1260 2319 vero
1316 2258 1685 2325 nominibus,
1743 2259 1865 2319 sive
1924 2274 2072 2334 quae
2117 2275 2329 2335 graeca
2376 2264 2585 2320 neutra
2631 2265 2794 2328 sunt,
2850 2260 2972 2319 sive
3030 2275 3181 2337 quae

597 2380 832 2442 semper
876 2359 1152 2440 pluralia,
1210 2362 1331 2422 sive
1389 2376 1553 2438 quae
1594 2367 1819 2441 aptota,
1879 2378 1947 2419 ex
1996 2357 2308 2419 collatione
2355 2360 2636 2421 similium
2697 2362 3034 2430 nominum,
3094 2359 3184 2420 vel

510 2480 572 2528 19
600 2484 668 2525 ex
716 2464 961 2544 positivo
1006 2462 1193 2540 gradu
1229 2459 1241 2545 Ι
1281 2461 1371 2522 vel
1419 2482 1489 2523 ex
1537 2462 1926 2523 diminutione
1970 2460 2234 2540 analogia
2282 2459 2597 2541 colligitur.
2642 2499 2725 2507 —
2770 2464 2909 2525 Sex
2954 2471 3178 2524 muta:
3208 2479 3256 2518 20

595 2565 733 2627 ideo
776 2583 909 2634 sex,
958 2565 1092 2641 quia
1138 2566 1165 2625 s
1206 2563 1557 2626 excluditur.
1637 2562 1863 2626 nullum
1912 2571 2108 2625 autem
2153 2582 2371 2625 nomen
2417 2565 2444 2624 s
2469 2564 2662 2627 littera
2695 2567 3066 2628 terminatur.
3108 2600 3176 2610 —

509 2686 568 2733 21
603 2670 682 2729 Vt
727 2667 916 2729 allec
962 2664 1073 2725 vel
1120 2665 1257 2727 lac:
1310 2665 1395 2726 vel
1443 2666 1622 2737 lacte,
1671 2669 1803 2745 quia
1848 2664 2049 2727 volunt
2092 2666 2293 2727 dicere
2338 2665 2494 2746 quod
2541 2666 2691 2729 lacte
2737 2668 2953 2730 dicitur
2983 2670 3043 2730 in
3076 2686 3182 2728 no-

600 2770 880 2832 minativo
946 2767 1231 2847 singulari
1283 2770 1444 2829 iuxta
1505 2768 1789 2830 Plautum.
1880 2767 1995 2830 lact
2048 2770 2128 2831 ait
2182 2770 2368 2829 Varro
2431 2787 2547 2830 non
2581 2764 2607 2853 ΙΙ
2651 2769 2794 2830 dici:
2863 2788 3183 2848 numquam

602 2874 757 2932 enim
808 2888 1024 2931 nomen
1071 2889 1141 2930 ex
1188 2870 1413 2931 duabus
1457 2873 1633 2932 mutis
1678 2872 2049 2933 terminatur.
2126 2878 2225 2944 aut
2269 2873 2456 2932 currit
2485 2871 2599 2932 hoc
2627 2871 2806 2943 lacte,
2854 2871 3016 2952 quod
3047 2872 3187 2933 dicit

603 2974 867 3042 Plautus,
926 2972 1154 3033 ‘sicut
1198 2969 1389 3033 lacte
1447 2971 1731 3044 lactis',
1795 2992 1912 3034 non
1971 2976 2160 3034 ‘sicut
2212 2977 2310 3034 lac
2365 2972 2588 3033 lactis’.
2678 2976 2998 3035 auctoritas
3041 2976 3183 3035 Ver·
3211 2992 3258 3032 25

601 3074 723 3154 gilii
768 3082 965 3135 tamen
1023 3073 1114 3134 lac
1170 3074 1331 3134 dixit.
1421 3077 1497 3135 ita
1557 3093 1698 3154 ergo
1754 3074 1903 3136 allec
1958 3075 2240 3137 debemus
2297 3074 2526 3147 dicere,
2588 3094 2704 3136 non
2764 3076 2978 3148 allece,
3036 3078 3186 3137 sicut

604 3177 692 3239 lac
738 3176 925 3237 lactis,

741 3348 860 3398 Cod.
901 3347 1059 3400 Ber-n.
1097 3349 1212 3397 Vlll
1245 3346 1418 3402 3—4.
1605 3349 1631 3399 l
1666 3349 1887 3399 retorisit
1993 3348 2173 3398 cadere
2201 3347 2489 3398 nominibus
2522 3348 2772 3399 uocalium
2803 3350 3183 3400 terminatorum

738 3417 770 3468 3
809 3426 931 3482 aput
1072 3419 1234 3467 nentri
1263 3434 1353 3468 om.
1495 3421 1529 3467 4
1575 3420 1617 3467 is
1657 3430 1836 3469 uocata
1870 3419 2045 3468 lectica
2184 3420 2215 3469 5
2251 3418 2398 3483 lepus
2442 3421 2619 3481 priore
2655 3422 2763 3471 loco
2798 3435 2889 3473 om.
3035 3420 3186 3485 lupus

601 3489 765 3550 (corr.
793 3491 863 3537 al.
902 3504 1033 3538 man.
1074 3488 1241 3554 lepus)
1273 3503 1368 3537 uon
1512 3487 1545 3539 6
1578 3491 1623 3538 si
1650 3504 1740 3542 om.
1885 3490 1914 3536 7
1953 3487 2102 3537 fuerit
2135 3503 2165 3536 a
2205 3488 2540 3553 parissyllaba
2661 3489 2694 3540 8
2731 3489 2919 3539 liuntur
3057 3489 3089 3540 9
3121 3505 3185 3539 ex

602 3559 919 3609 collationem
1021 3559 1085 3609 13
1111 3557 1341 3607 feminini
1373 3567 1420 3608 et
1450 3557 1576 3607 haec
1607 3574 1756 3609 casus
1786 3558 1868 3609 hic
1902 3560 2033 3609 silex
2142 3558 2204 3608 15
2236 3573 2386 3608 casus
2420 3559 2512 3609 Ιιοε
2544 3562 2653 3611 loco
2684 3576 2774 3613 om.
2889 3559 2952 3611 16
2991 3560 3186 3609 celiane

745 3630 807 3679 17
833 3627 1223 3691 traditurosylex
1254 3634 1331 3679 est
1467 3626 1532 3694 18
1569 3629 1712 3697 sinae
1749 3645 1879 3693 quae
1905 3630 2068 3694 primo
2107 3630 2211 3677 loco
2352 3627 2419 3678 20
2452 3645 2516 3679 ex
2558 3631 2742 3696 positio
2883 3630 3185 3680 diminutiuo

602 3702 709 3748 sine
759 3698 999 3764 analogia
1138 3701 1199 3749 21
1241 3699 1573 3763 terminantur
1713 3701 1779 3752 23
1829 3699 2088 3765 singulare
2139 3700 2276 3747 iuxta
2313 3699 2570 3763 plaustum
2608 3700 2734 3750 lacte
2875 3701 2941 3751 25
2985 3700 3186 3766 plautus

603 3779 657 3818 ut
684 3770 749 3819 sit
788 3770 912 3817 lacte
945 3768 1059 3818 laeti
1099 3783 1197 3818 nou
1234 3771 1363 3819 sicut
1399 3769 1544 3818 lactis
2500 3785 2502 3788 ’

741 3925 774 3974 4
813 3923 1179 3973 Isocatalectica
1222 3941 1331 3991 sqq.
1370 3940 1441 3973 ecc
1474 3924 1812 3988 disputatione
1850 3923 1912 3971 de
1949 3924 2206 3987 analogia,
2243 3924 2308 3973 de
2337 3939 2436 3988 qua
2473 3924 2698 3973 similiter
2721 3924 3043 3988 praecipiunt
3069 3922 3188 3972 Ser·-

605 3998 713 4046 m'us
737 3996 787 4043 in
816 3995 997 4045 Donat.
1030 4010 1082 4058 p.
1105 3993 1224 4057 435,
1254 3995 1316 4044 15
1345 4002 1395 4044 ee
1421 3995 1686 4057 Pompeius
1711 4009 1768 4056 p.
1801 3991 1904 4043 230
1930 3994 2010 4045 ed.
2037 3993 2210 4055 Lina„
2249 3997 2431 4044 relicta
2466 4002 2580 4042 sune
2684 3995 2715 4044 5
2751 3992 2897 4057 lepus
2935 3995 3052 4059 lepa
3089 4008 3186 4043 nou

606 4065 730 4115 facit
767 4065 973 4115 Servius
991 4079 1048 4126 p.
1083 4062 1215 4117 435.
1254 4063 1322 4114 23
1350 4065 1613 4128 Pompeius
1640 4080 1692 4127 p.
1728 4064 1827 4114 232
1930 4061 1963 4111 9
1994 4074 2042 4110 et
2077 4066 2178 4111 sint
2216 4064 2520 4127 appellativa
2563 4064 2636 4113 ad
2667 4079 2728 4113 ea
2760 4079 2891 4127 quae
2931 4078 3090 4125 supra
3126 4063 3190 4112 de

605 4136 841 4198 (maloyia
879 4137 1111 4183 nominum
1146 4135 1282 4185 dicta
1308 4143 1423 4184 sunt
1450 4135 1684 4185 videntur
1716 4134 1994 4195 referenda
2023 4149 2151 4196 esse,
2183 4140 2236 4181 ut
2259 4132 2571 4183 scribendum
2601 4134 2668 4182 sit
2702 4133 2791 4195 ita,
2829 4134 2874 4181 si
2911 4148 3062 4199 pares
3091 4134 3190 4181 sint

606 4206 829 4269 syllabae
866 4215 913 4253 et
954 4205 1121 4254 simile
1157 4219 1319 4270 genus
1356 4204 1508 4253 fuerit
1549 4214 1595 4253 et
1630 4205 1732 4254 sint
1780 4202 2088 4268 appellativa
2127 4203 2238 4269 pari
2277 4204 2469 4270 syllaba
2515 4204 2780 4252 terminata
2819 4212 2867 4252 et
2904 4219 3055 4252 unum
3094 4212 3187 4253 ete.

750 4274 811 4325 13
849 4273 1078 4324 feminini
1118 4283 1167 4323 et
1201 4276 1325 4324 haec
1364 4289 1484 4324 acus
1521 4273 1603 4324 hic
1641 4274 1772 4323 silex
1808 4272 2071 4324 Puesclu'us
2217 4273 2278 4324 15
2322 4270 2505 4339 stabat]
2558 4274 2717 4337 Very.
2760 4272 2890 4322 Aen.
2933 4274 3052 4322 Vlll
3090 4271 3190 4322 233

749 4344 811 4394 16
843 4345 890 4393 in
932 4343 1188 4411 Caeliana]
1227 4361 1273 4393 c.
1317 4347 1402 4404 25,
1437 4344 1499 4394 61
1646 4345 1711 4393 22
1750 4342 1826 4392 vel
1864 4342 2010 4405 lacte,
2049 4343 2182 4408 quod
2217 4346 2357 4406 apud
2377 4345 2626 4394 Donatum
2663 4359 2758 4392 non
2793 4344 2987 4408 legitur,
3015 4343 3193 4395 Cledo-

606 4418 717 4465 nius
754 4415 1017 4465 addidisse
1054 4415 1267 4468 videtur.
1344 4415 1438 4465 sed
1474 4429 1568 4464 non
1602 4416 1800 4480 integra
1838 4415 2014 4463 relicta
2055 4421 2168 4464 sane
2205 4430 2334 4479 quae
2371 4414 2457 4462 ille
2486 4414 2549 4462 de
2586 4414 2744 4464 tribus
2771 4414 2951 4476 for-mis
2985 4414 3061 4462 lac
3095 4414 3191 4461 lact

610 4486 737 4535 lacte
760 4486 1128 4536 adnotaverat:
1153 4486 1220 4547 cs.
1236 4486 1453 4547 Pompei.
1467 4499 1524 4547 p.
1540 4483 1643 4535 233
1662 4486 1742 4537 ed.
1772 4485 1940 4543 Lina„
1967 4485 2128 4535 Diam.
2148 4499 2202 4546 p.
2221 4483 2340 4544 303,
2354 4484 2403 4544 6,
2427 4482 2582 4535 Prob.
2604 4485 2782 4536 cathol.
2802 4501 2857 4547 p.
2876 4485 2924 4546 7,
2938 4483 2987 4543 3,
3014 4483 3188 4533 Claud.

607 4555 799 4620 Sac.p.
819 4558 883 4605 47
908 4556 989 4609 ed.
1014 4555 1189 4612 Vina..
1222 4555 1418 4605 Charis.
1437 4569 1492 4616 p.
1512 4556 1627 4619 102,
1643 4557 1691 4617 4,
1721 4556 1976 4607 Priscian.
2003 4559 2097 4608 vol.
2124 4555 2136 4602 l
2162 4554 2420 4617 ρ.212,4,
2446 4553 2570 4615 Cap.
2604 4572 2656 4620 p.
2679 4553 2832 4614 2241,
2861 4553 3051 4603 Ritu-111
3071 4568 3191 4600 mus.

608 4625 829 4675 Rhenan.
865 4628 1047 4676 noviss.
1086 4634 1120 4676 t.
1163 4625 1252 4674 Vll
1289 4625 1365 4690 (a.
1409 4625 1566 4686 1850)
1603 4639 1655 4688 p.
1690 4624 1815 4675 586.
1852 4623 1972 4689 606,
2018 4626 2299 4674 W'ilmanns
2332 4623 2395 4672 de
2433 4626 2592 4677 Varr.
2637 4623 2722 4673 lib.
2760 4639 2963 4688 qramm-
2993 4637 3046 4685 p.
3090 4622 3191 4671 212

747 4698 813 4745 24
851 4705 935 4745 aiut
967 4692 1139 4760 currit]
1186 4697 1402 4745 occurrit
1438 4695 1717 4745 W'ilmanns
1746 4696 1781 4743 l.
1810 4709 1854 4742 c.
1882 4709 1952 4743 ex
1979 4700 2266 4745 coniectura
2299 4695 2356 4744 V
2350 4697 2519 4743 seueri
2638 4695 2705 4744 25
2732 4689 2963 4758 Plautus]
3004 4692 3188 4741 Bacch.

608 4784 656 4816 v.
689 4764 753 4816 19
791 4766 873 4816 ed.
912 4766 1147 4817 Buechel.
1289 4766 1417 4814 sieut
1459 4764 1586 4814 lacte
1624 4765 1739 4814 lacti
1783 4766 1861 4813 vel
1895 4773 1945 4814 ut
1987 4766 2050 4814 sit
2086 4765 2213 4814 lacte
2252 4764 2421 4827 lactiS,
2459 4778 2555 4813 non
2590 4766 2662 4814 sic
2703 4770 2754 4811 ut
2786 4762 2860 4812 lac
2900 4763 3042 4812 lactis
3078 4776 3192 4811 con-

609 4836 726 4888 iecit
752 4835 1049 4888 Bit-schelius
1083 4851 1203 4885 raus.
1242 4835 1470 4887 Rhenan.
1503 4837 1536 4884 1.
1573 4850 1616 4888 e.
1642 4850 1698 4899 p.
1728 4833 1833 4886 586
