3541 5564
593 352 715 417 388
1666 353 2067 416 CONSENTII

643 474 684 514 p.
710 463 810 503 5-8
835 461 885 504 Β.
2929 472 2967 500 e.
2993 463 3033 500 4.
3060 461 3100 501 5.

593 544 741 603 dixit
797 545 954 604 enim
1009 542 1202 603 tetulit
1256 562 1365 623 pro
1422 563 1492 602 eo
1547 545 1702 623 quod
1747 551 1839 604 est
1881 545 2033 605 tulit.
2124 543 2465 623 epenthesis
2508 551 2597 603 est
2647 541 2798 622 [sive
2847 539 3147 619 sinerisis]

591 646 845 706 adiectio
899 646 1130 729 litterae
1186 644 1511 725 syllabaeve
1569 647 1642 706 ad
1709 645 1963 706 mediam
2032 647 2380 707 dictionem:
2457 646 2720 713 litterae,
2782 651 2847 704 ut
2901 644 3149 704 ‘relli-

591 750 799 828 quias
843 749 1189 809 Danaum’
1237 767 1345 827 pro
1389 748 1702 827 reliquias;
1751 748 2037 827 syllabae,
2085 756 2150 810 ut
2192 749 2420 809 Ennius
2465 748 2612 808 dicit
2666 746 3013 825 plerumque
3059 747 3149 805 in-

592 852 1006 929 duperatorem
1053 869 1161 929 pro
1205 853 1592 931 imperatore,
1641 858 1701 910 et
1745 859 1809 909 ut
1852 857 1942 910 est
1970 851 2358 911 ‘Mavortis
2401 852 2473 910 in
2517 853 2764 909 antro’
2812 866 2920 927 pro
2950 847 3154 908 Martis

591 962 648 1011 et
708 953 875 1013 ‘nos
940 952 1222 1013 abiisse
1282 955 1462 1014 rati’
1519 972 1626 1032 pro
1683 952 1898 1013 abisse.
1988 971 2280 1032 paragoge
2338 959 2454 1022 est,
2513 970 2664 1031 quae
2723 951 2927 1012 eadem
2980 964 3203 1029 para-5

591 1055 831 1134 lempsis
876 1056 1124 1125 dicitur,
1174 1055 1427 1115 adiectio
1474 1056 1702 1118 litterae
1759 1055 2086 1135 syllabaeve
2132 1056 2202 1115 ad
2248 1056 2425 1115 finem
2472 1054 2777 1114 dictionis:
2837 1047 2851 1134 l
2899 1053 3151 1119 litterae,

592 1164 656 1217 ut
710 1159 898 1234 magis
952 1175 1061 1236 pro
1118 1175 1318 1234 mage;
1377 1157 1661 1236 syllabae,
1720 1166 1786 1219 ut
1838 1158 2258 1218 ‘admittier
2323 1159 2568 1217 orant’
2636 1174 2744 1235 pro
2800 1155 3029 1216 admitti
3095 1159 3157 1213 et

591 1267 856 1338 potestur
923 1277 1032 1338 pro
1096 1267 1306 1337 potest.
1395 1259 1489 1318 his
1556 1279 1734 1339 supra
1802 1260 1977 1319 dictis
2033 1260 2457 1337 metaplasmiS,
2523 1260 2623 1337 qui
2680 1277 2753 1317 ex
2820 1257 3153 1317 adiectione

589 1369 915 1420 nascuntur
958 1360 1190 1420 litterae
1237 1359 1594 1439 syllabaeve,
1655 1373 1779 1422 tres
1823 1362 1923 1424 alii
1979 1363 2261 1421 contrarii
2308 1368 2471 1431 sunt,
2514 1363 2621 1445 'qui
2668 1379 2741 1420 ex
2786 1360 3153 1421 detractione

590 1471 941 1531 nascuntur,
990 1462 1331 1541 aphaeresis
1376 1482 1629 1543 syncope
1675 1483 1955 1543 apocope.
2020 1464 2363 1544 aphaeresis
2407 1469 2524 1532 est,
2572 1462 2676 1523 ubi
2723 1464 2913 1541 prima
2961 1479 3154 1521 sermo
3185 1478 3234 1514 ιο

590 1567 682 1625 sui
730 1571 924 1644 parte,
973 1564 1168 1624 littera
1200 1565 1523 1644 syllabave,
1573 1566 1854 1626 multatus
1884 1574 2007 1626 est:
2055 1566 2284 1634 littera,
2335 1573 2397 1625 ut
2441 1568 2523 1626 ait
2551 1564 2868 1625 Terentius
2912 1566 3155 1624 ‘mitte

591 1670 733 1727 ista
781 1677 998 1746 atque
1047 1666 1130 1726 ad
1175 1687 1320 1728 rem
1366 1668 1585 1736 redi',
1634 1686 1765 1728 cum
1814 1667 2023 1728 debuit
2066 1669 2264 1728 dicere
2313 1670 2552 1738 omitte;
2612 1666 2860 1746 syllaba,
2908 1674 2974 1726 ut
3024 1665 3157 1725 Vir-

497 1787 516 1803 ·
589 1770 769 1860 gilius
832 1775 1200 1829 ‘temnere
1268 1770 1511 1829 divos'
1578 1789 1684 1848 pro
1750 1777 2153 1831 contemnere.
2244 1788 2500 1850 syncope
2559 1777 2675 1838 est,
2735 1788 2871 1830 cum
2926 1767 3155 1828 mediae

590 1874 742 1950 parti
787 1873 1072 1932 orationis
1127 1871 1326 1932 littera
1383 1872 1672 1950 syllabave
1730 1873 2133 1934 subtrahitur:
2192 1874 2419 1942 littera,
2466 1879 2531 1932 ut
2576 1891 2709 1932 cum
2755 1871 3012 1932 dicimus
3055 1888 3159 1930 au-

589 1973 790 2033 dacter
835 1992 944 2053 pro
989 1974 1323 2043 audaciter,
1382 1974 1745 2035 nomeclator
1800 1993 1909 2054 pro
1954 1976 2374 2043 nomenclator,
2421 1973 2764 2034 Mnestheus
2807 1992 2916 2053 pro
2958 1972 3238 2033 Mene-15

589 2076 793 2136 stheus
847 2083 907 2135 et
961 2077 1234 2136 ‘manet
1277 2077 1422 2137 alta
1470 2087 1710 2138 mente
1769 2086 2147 2156 repostum
2204 2077 2600 2137 iudicium'
2647 2094 2754 2154 pro
2799 2077 3158 2155 repositum;

589 2177 837 2257 syllaba,
887 2186 952 2238 ut
995 2196 1130 2238 cum
1174 2178 1427 2239 dicimus

892 2287 1252 2361 apparent
1297 2283 1451 2341 rari
1498 2289 1767 2343 nantes
1811 2285 1884 2342 in
1928 2284 2233 2361 gurgite
2281 2289 2485 2342 vasto

591 2401 699 2461 pro
744 2389 1044 2451 natanteS,
1093 2389 1152 2442 et
1196 2382 1515 2444 Terentius
1569 2392 1970 2445 commorat
2014 2404 2122 2464 pro
2166 2391 2584 2445 commoverat.
2665 2384 2725 2443 in
2770 2401 2888 2460 quo
2934 2389 3161 2444 tantum

589 2484 741 2544 valet
787 2487 1138 2553 auctoritas,
1186 2492 1245 2543 et
1290 2487 1477 2563 siquis
1521 2486 1775 2547 voluerit
1822 2482 1833 2569 l
1883 2487 2082 2547 dicere
2130 2494 2321 2547 morat
2363 2506 2472 2566 pro
2516 2492 2810 2555 moverat,
2860 2483 3160 2545 barbaris·
3187 2504 3240 2544 20

592 2604 749 2645 mum
795 2587 994 2645 saciet.
1085 2604 1344 2665 apocope
1392 2594 1482 2647 est
1538 2610 1575 2644 -x
1619 2588 1885 2658 litterae,
1936 2597 1998 2649 ut
2040 2589 2253 2650 Achilli
2311 2608 2419 2668 pro
2465 2587 2710 2648 Achillis
2752 2590 3045 2664 genitivo,
3104 2594 3164 2646 et

592 2687 745 2764 magi
804 2706 911 2765 pro
963 2688 1181 2763 magis;
1239 2686 1523 2767 syllabae,
1584 2697 1649 2749 ut
1703 2692 1926 2751 ‘endo
1982 2710 2182 2752 suam
2237 2692 2357 2751 do’
2414 2710 2523 2770 pro
2568 2690 2827 2750 domum.
2918 2689 2978 2749 hi
3024 2697 3162 2749 sunt

591 2790 987 2869 metaplasmi,
1045 2808 1298 2869 quorum
1354 2793 1632 2871 specialia
1688 2797 1929 2855 nomina
1986 2795 2317 2855 adiectione
2377 2795 2466 2855 vel
2512 2794 2879 2854 detractione
2926 2791 3159 2853 litterae

590 2891 925 2973 syllabaeve
972 2895 1303 2954 consistunt
1345 2913 1454 2974 pro
1497 2895 1763 2957 locorum
1811 2897 2269 2958 condicionibus
2312 2898 2408 2958 his
2452 2896 2793 2957 distributa.

758 2993 928 3055 Nunc
973 2994 1045 3054 de
1090 2994 1185 3055 his
1228 2997 1627 3076 metaplasmis
1668 3000 2010 3079 loquamur,
2058 3003 2159 3079 qui
2204 3000 2425 3061 nullam
2468 3001 2814 3060 varietatem
2859 3000 3162 3058 nominum
3189 3018 3241 3058 25

589 3114 700 3175 pro
744 3097 1007 3157 locorum
1054 3098 1505 3161 condicionibus
1560 3104 1922 3171 sortiuntur,
1982 3102 2113 3171 sed,
2162 3102 2520 3182 ubicumque
2564 3102 2830 3162 locorum
2875 3101 3161 3160 transfor·

591 3206 744 3259 mata
790 3199 976 3259 fuerit
1019 3199 1270 3278 qualitas
1315 3201 1621 3274 dictioniS,
1669 3203 1879 3264 eodem
1925 3207 2162 3266 nomine
2206 3212 2546 3265 censentur.
2608 3223 2679 3263 ex
2710 3203 2805 3263 his
2835 3204 2951 3263 duo
2980 3203 3161 3281 primi

591 3308 728 3361 sunt
792 3302 1188 3381 metaplasmi,
1259 3324 1411 3365 unus
1475 3307 1578 3384 qui
1645 3308 1937 3385 temporis
2001 3307 2364 3376 adiectione,
2434 3306 2584 3367 alius
2637 3308 2739 3386 qui
2796 3306 3160 3366 detractione

591 3405 882 3464 consistit.
972 3404 1250 3467 dicuntur
1296 3415 1491 3468 autem
1537 3411 1756 3469 ectasis
1801 3416 1861 3469 et
1903 3409 2140 3489 systole.
2229 3412 2446 3470 ectasis
2489 3415 2609 3478 est,
2661 3411 2670 3490 l
2709 3426 2845 3468 cum
2888 3417 3163 3487 correpta

591 3505 812 3586 syllaba
869 3513 1040 3587 poeta
1097 3510 1183 3569 sic
1238 3513 1588 3571 auctoritate
1633 3529 1739 3571 sua
1786 3514 2004 3582 utitur,
2062 3518 2360 3591 tamquam
2405 3512 2484 3571 sit
2527 3512 2815 3590 temporis
2856 3510 3159 3588 longioriS,
3189 3530 3243 3571 so

730 3730 759 3780 1
799 3730 1050 3794 syncrisin
1088 3746 1120 3779 a
1147 3731 1434 3796 quibusdam
1466 3735 1763 3783 nominatam
1798 3749 1910 3783 esse
1938 3732 2250 3799 synalipham
2286 3740 2534 3784 testantur
2568 3734 2834 3782 Diomedes
2860 3746 2919 3793 p.
2952 3733 3072 3792 442,
3103 3731 3168 3783 18

589 3802 821 3853 Donatus
848 3817 903 3864 p.
939 3800 1068 3856 306,
1108 3800 1174 3852 26
1211 3810 1258 3851 et
1284 3806 1396 3865 ipse
1423 3803 1713 3852 Consentius
1743 3803 1886 3867 infra
1914 3821 1970 3868 p.
1996 3803 2115 3867 389,
2144 3803 2211 3854 32
2237 3804 2528 3868 synaeresin
2559 3804 2621 3852 de
2652 3801 2992 3869 episynaliplze
3016 3801 3168 3852 habet

589 3871 828 3921 Claudius
858 3870 1113 3920 Sacerdos
1151 3886 1206 3934 p.
1245 3871 1313 3922 30
1349 3872 1430 3923 ed.
1481 3872 1634 3924 Vind.
1677 3872 1977 3938 epenthesin
2024 3882 2186 3924 autem
2223 3874 2287 3923 ab
2320 3876 2438 3924 aliis
2472 3874 2653 3924 dietam
2691 3889 2803 3923 esse
2835 3873 3163 3936 parenthesin

588 3944 662 3990 ait
692 3942 923 3991 Donatus
953 3957 1006 4003 p.
1045 3940 1164 4004 306,
1205 3944 1238 3991 4
1339 3942 1370 3989 2
1408 3940 1688 4008 relliquias]
1742 3944 1899 4008 Ver-9.
1932 3945 2058 3994 Aen.
2100 3946 2117 3992 1
2152 3942 2219 3993 30
2315 3946 2344 3993 4
2381 3941 2639 4008 Mavortis]
2689 3945 2843 4007 Very.
2886 3942 3016 3993 Aen.
3053 3943 3163 3991 vm

588 4011 691 4062 630
792 4009 970 4075 51108]
1020 4011 1176 4075 Verq.
1205 4010 1404 4059 Aen.11
1441 4011 1508 4061 25
1614 4027 1704 4078 pro
1744 4015 1932 4064 abiisse
1966 4014 2030 4063 M
2127 4014 2374 4078 paralesis
2400 4015 2462 4063 M
2498 4013 2904 4080 prosparalepsis
2941 4015 3168 4062 Donatus

582 4097 638 4144 p.
680 4079 798 4139 396,
839 4081 869 4128 7
910 4080 1167 4130 Charisius
1193 4094 1247 4142 p.
1278 4078 1408 4134 278.
1443 4081 1506 4130 13
1541 4080 1808 4134 Dt'omedeae
1841 4099 1894 4145 p.
1930 4085 2052 4136 441.
2095 4085 2154 4135 11
2266 4086 2296 4134 7
2334 4100 2426 4149 pro
2466 4099 2613 4148 mage
2647 4085 2876 4133 Donatus
2904 4098 2959 4145 p.
2989 4082 3107 4142 396,
3133 4085 3165 4132 7

590 4165 684 4216 pro
712 4149 848 4214 magi
888 4150 955 4199 M
1124 4147 1398 4215 admittier]
1449 4152 1606 4214 Vei-9.
1635 4153 1762 4203 Aen.
1802 4154 1941 4205 Vllll
1980 4154 2074 4204 231
2251 4154 2315 4205 10
2352 4154 2618 4219 apharesis
2655 4154 2901 4219 sinagope
2932 4167 3167 4218 apagope

590 4220 807 4270 afaresis
846 4219 909 4269 M
1054 4218 1113 4270 11
1148 4219 1343 4269 litterae
1382 4227 1432 4268 ut
1466 4222 1536 4271 ait
1565 4221 1631 4270 M
1764 4221 1925 4291 mitte]
1969 4223 2168 4277 Terent.
2209 4224 2422 4286 Adelph.
2464 4226 2503 4274 ll
2544 4224 2591 4285 1,
2629 4222 2690 4273 31
2839 4223 2904 4273 12
2942 4222 3167 4285 syllabae

590 4298 644 4340 ut
683 4289 916 4355 uirgilius
949 4288 1033 4338 M:
1081 4290 1237 4354 Ver-9.
1281 4289 1412 4339 Aen.
1447 4291 1513 4339 vt
1549 4292 1653 4342 620
1746 4351 1750 4355 ,
1798 4294 1862 4344 13
1895 4296 2143 4360 sinagope
2185 4294 2244 4343 M
2390 4294 2451 4344 15
2500 4290 2828 4359 nomeclator]
2878 4292 3168 4342 ‘admodum

589 4375 768 4411 vereor
806 4376 868 4409 ne
901 4375 1169 4422 perperam
1214 4370 1384 4411 noster
1423 4363 1472 4411 in
1506 4362 1676 4412 schola
1711 4360 1825 4416 olim
1868 4364 2151 4415 subnotat-ic
2181 4366 2536 4428 praeceptoris
2572 4365 2761 4413 dictata
2805 4363 3030 4415 docentis
3077 4377 3164 4412 no·

593 4429 864 4479 menclator
901 4430 1003 4480 dici
1048 4445 1150 4494 pro
1187 4446 1244 4481 eo
1282 4432 1416 4497 quod
1461 4433 1658 4494 plenius
1705 4441 1839 4484 esset
1883 4435 2293 4485 nomenculator’
2341 4433 2702 4485 Buttmannus:
2752 4434 2821 4496 es.
2865 4433 3063 4483 Charis.
3110 4450 3163 4496 p.

597 4501 713 4561 106,
745 4499 814 4550 20
956 4501 1199 4550 mnestius
1229 4516 1326 4566 pro
1366 4504 1611 4551 menestiu
1654 4502 1718 4553 M
1856 4504 1920 4556 16
1960 4501 2149 4571 manet]
2196 4505 2351 4569 Ver-9.
2389 4505 2517 4556 Aen.
2561 4506 2578 4552 1
2614 4501 2683 4552 26
2825 4516 2915 4567 pro
2947 4504 3167 4567 reposito

591 4570 817 4634 syllabae
856 4568 917 4620 M
1054 4570 1120 4620 18
1151 4569 1417 4639 apparent]
1468 4571 1628 4638 Very.
1669 4575 1797 4626 Aen.
1836 4577 1853 4625 1
1895 4575 1994 4626 118
2138 4573 2199 4625 19
2236 4571 2530 4639 commorat]
2582 4573 2780 4622 Terent.
2810 4572 3010 4624 Phorm,
3056 4573 3074 4620 1
3113 4575 3166 4635 2,

592 4642 654 4691 51
798 4641 867 4690 20
902 4650 957 4688 ut
991 4667 1056 4676 —
1096 4639 1248 4690 saciat
1279 4641 1611 4693 Buttmannus
1783 4645 1846 4695 21
1884 4660 2118 4711 apagope
2155 4645 2235 4696 M.
2275 4648 2498 4694 lacunam
2532 4659 2632 4708 qua
2669 4642 2889 4702 definitio
2918 4657 3168 4705 apoc-opes

593 4711 785 4760 eoecidit
815 4711 1034 4761 indicavi
1203 4711 1271 4760 22
1309 4720 1363 4760 ut
1396 4709 1549 4780 endo]
1593 4713 1807 4764 tetendit
1844 4715 1907 4763 M
1920 4732 1938 4765 .·
1970 4716 2102 4768 Enn.
2142 4716 2313 4764 annal.
2360 4714 2460 4765 563
2496 4713 2577 4768 ed,
2627 4712 2778 4765 Valtl.
2952 4713 3017 4761 24
3058 4708 3159 4779 his]

591 4779 674 4828 hic
698 4779 1029 4829 Buttmannus
1200 4780 1266 4828 27
1306 4780 1493 4830 fuerint
1531 4782 1596 4831 M
1733 4794 1970 4834 censetur
2004 4785 2063 4834 M
2236 4783 2307 4835 29
2345 4783 2548 4833 iaetasis
2586 4789 2795 4846 utroque
2823 4785 2931 4833 loeo
2968 4781 3034 4831 M

593 4847 661 4899 30
696 4847 962 4916 longioris]
1006 4848 1116 4915 syll'
1153 4851 1205 4898 in
1232 4863 1391 4914 maro.
1429 4851 1552 4904 add.
1594 4852 1660 4901 M
