3541 5564
349 1857 461 1908 ⁴318,
484 1858 546 1903 32

352 2474 468 2529 ms,
494 2472 551 2517 ιι

572 319 703 382 (340
1196 398 1197 401 Ν
1690 320 2049 381 meudun

627 443 652 481 p
702 431 876 470 153—55
908 429 957 469 v.

576 529 724 570 mus.
814 518 873 570 at
918 510 1175 569 secunda
1222 509 1473 588 pluralis
1517 510 1588 567 de
1636 508 1892 568 secunda
1939 510 2199 568 nascitur
2245 508 2529 586 singulari
2589 509 2812 567 adiecta
2859 528 2887 566 s
2930 506 3153 571 littera,

577 622 639 672 ut
683 615 949 672 amavisti
998 613 1316 680 amavistIS,
1364 611 1614 671 docuisti
1646 611 1949 679 docuistis,
1997 611 2271 672 audivisti
2304 612 2632 680 audivistis,
2676 611 2871 687 legisti
2905 608 3152 685 legistis.

578 718 750 775 tertia
798 733 936 774 vero
982 712 1227 793 pluralis
1272 713 1536 773 eiusdem
1583 715 1868 791 temporis
1923 732 2159 792 semper
2205 715 2264 773 in
2312 721 2447 774 runt
2506 713 2786 794 syllabam
2831 714 3051 774 desinit
3096 722 3156 774 et

577 826 815 877 creatur
870 836 940 876 ex
996 819 1187 895 prima
1233 814 1519 893 singulari
1578 817 1595 874 i
1656 814 1814 876 finali
1871 818 2000 876 eius
2047 819 2106 875 in
2163 834 2522 876 econversa
2569 823 2626 875 et
2692 815 2887 877 addita
2934 816 3156 896 syllaba

577 938 755 998 supra
801 919 975 986 dicta,
1026 925 1088 977 ut
1131 920 1294 979 secui
1340 924 1677 985 secuerunt,
1726 921 1924 977 monui
1958 928 2333 988 monuerunt,
2381 918 2576 979 audivi
2619 919 2991 987 audiverunt,
3037 919 3153 996 legi
3185 938 3210 971 ,a

579 1021 879 1099 legerunt;
938 1020 1262 1099 eademque
1320 1027 1457 1079 ruut
1513 1019 1735 1098 syllaba
1804 1040 1918 1080 non
1977 1039 2295 1100 numquam
2354 1023 2414 1080 iu
2487 1039 2549 1081 re
2596 1029 3023 1089 commutatur,
3094 1028 3157 1080 ut

579 1130 922 1184 amaverunt
966 1141 1256 1191 amavere,
1305 1121 1636 1182 docuerunt
1680 1123 1954 1192 docuere,
2003 1123 2354 1183 audiverunt
2397 1123 2695 1191 audivere,
2753 1122 3028 1199 legerunt
3074 1123 3155 1183 leu

579 1245 741 1302 gere.
832 1233 1126 1285 memento
1194 1243 1226 1283 v
1280 1242 1513 1303 quoque
1576 1224 1694 1284 illis
1749 1224 1998 1285 subduci
2063 1224 2289 1294 solere,
2359 1244 2491 1285 cum
2551 1227 2603 1284 vi
2681 1224 2905 1303 syllaba
2951 1227 3157 1286 termi-

582 1336 798 1387 nentur
844 1329 863 1387 i
913 1327 1095 1386 vocali
1142 1326 1545 1396 antecedente,
1593 1334 1657 1386 ut
1699 1329 1923 1387 nutrivi
1968 1328 2152 1386 nutrii
2183 1329 2431 1388 nutrivit
2478 1329 2705 1396 nutriit,
2755 1328 2950 1388 audivi
2996 1327 3158 1388 audii

583 1429 809 1491 audivit
855 1429 1070 1498 audiit,
1130 1430 1327 1508 cupivi
1384 1430 1543 1507 cupii
1591 1431 1812 1508 cupivit
1867 1431 2070 1507 cupiit.
2162 1448 2333 1489 omne
2381 1432 2770 1509 praeteritum
2815 1430 3241 1509 plusquam-10

585 1534 913 1612 perfectum
982 1532 1236 1590 activum
1304 1530 1459 1590 modi
1530 1531 1833 1591 indicativi
1902 1533 1962 1590 in
2020 1550 2146 1591 ram
2204 1531 2487 1610 syllabam
2556 1532 2793 1592 desiuit.
2896 1533 3163 1592 nascitur

584 1643 781 1695 autem
836 1634 907 1693 de
966 1634 1288 1711 praeterito
1345 1635 1608 1711 perfecto
1664 1635 1681 1692 i
1742 1634 1901 1695 finali
1972 1636 2100 1693 eius
2163 1652 2443 1694 conversa
2491 1637 2551 1693 iu
2599 1654 2630 1693 e
2678 1643 2735 1694 et
2801 1634 2998 1695 addita
3044 1633 3161 1712 syl·

586 1736 715 1797 laba
761 1754 937 1814 supra
985 1734 1162 1803 dicta,
1211 1744 1274 1795 ut
1319 1737 1505 1795 amavi
1552 1754 1900 1803 amaveram,
1950 1736 2121 1795 docui
2169 1736 2501 1806 docueram,
2545 1732 2744 1796 ‘audivi
2800 1736 3161 1805 audiveram,

587 1835 702 1915 legi
746 1838 1026 1916 legeram.
1077 1836 1083 1912 1
1133 1858 1170 1892 -κ-
1227 1857 1264 1891 a*
1323 1858 1360 1893 e
1435 1841 1579 1898 item
1623 1840 1725 1917 qui
1773 1838 1916 1897 dicit
1959 1830 1998 1915 ἡ
2046 1834 2610 1917 δίκη.τεμνέσθω,
2649 1838 2841 1899 litem·
2860 1838 3054 1898 adbuc,
3100 1840 3163 1898 in

584 1941 857 2000 conflicto
887 1959 1018 2000 esse
1051 1940 1444 2010 demonstrat:
1491 1943 1588 2019 qui
1624 1958 1763 1999 vero
1795 1940 1940 1999 dicit
1983 1932 2022 2019 ἡ
2056 1936 2208 2018 δίκη
2253 1934 2622 2019 τετμήσθω,
2668 1948 2829 2001 tauta
2877 1941 2929 1998 vi
2975 1939 3161 2007 iubet,
3197 1958 3244 1995 15·

585 2052 648 2103 ut
693 2045 809 2103 iam
840 2044 982 2103 velit
1012 2062 1140 2103 esse
1172 2044 1475 2119 negotium
1523 2044 1924 2102 terminatum.
1993 2041 2147 2121 quod
2181 2051 2240 2101 et
2286 2040 2561 2111 latinitas,
2611 2044 2877 2121 quamvis
2907 2044 3164 2101 circum-

584 2145 905 2225 loquend0‚
966 2164 1082 2204 non
1140 2152 1339 2205 tamen
1400 2147 1653 2223 respuit,
1712 2162 1846 2204 cum
1914 2144 2069 2203 dicat
2127 2144 2373 2203 ‘ostium
2431 2144 2660 2203 clusum
2730 2146 2860 2213 sit',
2932 2144 3163 2222 ‘pugna

584 2250 898 2308 commissa
944 2248 1075 2316 sit',
1125 2246 1234 2306 ‘lis
1280 2247 1592 2307 terminata
1636 2248 1768 2307 sit'.
1827 2245 2041 2325 quibus
2087 2245 2363 2305 omnibus
2395 2264 2571 2325 quam
2617 2245 2964 2307 conficiendi
3008 2244 3164 2305 cele·

587 2356 824 2410 ritatem
870 2351 1161 2427 exigimus
1206 2349 1663 2408 demonstratur.

753 2452 939 2512 Omne
996 2453 1410 2530 imperativum
1457 2453 1713 2511 activum
1759 2431 2042 2529 praesens
2094 2470 2200 2529 per
2264 2450 2525 2528 singulas
2569 2453 3015 2528 coniugationes
3059 2469 3167 2511 sua
3195 2468 3246 2504 ευ

586 2557 873 2633 cuiusque
904 2554 1087 2614 vocali
1120 2556 1493 2621 terminatur,
1543 2560 1607 2612 ut
1637 2572 1765 2613 ama
1813 2571 1984 2612 mone
2028 2554 2164 2613 audi
2211 2542 2363 2631 lege.
2421 2553 2615 2632 aliqua
2664 2555 2794 2613 eius
2840 2553 2997 2613 modi
3045 2554 3166 2613 sola

588 2658 992 2735 reperiuntur,
1041 2655 1185 2715 cedo
1230 2657 1321 2715 ser
1353 2674 1416 2715 es
1448 2654 1561 2715 dic.
1622 2655 1725 2714 sed
1759 2654 1905 2713 cedo
1950 2655 2009 2713 in
2057 2655 2166 2716 bac
2213 2663 2440 2715 tantum
2488 2655 2660 2714 modo
2707 2673 2845 2714 voce
2892 2657 3166 2715 consistit

591 2777 700 2818 nec
744 2757 994 2818 ulterius
1040 2758 1339 2837 procedit,
1400 2759 1514 2817 uisi
1562 2756 1716 2837 quod
1776 2754 2004 2835 plurale
2049 2759 2178 2817 eius
2223 2758 2459 2837 quidam
2505 2764 2661 2818 cette
2708 2758 3013 2826 dixerunt,
3063 2756 3168 2817 sed

590 2863 884 2937 originem
942 2857 1157 2919 nullam
1214 2862 1451 2938 penitus
1507 2858 1728 2918 habere
1786 2862 2181 2934 cognoscitur.
2271 2862 2330 2919 in
2390 2879 2419 2920 r
2477 2879 2615 2920 vero
2659 2861 2752 2919 ser
2798 2867 2856 2918 et
2899 2878 3049 2939 quae
3097 2880 3167 2920 ex

593 2982 663 3022 eo
730 2969 1174 3040 conponuntur,
1236 2971 1299 3021 ut
1342 2961 1509 3021 defer
1555 2961 1720 3021 adfer
1766 2963 1971 3021 confer
2027 2964 2281 3039 praefer.
2373 2982 2401 3020 s
2444 2981 2678 3042 quoque
2725 2964 2890 3022 linita
2937 2969 2996 3021 et
3041 2964 3168 3041 ipsa
3199 2979 3249 3014 εἰν

594 3082 886 3143 perpauca
945 3072 1111 3130 sunt,
1172 3071 1235 3124 ut
1290 3083 1355 3124 es
1411 3073 1471 3123 et
1526 3081 1675 3141 quae
1733 3081 1806 3121 ex
1860 3081 1930 3121 eo
1974 3071 2420 3143 conponuntur,
2491 3064 2629 3124 ades
2677 3064 2891 3143 prodes
2937 3082 3168 3142 praees,

590 3184 860 3244 quaeque
919 3165 1028 3225 alia
1076 3185 1147 3224 ex
1193 3166 1397 3225 codem
1449 3164 1628 3225 verbo
1674 3166 2021 3242 figurantur,
2068 3172 2126 3224 et
2172 3185 2350 3226 unum
2398 3167 2490 3226 his
2536 3165 2726 3226 simile
2773 3174 2958 3244 potes,
3017 3184 3171 3244 quae

591 3287 663 3327 ex
721 3269 971 3327 infinitis
1024 3269 1150 3328 suis
1210 3270 1454 3328 formari
1512 3268 1770 3328 technici
1829 3266 2029 3326 volunt
2084 3267 2305 3328 ultimis
2349 3268 2589 3347 syllabis
2634 3267 2871 3336 al›latiS‚
2930 3275 3170 3327 cantare

593 3377 794 3437 cauta,
842 3388 1083 3429 mouere
1132 3389 1337 3439 mone,
1386 3370 1594 3429 audire
1642 3368 1811 3436 audi,
1859 3369 2058 3446 legere
2104 3368 2264 3446 lege;
2321 3369 2582 3448 adeoque
2629 3370 2737 3428 hoc
2783 3387 2913 3430 esse
2959 3373 3171 3430 certis-

593 3474 840 3538 simum,
897 3480 962 3529 ut
1018 3475 1194 3531 etiam
1252 3470 1349 3531 illa
1406 3471 1516 3531 sub
1572 3471 1839 3531 eiusdem
1871 3471 2133 3549 -regulae
2191 3490 2390 3531 norma
2451 3474 2570 3532 sint
2615 3473 2824 3549 posita.
2916 3491 3051 3532 nain
3098 3471 3254 3531 aba»

592 3593 663 3632 eo
709 3572 865 3653 quod
911 3580 999 3630 est
1044 3593 1173 3632 esse
1221 3572 1412 3633 ablata
1459 3572 1665 3633 ultima
1711 3575 1776 3632 fit
1807 3592 1888 3642 es,
1934 3573 2140 3633 adesse
2173 3575 2341 3658 ades,
2393 3573 2715 3653 itidemque
2769 3572 2844 3632 ab
2900 3592 2971 3633 eo
3015 3573 3172 3652 quod

593 3685 685 3735 est
728 3675 888 3735 l'erre
936 3677 1237 3753 praeferre
1284 3677 1375 3736 l'er
1422 3677 1676 3753 praefer.
1752 3683 1920 3753 potes
1968 3682 2193 3735 tantum
2241 3675 2474 3735 videtur
2519 3678 2764 3736 minime
2809 3675 2951 3736 huic
2998 3693 3174 3753 regu-

595 3777 683 3837 lae
729 3779 1099 3845 couseutirm
1148 3776 1249 3835 sed
1298 3777 1306 3854 1
1356 3777 1661 3837 sciendum
1692 3786 1780 3836 est
1825 3795 1982 3835 nunc
2028 3778 2263 3855 quidem
2311 3779 2606 3838 inlinitum
2653 3779 2780 3837 eius
2826 3777 2945 3836 dici
2979 3796 3175 3856 posse,

594 3880 699 3940 sed
745 3879 897 3959 apud
945 3881 1221 3957 antiquos
1264 3881 1561 3954 integrum
1608 3887 1843 3957 potesse
1878 3881 2163 3958 repet-Iri,
2211 3879 2365 3958 quod
2400 3880 2620 3958 posteri
2665 3897 2836 3958 posse
2883 3897 2992 3959 per
3037 3898 3176 3958 syn·

594 3998 783 4060 copen
830 3980 1127 4040 dixerunt.
1220 3981 1311 4040 dic
1380 3988 1575 4040 autem
1623 3981 1733 4041 vel‘
1769 3983 1860 4041 fac
1929 3980 2040 4039 duc
2097 3980 2285 4040 deduc
2353 4000 2466 4060 per
2513 4000 2811 4060 apocopen
2861 3981 3175 4042 dicuutur:
3207 4000 3257 4036 as

729 4167 761 4214 8
786 4167 978 4230 syllaba
1007 4179 1023 4214 t
1050 4168 1340 4216 terminetur
1368 4167 1415 4215 B
1533 4169 1593 4216 14
1620 4165 1860 4232 legeram]
1890 4169 2100 4216 ‘desinit
2135 4167 2214 4215 leic
2245 4169 2421 4230 folium
2444 4169 2554 4217 cod.
2579 4170 2655 4216 16.
2684 4169 2863 4217 desunt
2900 4169 2999 4218 (luo
3019 4168 3171 4229 folia,

595 4234 770 4300 quibus
806 4235 1190 4285 continebantur
1224 4238 1421 4299 reliqua
1468 4237 1532 4285 (Ie
1578 4241 1801 4300 tempore
1843 4236 2357 4300 plusquamperfecto,
2415 4237 2657 4298 formatio
2703 4236 2875 4296 lmen-1·
2919 4238 3183 4284 indicativi

598 4305 762 4363 sectivi,
805 4305 1075 4354 declinatio
1112 4305 1373 4353 indicativi
1410 4304 1602 4367 passivi
1636 4311 1687 4353 et
1720 4304 1910 4352 initium
1944 4310 2333 4367 praeceptorum
2370 4306 2435 4353 de
2469 4307 2613 4353 modo
2648 4304 2974 4367 imperativo'.
3010 4306 3180 4353 editor·

606 4371 1026 4421 l·'iudobonen3is.
1088 4374 1216 4421 idem
1254 4378 1492 4437 quattuor·
1528 4388 1702 4421 versus
1746 4388 1818 4420 ea:
1861 4372 1923 4420 iis
1953 4371 2252 4421 membranis
2288 4389 2416 4437 quae
2449 4374 2716 4436 perierunt
2749 4373 2796 4420 in
2832 4374 3182 4435 praecedente

594 4440 880 4489 membrana
915 4442 1030 4489 olim
1067 4441 1282 4490 inversis
1317 4441 1502 4489 litteris
1538 4455 1818 4504 expressas
1851 4441 1971 4504 Ieyit
1996 4439 2104 4498 Ιιοε,
2143 4455 2255 4488 mus
2281 4440 2499 4503 syllaba3
2528 4441 2750 4489 secunda
2777 4453 2917 4493 vero.
2945 4440 2989 4488 si
3015 4441 3178 4488 eidem

597 4510 772 4556 tertiae
798 4508 841 4557 is
867 4508 1060 4571 syllaba
1088 4508 1235 4557 suerit
1259 4508 1482 4569 adice-uu
1524 4509 1669 4556 tertia
1695 4523 1915 4570 quoque,
1954 4508 1995 4554 si
2023 4520 2142 4556 aute.
2168 4519 2187 4555 t
2213 4508 2428 4556 litteram
2456 4509 2679 4556 ultimam
2706 4508 2811 4556 eius
2843 4523 2873 4554 n
2902 4508 3179 4571 interponi-

597 4589 695 4632 tur,
725 4586 779 4624 ut
804 4577 1071 4626 audiemus
1097 4577 1313 4626 audietis
1338 4577 1544 4625 audient
1654 4579 1716 4625 14
1743 4590 2020 4640 τεμνεστω
2047 4583 2259 4640 utroque
2282 4577 2393 4626 loco
2419 4575 2469 4625 B
2575 4578 2636 4625 21
2665 4575 2774 4637 lege
2798 4576 2931 4624 cedo
2958 4574 3023 4628 B.
3052 4593 3183 4641 quae

600 4646 897 4709 interposui,
934 4645 1095 4708 aliqua
1135 4645 1241 4693 eius
1279 4645 1411 4694 modi
1446 4644 1553 4694 sola
1582 4645 1915 4708 reperiuntur,
1952 4645 2094 4705 infra
2127 4645 2192 4694 25
2224 4651 2340 4707 post
2367 4643 2564 4709 praesen·
2597 4643 2742 4693 habet
2778 4641 2845 4691 Β.
2888 4661 3182 4709 quamquam

596 4715 751 4776 plura
789 4716 936 4762 etiam
971 4714 1186 4776 periisse
1212 4715 1443 4762 videntur
1580 4716 1644 4762 23
1679 4708 1826 4776 cette]
1863 4724 1968 4761 cete
1992 4712 2043 4761 B
2190 4711 2256 4760 28
2293 4711 2542 4761 theehuici
2576 4711 2626 4759 B
2763 4712 2827 4760 32
2867 4723 3037 4778 potest
3069 4725 3184 4762 tau—

601 4792 701 4824 rum
737 4780 781 4827 B
918 4785 981 4830 34
1009 4779 1288 4848 syucopeu]
1315 4781 1558 4846 sint-opali
1588 4780 1636 4828 B
1778 4783 1842 4830 35
1869 4776 2122 4843 dixerunt]
2152 4779 2322 4828 dic-..ut
2355 4780 2402 4828 B
