3541 5564
1393 348 1865 412 COMMENTVM
2793 349 2911 415 181

2542 472 2584 514 p.
2615 462 2793 502 192-84
2819 457 2864 500 L·

330 555 494 598 nere.
586 555 701 616 quo
754 535 929 597 modo
993 536 1107 597 hoc
1160 544 1355 616 potest
1409 537 1573 597 fieri?
1636 539 1685 598 si
1731 556 1948 599 nomen
1995 540 2391 619 conpositum,
2452 547 2518 600 ut
2561 540 2737 610 dixit,
2796 559 2914 602 non

327 646 526 719 potest
570 639 854 718 conponi,
904 656 1018 717 quo
1065 639 1240 701 modo
1284 647 1479 720 potest
1523 642 1780 719 conponi
1826 639 1899 701 de
1944 639 2249 720 pluribus?
2314 661 2451 704 nam
2498 642 2733 722 quando
2780 642 2913 704 dico

326 741 570 811 doctuS,
627 760 751 822 una
798 760 894 802 res
951 749 1067 810 est;
1127 742 1364 820 quando
1421 741 1554 803 dico
1611 742 1914 812 indoctus,
1975 741 2127 803 duae
2183 762 2280 803 res
2326 752 2480 805 sunt.
2573 764 2690 824 quo
2736 744 2913 806 modo

322 862 639 924 possumus
683 843 756 904 de
798 842 1072 922 pluribus
1118 862 1482 923 conponere,
1529 845 1642 904 nisi
1687 846 2056 924 conpositum
2103 847 2319 907 iterum
2366 847 2804 926 conponamus?
2853 856 2916 909 ut

278 954 419 1007 ⁵est
461 945 605 1008 illud
651 948 811 1021 quod
850 945 1127 1024 legimuS,
1189 945 1596 1026 expugnabilis
1650 946 2146 1027 inexpugnabilis,
2237 948 2370 1009 ideo
2417 948 2619 1010 videor
2665 949 2737 1010 de
2782 947 2911 1030 plu-

326 1048 492 1110 ribus
537 1050 972 1128 conposuisse,
1021 1050 1299 1130 quoniam
1345 1051 1461 1110 iam
1509 1052 1881 1128 conpositum
1930 1068 2146 1110 nomen
2194 1053 2497 1130 conposui.
2560 1053 2669 1112 iste
2713 1059 2913 1114 autem

324 1150 471 1212 dixit
513 1153 576 1213 in
620 1153 916 1231 principio
976 1153 1213 1213 nomina
1259 1138 1569 1231 conposita
1613 1170 1732 1213 non
1779 1170 1951 1230 posse
1998 1154 2283 1232 conponi,
2345 1163 2402 1213 et
2444 1155 2587 1214 item
2633 1153 2781 1214 dixit
2825 1162 2910 1214 ta-

322 1272 462 1314 men
518 1253 656 1314 ‘sed
716 1252 1022 1314 sciendum
1080 1262 1167 1314 εει
1212 1256 1387 1316 etiam
1433 1254 1506 1315 de
1551 1253 1819 1334 pluribus
1862 1272 2037 1334 posse
2083 1255 2394 1334 conponi’.
2486 1258 2784 1317 contraria
2829 1259 2911 1317 vi-

322 1354 563 1418 dentur.
627 1357 922 1416 contraria
968 1362 1108 1417 sunt
1150 1356 1385 1438 quidem
1434 1356 1503 1418 ad
1555 1356 1750 1427 verba,
1795 1356 1867 1418 ad
1912 1359 2203 1418 rationem
2249 1376 2368 1417 non
2414 1365 2553 1418 sunt
2597 1359 2911 1421 contraria.

247 1474 297 1514 10
320 1459 479 1519 scire
537 1459 697 1519 enim
758 1458 968 1528 debeS,
1027 1477 1177 1538 quae
1234 1461 1471 1520 nomina
1528 1461 1835 1540 conposita
1881 1468 2045 1529 sunt,
2095 1462 2301 1520 omnia.
2337 1459 2684 1521 naturaliter
2729 1461 2912 1521 semel

320 1562 633 1639 conposita
691 1569 858 1629 sunt;
918 1579 1037 1622 non
1097 1570 1340 1641 possunt
1395 1563 1511 1622 iam
1557 1561 1810 1642 amplius
1855 1563 2129 1641 conponi.
2221 1561 2324 1622 sed
2371 1563 2422 1622 si
2469 1561 2724 1623 volueris
2769 1581 2910 1623 con-

317 1681 549 1742 ponere
604 1664 667 1723 in
730 1661 1202 1740 similitudinem,
1260 1671 1514 1743 possunt
1567 1666 1782 1726 iterum
1840 1665 2113 1744 conponi.
2205 1683 2339 1725 nam
2397 1663 2546 1725 haec
2588 1665 2713 1743 ipsa
2760 1683 2913 1744 quae

320 1766 628 1843 conposita
687 1772 825 1826 sunt
880 1764 953 1825 de
1010 1764 1312 1844 plurihuS,
1357 1767 1418 1826 iu
1466 1766 1915 1828 similitudinem
1959 1772 2361 1830 revertuntur.
2451 1783 2775 1844 numquam
2820 1768 2909 1828 in-

318 1870 491 1929 venis
544 1886 764 1928 nomen
819 1869 881 1928 in
935 1870 1296 1929 contrarium
1356 1871 1746 1948 conpositum.
1840 1876 1980 1949 puta
2037 1867 2203 1929 felix:
2277 1870 2381 1946 qui
2436 1878 2526 1929 est
2580 1869 2754 1929 felix?
2811 1871 2911 1950 qui

246 1987 294 2026 15
320 1969 506 2030 babet
558 1988 906 2050 prosperam
962 1971 1291 2040 fortunaun
1360 1989 1498 2031 ecce
1555 1970 1738 2032 habes
1792 1972 2301 2050 significationem.
2393 1989 2663 2049 conpone
2731 1970 2908 2033 illud:

317 2070 557 2141 infelix;
608 2091 748 2133 ecce
791 2074 1030 2134 mutasti
1074 2091 1345 2134 sensum:
1393 2072 1549 2134 aliud
1597 2082 1686 2134 est
1727 2072 1896 2143 felix,
1946 2072 2101 2134 aliud
2146 2071 2372 2133 infelix.
2448 2076 2664 2134 iterum
2712 2076 2764 2134 si
2807 2092 2905 2134 vo-

317 2174 505 2236 lueris
549 2193 919 2254 conponere,
966 2174 1203 2252 regredi
1248 2173 1425 2236 habet
1471 2177 1661 2255 prima
1693 2176 2044 2253 significatio
2075 2174 2409 2236 damnatam
2441 2177 2908 2255 conpositionem

314 2275 619 2346 ininfelix,
680 2275 909 2338 sublata
964 2278 1072 2338 ista
1126 2295 1223 2338 re:
1282 2277 1397 2338 hoc
1454 2295 1572 2338 non
1629 2277 1796 2348 licet,
1844 2278 1952 2338 ista
1999 2278 2327 2364 conpositio
2372 2295 2492 2337 non
2539 2277 2904 2339 conceditur.

315 2388 592 2440 ceterum
636 2379 752 2439 iam
798 2380 1235 2459 conpositiones
1282 2379 1458 2461 [iam]
1506 2379 1806 2459 simplices
1849 2387 2002 2440 sunt.
2087 2386 2228 2458 puta
2275 2378 2636 2459 pugnabilis,
2686 2397 2908 2459 expug-

240 2481 568 2543 aenabilis:
616 2480 776 2542 idem
822 2489 910 2542 est
954 2481 1388 2560 expugnabilis,
1434 2483 1591 2562 quod
1624 2490 1713 2544 est
1742 2480 2108 2561 pugnabilis,
2158 2479 2294 2542 ‘ille
2340 2480 2503 2542 locus
2549 2488 2652 2541 εει·
2680 2499 2906 2561 pugna-

312 2583 512 2654 bilis’,
571 2584 687 2644 hoc
742 2590 829 2643 est
885 2585 986 2660 qui
1040 2583 1225 2662 possit
1268 2602 1458 2663 paene
1505 2585 1688 2653 dirui;
1747 2585 1891 2645 ‘iste
1938 2582 2101 2645 locus
2148 2591 2236 2644 est
2280 2583 2745 2665 expugnabilis’,
2793 2582 2907 2645 hoc

315 2695 409 2749 est
466 2686 570 2766 qui
625 2687 815 2765 possit
866 2703 1056 2765 paene
1112 2685 1285 2747 dirui.
1375 2685 1850 2767 inexpugnabilis
1896 2704 2014 2747 non
2059 2684 2328 2746 videatur
2371 2687 2544 2747 tertia
2593 2705 2721 2747 esse
2766 2705 2906 2748 con-

311 2790 567 2870 positio,
610 2786 619 2869 Ι
658 2788 760 2849 sed
807 2788 1082 2850 secunda.
1173 2788 1443 2850 similiter
1486 2791 1755 2851 territus:
1806 2789 1943 2867 quid
1992 2797 2080 2849 est
2123 2790 2402 2850 territus?
2450 2788 2706 2850 timidus.
2772 2807 2906 2868 per-

314 2894 563 2953 territus
608 2890 746 2971 quid
794 2892 917 2951 est?
985 2890 1254 2952 similiter
1299 2891 1560 2953 timidus.
1649 2892 1935 2972 numquid
1991 2890 2104 2953 tale
2162 2899 2278 2961 est,
2327 2908 2504 2968 quem
2549 2890 2622 2951 ad
2667 2890 2907 2953 modum

238 2994 503 3056 nselix?
571 2993 860 3073 numquid
913 2995 1039 3073 ipsa
1098 2996 1426 3073 conpositio
1485 2996 1775 3055 convertit
1829 3012 2073 3062 nomen,
2135 3000 2193 3054 et
2247 3011 2365 3053 non
2414 2995 2598 3071 magis
2642 2995 2905 3073 priorem

312 3097 811 3177 significationem
868 3096 1151 3157 firmavit?
1219 3114 1362 3174 ergo
1436 3096 1671 3177 quando
1736 3096 2025 3174 significat
2088 3098 2349 3176 priorem
2419 3096 2906 3173 significationem

312 3201 800 3267 confirmantem,
861 3198 1145 3278 numquid
1210 3217 1528 3278 possumus
1582 3198 1693 3259 hoc
1750 3198 1950 3259 dicere
2018 3217 2148 3259 esse
2217 3200 2432 3259 iterum
2500 3199 2907 3277 conpositum?

311 3322 434 3365 non
487 3303 648 3363 enim
693 3300 922 3361 videtur
968 3303 1132 3380 quasi
1182 3303 1353 3361 tertia
1400 3299 1697 3371 adhiberi,
1755 3302 1859 3362 sed
1917 3308 2053 3380 post
2095 3301 2604 3361 confirmationem
2649 3300 2905 3362 secunda

312 3413 420 3466 εει.
522 3413 580 3466 ει
621 3403 761 3464 licet
804 3401 981 3464 nobis
1024 3404 1104 3463 ita
1150 3421 1522 3483 conponere,
1570 3402 1741 3464 aliter
1789 3422 1906 3464 non
1953 3402 2105 3463 licet.

235 3613 285 3652 ‚0
1402 3586 1496 3633 DE
1541 3585 1828 3635 GAslssvs

486 3670 700 3754 Graeci
732 3711 903 3753 casus
935 3692 1156 3753 habent
1186 3694 1448 3773 quinque
1496 3701 1751 3761 tantum,
1802 3694 2227 3754 nominativum
2275 3693 2609 3770 genetivum
2647 3691 2902 3753 dativum

310 3796 714 3858 accusativum
762 3802 819 3854 et
863 3796 1208 3855 vocativum.
1279 3795 1503 3856 idcirco
1548 3794 1866 3856 ablativum
1912 3793 2180 3876 plerique
2228 3795 2383 3854 varie
2431 3791 2756 3874 appellant:
2806 3793 2904 3854 alii

310 3898 481 3961 illum
542 3898 748 3958 dicunt
802 3905 1031 3958 sextum
1085 3917 1117 3958 a
1173 3916 1451 3968 numero,
1511 3896 1610 3959 alii
1666 3897 1833 3959 illum
1890 3898 2133 3957 latinum
2196 3905 2404 3957 vocant
2462 3897 2538 3955 ab
2595 3916 2697 3966 eo,
2746 3895 2902 3975 quod

312 4002 533 4063 Graeci
577 3998 740 4060 illum
789 4017 907 4059 non
954 3998 1240 4069 habeant,
1289 3999 1393 4062 sed
1438 3999 1716 4081 specialis
1762 4008 1853 4061 est
1895 3999 2220 4060 latinitatis,

239 4123 286 4164 ³⁵
483 4099 669 4163 Plane
726 4102 1051 4178 quaesitum
1110 4108 1224 4171 est,
1284 4110 1480 4164 utrum
1541 4103 1934 4163 nominativus
1990 4120 2164 4163 casus
2220 4109 2394 4163 esset.
2487 4108 2545 4163 et
2600 4103 2650 4162 si
2698 4118 2903 4163 verum
2925 4116 3045 4179 433,
3074 4118 3134 4166 12

451 4357 488 4409 3
531 4358 785 4421 quomodo
834 4367 1047 4424 possunt
1085 4359 1249 4409 ABG
1385 4360 1417 4410 5
1456 4360 1590 4422 quod
1626 4375 1715 4409 om.
1758 4358 1932 4409 ABG
2068 4358 2429 4426 expugnabilis
2481 4358 2598 4409 ideo
2637 4355 2787 4407 uideo
2824 4358 2901 4406 in-

311 4429 680 4496 expugnabilis
717 4429 832 4480 ideo
868 4429 1016 4479 uideo
1044 4429 1094 4478 A
1240 4427 1436 4494 videor]
1466 4430 1613 4480 uideo
1640 4430 1745 4481 BG
1881 4428 1915 4478 8
1949 4428 2041 4480 sed
2077 4444 2166 4478 om.
2206 4431 2284 4490 A,
2315 4429 2440 4481 add.
2477 4445 2512 4479 a
2650 4428 2801 4476 etiam
2839 4428 2902 4477 de

309 4500 551 4567 plurimis
587 4500 637 4547 A
743 4502 806 4551 14
842 4499 892 4548 in
929 4500 1232 4549 contrarium
1274 4498 1495 4567 positum
1529 4501 1570 4550 G
1676 4500 1739 4550 15
1779 4497 1956 4566 habes]
1999 4498 2150 4548 habet
2184 4499 2354 4551 ABG
2493 4498 2556 4549 17
2594 4498 2900 4563 significatio

312 4571 364 4619 in
409 4571 704 4620 damnatam
743 4570 798 4622 G.
836 4569 1066 4629 fortasse
1098 4571 1304 4619 damnat
1333 4570 1479 4618 istam
1518 4570 1935 4636 compositionem
2042 4567 2110 4619 20
2146 4570 2280 4621 idem
2317 4580 2394 4622 εει
2436 4569 2570 4632 quod
2612 4568 2901 4633 pugnabilis

313 4651 362 4692 et
398 4640 767 4707 expugnub:lis
803 4639 936 4689 idem
972 4650 1049 4690 est
1085 4640 1167 4690 ille
1202 4640 1278 4690 Cb
1319 4640 1452 4688 idem
1486 4649 1563 4691 est
1595 4639 1731 4703 quod
1764 4639 2056 4704 pugnabilis
2090 4649 2138 4688 et
2171 4639 2534 4708 expugnabilis
2570 4639 2654 4687 ille
2680 4639 2729 4687 B
2765 4637 2900 4687 idem

312 4720 390 4761 est
431 4710 521 4760 ille
559 4710 645 4759 A:
694 4710 827 4773 quod
870 4711 1165 4777 pugnabilis
1199 4718 1250 4759 et
1292 4710 1648 4775 expugnabilis
1685 4710 1819 4757 idem
1854 4719 1930 4758 est
1968 4714 2018 4760 in
2055 4726 2210 4775 marg.
2246 4728 2279 4760 a
2418 4711 2483 4761 24
2524 4708 2765 4772 numquid
2799 4707 2899 4757 tale
2992 4712 2997 4717 '

313 4790 391 4831 est
430 4780 861 4844 quemadmodum
906 4780 1031 4829 felix
1070 4796 1160 4829 om.
1193 4779 1262 4844 A,
1296 4781 1420 4831 add.
1458 4799 1491 4831 a
1595 4779 1664 4830 28
1698 4778 1940 4831 adhibere
1976 4780 2022 4829 Α
2130 4780 2196 4833 32
2234 4781 2464 4848 plerique
2503 4779 2648 4829 BCa
2678 4778 2898 4845 plerum-

315 4865 413 4914 que
454 4851 503 4899 A
650 4850 716 4902 33
752 4863 1034 4899 υοεεῐιιεο
1074 4850 1235 4900 ABG
