3541 5564
593 346 717 411 184
1717 345 2037 408 ῬΟΜΡΕΙΙ

642 470 685 511 p.
714 457 913 499 199—201
943 455 986 497 1..

593 556 764 618 quem
825 536 895 598 ad
955 536 1194 597 modum
1249 536 1314 597 tit
1366 542 1432 596 ut
1484 537 1544 595 in
1603 541 1895 614 potestate
1954 541 2050 595 tua
2109 536 2186 596 sit
2229 533 2320 596 vel
2375 535 2538 597 illum
2600 555 2802 598 casum
2846 538 3046 598 facere
3091 537 3175 598 vel

596 639 1011 700 elocutionem.
1103 640 1181 698 ita
1227 640 1316 699 tit:
1380 638 1572 698 omnia
1619 655 1769 716 quae
1815 637 2149 698 accusativo
2193 656 2511 717 possumus
2557 657 2690 700 cum
2736 641 3178 719 praepositione

593 744 869 821 iungere,
932 743 980 801 si
1025 744 1339 819 iungamus
1383 740 1575 801 dativo
1622 741 1750 800 sine
1807 741 2277 820 praepositione,
2337 758 2476 801 ecce
2530 742 2615 801 sic
2671 742 2752 802 fit.
2844 759 2986 820 ergo
3032 742 3178 802 baec

545 917 558 925 ,
596 852 684 906 est
728 844 1010 920 elocutio,
1060 863 1211 924 quae
1257 850 1451 923 potest
1495 843 1661 921 iungi
1717 844 2050 903 accusativo
2096 860 2230 903 cum
2277 845 2748 923 praepositione,
2808 845 2859 904 si
2904 844 3176 921 iungatur

594 948 786 1008 dativo
841 949 969 1008 sine
1023 947 1479 1026 praepositione.
1571 944 1653 1005 ‘it
1707 930 1951 1005 clamor‘
1985 947 2047 1006 in
2104 942 2389 1014 caelum',
2455 943 2589 1006 ‘ille
2633 948 2681 1005 it
2723 945 2833 1006 sub
2879 949 3230 1006 murum’25

595 1051 674 1109 ‘it
718 1050 940 1110 clamor
994 1051 1054 1109 iu
1113 1047 1338 1109 caelum
1358 1051 1397 1116 ⁹,
1457 1049 1519 1107 in
1575 1048 1933 1126 praepositio
1991 1054 2106 1116 est,
2155 1047 2383 1108 caelum
2432 1049 2800 1110 accusativus
2846 1054 2965 1108 est:
3045 1045 3181 1107 tolle

595 1151 733 1212 inde
778 1152 1306 1231 praepositionem,
1354 1157 1513 1209 muta
1557 1151 1950 1210 accusativum
1983 1167 2183 1210 casum
2229 1151 2289 1209 in
2337 1148 2623 1220 dativum,
2672 1156 2730 1210 et
2772 1150 2967 1210 fecisti
3017 1148 3178 1220 illud,

597 1255 681 1314 ‘it
737 1252 959 1313 clamor
1016 1250 1234 1312 caelo’.
1329 1252 1407 1311 ‘it
1462 1250 1562 1311 ille
1627 1250 1736 1311 sub
1806 1255 2093 1326 murum',
2162 1251 2272 1313 sub
2339 1253 2697 1332 praepositio
2771 1260 2886 1321 est,
2949 1270 3179 1313 murum

598 1357 965 1417 accusativus
1019 1361 1130 1414 est:
1190 1352 1329 1413 tolle
1384 1353 1523 1414 inde
1575 1353 1711 1423 sub,
1772 1362 1934 1415 muta
1989 1352 2156 1415 illum
2213 1372 2444 1423 casum,
2509 1355 2602 1415 sac
2649 1372 2851 1423 muro,
2900 1362 2960 1416 et
3002 1354 3181 1415 habos

600 1457 770 1527 illud,
832 1454 1125 1517 ‘subeunt
1181 1458 1411 1517 muro'.
1504 1464 1561 1516 et
1620 1454 1761 1525 inde
1818 1457 1926 1517 ista
1974 1456 2167 1516 omnis
2212 1454 2470 1516 elocutio
2514 1456 2596 1517 tlt.
2687 1463 2884 1518 tamen
2929 1456 3180 1535 legimus
3205 1474 3255 1514 ιο

601 1559 953 1639 aliquotiens
999 1557 1153 1636 quod
1203 1557 1454 1620 elocutio
1501 1556 1618 1627 est,
1669 1556 2021 1639 aliquotiens
2066 1557 2220 1638 quod
2269 1565 2509 1620 octavus
2556 1576 2726 1620 casus
2772 1566 2876 1619 est.

370 1677 488 1737 433,
519 1675 583 1724 26
778 1661 945 1722 Scire
1011 1659 1295 1722 debemus
1362 1660 1517 1740 quod
1585 1679 1793 1721 omnes
1858 1678 2027 1738 casus
2082 1661 2273 1721 varios
2327 1658 2552 1721 habent
2606 1662 2817 1722 exitus.
2908 1663 3035 1741 ipsa
3101 1669 3184 1722 est

604 1766 824 1844 optima
872 1761 1219 1831 declinatio,
1281 1783 1431 1843 quae
1487 1765 1548 1823 in
1597 1765 1758 1825 omni
1803 1781 1939 1824 casu
1998 1763 2188 1823 exitus
2243 1763 2427 1822 variat
2473 1761 2641 1843 [puta
2688 1764 3084 1824 nominativus
3126 1765 3181 1823 in

602 1886 672 1928 us
731 1874 796 1926 ut
862 1874 1057 1935 exeat,
1115 1866 1422 1942 genetivus
1476 1866 1536 1925 in
1593 1867 1644 1934 i,
1704 1865 1931 1926 dativus
1985 1867 2044 1925 in
2114 1861 2194 1945 o].
2284 1865 2815 1945 quotienscumque
2883 1873 3182 1926 mutantur

604 1987 808 2030 omnes
853 1986 1039 2037 casus,
1087 1975 1227 2028 tunc
1273 1969 1491 2047 optima
1539 1974 1628 2027 est
1673 1966 2004 2037 declinatio,
2052 1974 2117 2026 ut
2161 1973 2252 2026 est
2295 1984 2478 2027 unus:
2528 1985 2666 2028 ecce
2714 1984 2893 2037 unuS,
2944 1969 3184 2028 mutavit
3209 1984 3261 2025 ιε

604 2074 809 2142 unius,
856 2071 1100 2132 mutavit
1143 2071 1270 2139 uni,
1322 2071 1563 2130 mutavit
1607 2088 1810 2130 unum.
1887 2079 2062 2131 erunt
2100 2071 2108 2150 Ι
2148 2067 2499 2130 inflexiones
2543 2071 2604 2130 in
2650 2068 2874 2131 ultimis
2920 2069 3183 2152 syllabis:

600 2173 732 2234 vide
791 2192 865 2234 ne
924 2172 1267 2234 consideres
1324 2175 1557 2252 priores
1611 2171 1893 2253 syllabam
1952 2171 2089 2234 illae
2136 2172 2293 2232 enim
2340 2191 2461 2233 non
2506 2170 2920 2232 inflectuntur:
2983 2191 3186 2235 omnes

601 2276 951 2337 inflexiones
996 2278 1057 2336 in
1102 2272 1324 2335 ultimis
1368 2274 1606 2356 syllabis
1650 2275 1817 2336 fiunt.
1878 2275 1960 2336 ibi
1991 2274 2302 2337 considera
2335 2275 2526 2335 exitus
2573 2274 2780 2334 varioS.
2843 2292 2986 2353 ergo
3019 2294 3185 2343 unus,

602 2380 851 2440 mutavit
906 2380 1108 2446 unius,
1169 2379 1413 2438 mutavit
1466 2379 1599 2446 uni,
1658 2378 1906 2440 mutavit
1963 2395 2176 2438 unum:
2236 2395 2443 2437 omnes
2500 2394 2670 2437 casus
2728 2377 2872 2437 varii
2916 2384 3084 2446 sunt,
3132 2385 3238 2437 et·

604 2482 820 2543 dicitur
875 2482 981 2540 ista
1038 2479 1354 2541 declinatio
1409 2480 1756 2560 hexaptota,
1816 2479 1970 2559 quod
2017 2497 2117 2540 sex
2165 2476 2344 2539 habet
2387 2497 2632 2539 casuum
2681 2478 3008 2539 varietates.
3099 2480 3186 2538 in-
3213 2502 3269 2542 20

605 2585 924 2646 veniuntur
968 2581 1320 2661 aliquotiens
1362 2589 1725 2661 pentaptota.
1817 2589 2158 2661 pentaptota
2214 2587 2382 2649 sunt,
2432 2582 2706 2660 quotiens
2751 2581 3013 2660 quinque
3059 2588 3194 2641 sunt

605 2686 921 2747 varietates
973 2691 1032 2744 et
1085 2701 1188 2744 sex
1246 2702 1435 2745 casus.
1528 2693 1588 2744 et
1644 2703 1759 2764 quo
1815 2682 1993 2744 modo
2048 2691 2241 2763 potest
2285 2683 2414 2743 fieri
2457 2689 2522 2742 ut
2567 2700 2671 2742 sex
2715 2701 2887 2743 casus
2932 2685 3194 2761 quinque

606 2787 865 2849 habeant
919 2788 1268 2848 varietates?
1339 2782 1426 2867 [et
1482 2787 1780 2867 quomodo
1835 2793 2030 2867 potest
2084 2787 2214 2848 lieri
2279 2784 2457 2866 hoc‘Z]
2518 2786 2570 2845 si
2625 2787 2743 2846 sint
2798 2785 2913 2845 duo
2973 2784 3194 2847 similes

611 2909 801 2952 casus.
891 2898 1025 2970 puta
1073 2891 1123 2950 si
1168 2892 1563 2951 nominativus
1607 2898 1665 2949 et
1709 2890 2007 2950 vocativus
2054 2906 2092 2942 ff
2163 2891 2226 2950 in
2273 2907 2342 2948 us
2388 2896 2620 2948 exeunt.
2713 2906 2850 2949 ecce
2897 2906 3077 2968 quem
3123 2886 3193 2947 ad

610 2992 850 3055 modum
897 2993 961 3053 fit
1003 2999 1440 3072 pentaptotum,
1492 3001 1555 3053 ut
1598 2992 1736 3053 huic
1783 2992 1957 3053 docto
2003 3000 2062 3051 et
2103 2991 2176 3052 ab
2220 2991 2334 3051 hoc
2382 2989 2575 3050 docto.
2647 2991 2765 3051 iam
2809 2988 2990 3052 habet
3033 2992 3190 3051 simi-
3217 3013 3275 3054 ss

608 3095 723 3156 lem
783 3094 1041 3155 dativum
1102 3102 1159 3154 et
1212 3093 1559 3163 ablativum,
1617 3094 1755 3154 huic
1812 3094 1986 3154 docto
2045 3100 2104 3153 et
2159 3092 2232 3153 ab
2290 3093 2404 3153 hoc
2460 3091 2662 3152 docto:
2723 3110 2857 3152 nam
2917 3100 2977 3152 et
3021 3090 3194 3153 docto

611 3197 864 3258 dicimus
921 3196 1113 3257 dativo
1169 3205 1226 3256 et
1282 3196 1455 3257 docto
1513 3196 1763 3256 dicimus
1820 3194 2090 3257 ablativo.
2182 3194 2279 3254 hic
2336 3194 2543 3254 doctus
2599 3193 2776 3254 huius
2845 3193 3004 3253 docti
3062 3193 3195 3255 huic

612 3302 785 3361 docto
831 3299 989 3361 hunc
1035 3298 1272 3359 doctum
1322 3306 1381 3358 et
1424 3318 1458 3358 o
1503 3298 1704 3366 docte;
1753 3316 1891 3358 ecce
1938 3295 2119 3357 habes
2163 3303 2590 3376 pentaptotum.
2654 3303 3037 3375 tetraptotum
3087 3305 3193 3364 est,

610 3405 887 3483 quotiens
932 3409 1213 3481 quattuor
1255 3408 1397 3461 sunt
1439 3403 1779 3472 varietates,
1828 3419 1928 3460 sex
1974 3407 2173 3460 tamen
2217 3417 2403 3460 casus.
2466 3417 2641 3479 quem
2690 3398 2759 3459 ad
2806 3398 3052 3459 modum
3095 3417 3198 3460 au·

613 3513 732 3566 tem
787 3506 884 3565 fit?
959 3506 1232 3584 quotiens
1288 3505 1678 3565 nominativus
1736 3511 1795 3563 et
1850 3504 2174 3575 vocativus,
2236 3501 2462 3562 dativus
2520 3511 2577 3562 et
2620 3503 2927 3579 genetivus
2974 3500 3282 3564 similesao

613 3614 776 3669 sunt:
836 3614 973 3687 puta
1030 3605 1126 3666 hic
1183 3605 1309 3666 dies
1366 3615 1426 3665 et
1481 3625 1515 3665 o
1571 3605 1726 3674 dies;
1786 3606 1848 3664 iu
1896 3623 1959 3665 es
2005 3606 2123 3665 exit
2167 3612 2516 3684 utrumque;
2574 3602 2748 3663 huius
2793 3602 2913 3663 diei
2959 3611 3017 3664 et
3063 3604 3200 3664 huic

612 3710 761 3778 diei;
813 3727 951 3769 ecce
996 3709 1141 3768 duas
1184 3709 1522 3776 varietates;
1569 3707 1727 3767 hunc
1775 3707 1930 3767 diem
1976 3713 2035 3766 et
2077 3705 2152 3783 ab
2184 3706 2297 3766 boc
2328 3705 2453 3775 die,
2503 3724 2642 3765 ecce
2687 3712 2966 3782 quattuor
3009 3707 3199 3766 varie·

613 3819 781 3872 tates.
873 3813 1177 3890 triptotum
1235 3818 1351 3880 est,
1411 3812 1684 3887 quotiens
1738 3817 1864 3869 tres
1918 3816 2056 3869 sunt
2110 3805 2442 3892 varietaltes
2498 3816 2557 3868 et
2600 3826 2704 3869 sex
2749 3827 2956 3877 casuS,
3004 3816 3069 3869 ut
3112 3819 3201 3869 est

612 3913 928 3993 templum:
998 3914 1112 3973 boc
1170 3912 1483 3992 templum,
1541 3912 1654 3972 hoc
1710 3910 2031 3991 templum,
2091 3931 2125 3971 o
2183 3910 2497 3991 templum,
2556 3908 2615 3970 id
2673 3917 2761 3971 est
2803 3912 3241 3972 nominativus,

614 4017 976 4078 accusativus
1031 4023 1089 4076 et
1141 4016 1438 4076 vocativus
1494 4033 1678 4076 unum
1735 4016 1957 4075 exitum
2012 4013 2259 4082 habent;
2316 4015 2457 4074 item
2518 4013 2745 4073 dativus
2790 4019 2849 4072 et
2892 4010 3279 4082 ablativuS,35

615 4119 751 4179 huic
817 4117 1039 4197 templo
1108 4126 1165 4177 et
1230 4115 1304 4178 ab
1370 4117 1483 4177 hoc
1555 4115 1802 4196 templo;
1871 4124 1929 4176 et
1983 4118 2289 4194 genetivus
2347 4114 2674 4185 dissimiliS,
2745 4115 2918 4175 buius
2973 4113 3198 4194 templi.

615 4223 909 4300 diptotum
964 4228 1080 4291 est,
1141 4221 1415 4297 quotiens
1468 4225 1592 4280 tres
1649 4219 1872 4280 similes
1928 4227 2066 4281 sunt
2121 4237 2292 4280 casus
2349 4226 2409 4279 et
2474 4227 2596 4278 tres
2664 4215 2993 4279 dissimiles.
3086 4216 3198 4277 hoc

755 4441 787 4492 3
818 4444 862 4492 si
893 4444 1167 4508 iungamus
1196 4442 1349 4492 BGa
1386 4442 1428 4491 si
1464 4444 1646 4509 iungas
1679 4441 1729 4490 A
1835 4440 1962 4492 haec
1994 4442 2134 4493 Aoo
2168 4441 2264 4492 hoc
2296 4441 2394 4492 Bo
2491 4439 2525 4491 6
2564 4439 2684 4490 tolle
2716 4440 2834 4489 inde
2873 4469 2941 4479 —
2978 4440 3013 4491 9
3051 4454 3197 4489 accu-

617 4516 812 4565 satiuus
846 4521 923 4564 est
947 4529 1040 4563 om.
1069 4512 1136 4571 Α,
1169 4512 1289 4561 add.
1313 4529 1346 4561 α
1455 4516 1486 4564 7
1523 4514 1573 4562 in
1603 4513 1775 4563 datiuo
1798 4512 1850 4562 B
1861 4512 1902 4562 G
2007 4514 2070 4564 12
2096 4512 2284 4563 habent
2309 4511 2497 4561 habere
2523 4511 2691 4562 ABG
2713 4510 2898 4561 debent
2925 4509 3112 4561 habere
3136 4509 3194 4558 α*

755 4586 822 4635 24
860 4586 912 4634 in
952 4599 1012 4634 us
1051 4590 1239 4631 exeunt
1274 4583 1323 4632 Α
1355 4584 1403 4633 in
1438 4599 1497 4634 us
1538 4591 1719 4633 exeant
1748 4582 1799 4631 B
1811 4583 1926 4633 Ca.-
1955 4591 2359 4648 pentaptotorum
2391 4584 2489 4631 duo
2515 4598 2710 4646 genera
2741 4584 2976 4646 posuisse
3003 4581 3196 4631 videtur

617 4658 985 4720 9rammaticus,
1021 4655 1229 4703 alterum
1259 4668 1424 4705 eorum
1460 4670 1663 4721 quorum
1690 4655 2012 4705 nominativus
2041 4664 2091 4706 et
2109 4655 2363 4705 vocativus
2395 4652 2579 4703 similes
2616 4660 2750 4713 sunt,
2787 4652 2997 4702 alterum
3036 4666 3194 4702 eorum

618 4742 821 4792 quorum
845 4727 1047 4776 dativus
1072 4732 1123 4774 et
1150 4724 1412 4786 ablativus,
1444 4727 1578 4790 quod
1599 4724 1784 4775 accidit
1805 4725 2077 4777 nominibus
2109 4725 2406 4776 nominativo
2430 4724 2678 4786 singulari
2707 4724 2758 4772 in
2787 4738 2846 4772 us
2881 4721 3193 4774 exeuntibus.

616 4800 786 4915 aqufe
821 4798 1046 4917 laganam
1082 4795 1301 4845 indicavi
1328 4818 1331 4831 ·
1433 4796 1502 4847 32
1536 4797 1597 4845 ab
1625 4795 1721 4846 hac
1759 4796 1844 4845 die
1872 4796 2035 4846 ABG
2164 4795 2228 4845 37
2275 4802 2321 4844 et
2351 4802 2454 4843 tres
2490 4793 2766 4844 dissimiles
2805 4791 2950 4843 BOa
2999 4802 3048 4843 et
3093 4798 3192 4841 tres

619 4880 731 4916 sum
757 4881 811 4915 es
