3541 5564
1517 1180 2179 1338 E'v‘chffls

1301 1443 1568 1531 ARS
1661 1445 1839 1527 DE
1934 1445 2416 1530 VERBO

731 1833 1050 1920 ‘Eutychi
1095 1833 1506 1918 grammatici
1551 1831 1635 1896 de
1680 1829 2126 1895 discernendis
2173 1832 2738 1917 coniugationibus
2786 1832 2936 1898 libri
2982 1831 3136 1897 duo’

562 1936 720 2001 editi
766 1944 917 1999 sunt
959 1957 1000 1999 a
1042 1933 1375 2000 Ioachimo
1422 1933 1793 1998 Camerario
1839 1955 1972 1997 una
2015 1955 2159 1996 cum
2190 1932 2401 1998 Mario
2432 1935 2772 2000 Victorino
2818 1945 2883 2000 et
2927 1934 3141 2000 Servii

562 2037 950 2124 quibusdam
996 2035 1236 2101 libellis
1281 2035 1622 2120 Tubingae
1667 2057 1729 2099 a.
1769 2035 1931 2100 1537
1950 2038 2032 2118 *).
2079 2044 2229 2121 post
2270 2035 2439 2100 hunc
2483 2035 2829 2100 Putschius
2876 2034 3139 2101 eosdem

563 2140 761 2205 libros
808 2138 1108 2204 exhibuit
1150 2143 1270 2202 ‘ex
1315 2138 1538 2223 scripti
1584 2118 1891 2216 codi'cis',
1939 2146 2014 2202 ut
2043 2139 2173 2218 ait,
2222 2136 2680 2220 ‘lectionibus‚
2726 2160 2887 2225 quas
2917 2138 3140 2202 huma-

560 2241 826 2305 nissime
893 2239 1343 2327 suppeditavit
1416 2238 1684 2303 Clariss.
1763 2239 1948 2304 Ioan.
2015 2238 2360 2323 Wouwer,
2449 2239 2696 2305 utiliter
2770 2249 2997 2306 auctos
3074 2249 3141 2304 et

560 2342 996 2409 emendatos’.
1086 2341 1363 2428 denique
1423 2340 1917 2406 Lindemannus
1980 2363 2088 2406 eos
2154 2364 2236 2406 ex
2302 2341 2526 2407 codice
2592 2342 2901 2407 Bobiensi
2966 2363 3139 2406 nunc

561 2444 1058 2511 Vindobonensi
1091 2443 1169 2507 16
1212 2442 1568 2508 recensitos
1601 2441 1808 2508 edidit
1850 2444 1918 2506 in
1959 2443 2166 2529 primo
2198 2442 2526 2509 volumine
2569 2444 3139 2529 grammaticorum

560 2546 929 2613 latinorum.
1019 2567 1060 2610 a
1122 2566 1225 2609 me
1288 2552 1502 2608 autem
1560 2542 1644 2609 ad
1700 2567 1936 2611 novam
1995 2544 2339 2609 editionem
2407 2546 2765 2633 parandam
2831 2555 3143 2632 quattuor

563 2648 842 2714 adhibiti
898 2657 1051 2713 sunt
1107 2646 1256 2710 libri
1313 2668 1510 2711 manu
1573 2647 1832 2734 scripti,
1887 2647 2265 2728 Bobiensis,
2337 2647 2394 2710 is
2460 2669 2586 2734 quo
2650 2646 3137 2713 Lindemannus

564 2774 716 2817 usus
763 2760 907 2816 erat
939 2749 1086 2838 (B),
1131 2747 1467 2814 Parisinus
1515 2744 1678 2814 7498
1718 2749 1863 2833 (Ρ),
1920 2748 2335 2816 Monacensis
2395 2750 2601 2815 19454
2653 2748 2805 2814 olim
2852 2750 3140 2836 Tegern-

562 2854 809 2920 seensis
861 2853 1026 2918 1454
1070 2851 1154 2936 (t)
1169 2899 1188 2934 ‚
1255 2851 1665 2917 Monacensis
1711 2852 1880 2916 6416
1935 2851 2088 2918 olim
2130 2853 2571 2938 Frisingensis
2615 2852 2741 2917 216
2786 2853 2896 2938 (f).
2984 2875 3139 2939 quo-

561 2979 704 3022 rum
771 2954 1270 3042 antiquissimus
1337 2963 1438 3018 est
1500 2952 1846 3017 Bobiensis
1910 2964 2142 3020 octavo
2206 2953 2312 3019 vel
2372 2953 2682 3042 septimo,
2726 2964 2801 3020 ut
2856 2953 3139 3034 videtur,

563 3057 822 3124 saeculo
871 3056 1183 3143 scriptus:
1232 3056 1316 3119 cf.
1362 3052 1492 3119 vol.
1539 3054 1638 3119 IV
1682 3057 1891 3141 praef.
1937 3080 2001 3144 p.
2048 3055 2201 3138 VII,
2247 3053 2601 3121 Endlicher
2643 3056 2783 3125 cod.
2828 3055 3138 3143 philolog.

567 3161 773 3226 Latin.
818 3159 979 3224 bibl.
1029 3155 1238 3222 Palat.
1285 3155 1571 3222 Vindob.
1620 3180 1683 3243 p.
1731 3157 1859 3223 215
1903 3181 2041 3245 sqq.
2128 3156 2447 3244 Eutychis
2504 3180 2609 3222 ars
2655 3158 2900 3244 scripta
2943 3167 3045 3223 est
3088 3158 3138 3222 f.

560 3261 831 3327 57—68
887 3261 1132 3324 omissa
1185 3256 1641 3344 inscriptione,
1700 3281 1820 3346 pro
1874 3283 2002 3347 qua
2058 3259 2411 3325 recentiore
2454 3282 2652 3325 manu
2697 3261 2942 3346 scripta
2987 3270 3141 3324 sunt

564 3365 719 3429 haec
736 3411 755 3444 ‚
807 3349 1025 3442 'incipit
1076 3365 1227 3426 liber
1282 3366 1521 3440 primus
1582 3367 2033 3427 coniuntionum
2087 3369 2217 3427 siue
2271 3368 2736 3427 declinationum
2787 3368 3139 3440 yrammati-

560 3473 782 3530 catium
799 3513 817 3548 ‚
881 3470 1025 3529 Cum
1078 3483 1314 3543 semper
1365 3483 1563 3527 nouas
1614 3501 1700 3514 —-
1751 3484 1878 3528 esse
1930 3475 2342 3529 monstratum.
2431 3470 2544 3528 deo
2592 3470 2834 3542 oratius
2887 3471 3141 3544 explicit

555 3570 827 3645 feliciter
869 3588 975 3630 ars
1018 3572 1244 3647 eutycii
1278 3572 1681 3644 yrammate‘ci.
1744 3575 2104 3653 sequuntur
2145 3587 2355 3652 pauca
2399 3565 2479 3631 de
2525 3564 3000 3653 deponentibus
3033 3565 3136 3631 vel
3161 3573 3185 3584 “

561 3668 1012 3734 communibus
1059 3666 1314 3750 verbis,
1371 3688 1537 3754 quae
1591 3668 1659 3730 in
1704 3665 2028 3755 plerisque
2072 3668 2409 3734 codicibus
2454 3689 2597 3731 cum
2644 3666 2946 3754 Eutyche
2988 3689 3137 3733 con·

697 3873 750 3942 ¹¹²)
788 3847 1064 3941 Principis
1103 3873 1361 3925 editionis
1385 3872 1475 3923 hic
1513 3886 1596 3924 est
1632 3874 1858 3925 titulus:
1897 3872 2289 3925 ‘Continentur
2323 3874 2428 3925 hoc
2463 3874 2606 3925 libro
2642 3876 2849 3941 optima
2889 3878 2944 3924 et
2980 3890 3135 3940 prae·

563 3960 873 4012 clarissima
918 3961 1159 4026 scripta,
1207 3959 1344 4025 quod
1381 3959 1505 4024 ipsa
1541 3959 1761 4010 scilicet
1800 3959 2111 4013 ostendent.
2181 3959 2342 4009 Marii
2379 3959 2649 4010 Victorini
2688 3961 3046 4010 Grammatici
3081 3966 3138 4010 et

561 4045 832 4110 Rhetoris,
871 4047 953 4096 De
992 4044 1388 4110 orthographia
1424 4047 1483 4093 et
1517 4045 1734 4095 ratione
1774 4045 2071 4095 carminum
2109 4044 2235 4094 libri
2273 4046 2399 4096 1111.
2439 4046 2615 4096 Servii
2653 4045 2922 4095 Honorati
2947 4045 3138 4095 Gram-

561 4131 750 4181 matici
786 4130 853 4181 de
892 4130 1124 4196 pedibus
1159 4145 1415 4181 uersuum
1454 4128 1696 4181 libellus.
1745 4130 1985 4195 Eutychi
2024 4129 2292 4179 auditoris
2328 4130 2619 4193 Prisciani,
2656 4129 2724 4178 de
2761 4130 3138 4181 discernendis

558 4216 847 4266 uerborum
909 4215 1418 4282 coniugationibus.
1494 4215 1672 4266 Servii
1726 4214 1890 4265 Marii
1944 4214 2243 4277 Honorati,
2289 4214 2372 4264 De
2428 4214 2759 4280 syllabarum
2807 4215 3133 4278 quantitate.

549 4300 843 4363 Quaedam
882 4316 1026 4351 nunc
1064 4302 1310 4367 primum,
1349 4301 1622 4366 quaedam
1659 4315 1820 4352 secus
1857 4315 2018 4366 quam
2053 4300 2204 4365 prius
2241 4300 2296 4348 in
2335 4299 2510 4349 lucem
2550 4299 2717 4360 edita,
2757 4314 2878 4349 cum
2915 4299 3138 4350 assidua

562 4401 693 4436 cura
729 4389 786 4436 et
821 4385 1002 4437 studio
1039 4386 1314 4452 diligenti.
1385 4386 1591 4448 Quodsi
1637 4401 1748 4435 non
1794 4384 1935 4436 male
1984 4384 2222 4451 positum
2259 4384 2431 4435 fuisse
2471 4385 2933 4451 intellexerimus,
2982 4384 3133 4435 dabi-

561 4486 679 4520 mus
716 4486 939 4537 operam
986 4475 1047 4521 ut
1092 4473 1260 4521 etiam
1311 4471 1542 4537 posthae
1582 4470 1809 4522 officina
1845 4473 2035 4521 nostra
2071 4471 2230 4535 quasi
2266 4469 2589 4520 robustioris
2627 4469 2982 4528 eruditionis,
3029 4485 3134 4520 non

561 4554 821 4620 uulgares
867 4556 1051 4606 foetus
1096 4556 1365 4622 producat
1411 4560 1576 4621 atque
1627 4555 1791 4606 edat.=
1843 4556 1926 4606 Ab
1972 4554 2201 4605 Vlricho
2238 4553 2530 4604 Morlnardo
2566 4554 2886 4620 'rubingam
2924 4557 3024 4606 An.
3062 4554 3138 4604 M.

560 4640 629 4688 D.
667 4640 940 4690 XXXVII.
977 4639 1126 4692 Prid.
1167 4640 1394 4693 Calend.
1436 4640 1731 4708 Septemb.’
1778 4641 1834 4690 in
1882 4639 2231 4705 praefatione
2279 4639 2546 4690 Ioachimi
2584 4638 2890 4690 Camerarii
2927 4639 3134 4690 Marius

561 4724 872 4774 Victoriana
910 4741 938 4774 e
977 4725 1169 4775 codice
1206 4726 1430 4775 Ioannis
1467 4726 1719 4776 sichardi
1757 4724 1939 4774 editus
1977 4740 2096 4774 esse
2133 4725 2350 4775 dicitur.
2423 4723 2490 4774 de
2526 4724 2793 4788 Eutychis
2830 4724 3017 4776 codice
3055 4726 3135 4774 ni·

561 4807 640 4857 hil
677 4809 976 4858 indicatum
1015 4816 1100 4860 est
1137 4811 1206 4860 ab
1246 4809 1474 4860 editore.
