3541 5564
560 347 687 412 318
1715 349 1993 413 mimi

561 538 808 599 rationis
853 556 1098 618 capaces
1141 534 1309 607 sunt,
1358 540 1509 599 sicut
1554 547 1612 598 et
1668 538 1959 598 homines.
2050 538 2190 599 dum
2234 538 2381 598 dixit
2428 535 2713 598 ‘mortale
2730 542 2767 606 ’,
2814 538 3143 616 segregavit

561 638 635 699 ab
681 639 922 718 angelis
972 648 1031 701 et
1076 640 1187 700 lioc
1232 639 1393 715 dixit,
1443 638 1600 719 quod
1647 657 1965 701 commune
2010 638 2186 700 habet
2230 640 2408 700 homo
2440 658 2572 699 cum
2605 639 2955 700 animalibus
2999 640 3139 700 bru-

560 743 663 810 tis,
722 744 858 822 quia
915 742 1186 803 animalia
1246 741 1417 803 bruta
1476 743 1839 812 moriuntur,
1888 744 2040 802 sicut
2085 751 2143 803 et
2197 741 2488 802 homines.
2577 741 2715 801 dum
2762 741 2907 802 dixit
2953 743 3141 802 ‘risus

559 848 795 923 capax',
843 846 1172 922 segregavit
1215 843 1289 904 ab
1335 843 1561 923 angelis
1608 852 1665 904 et
1708 844 1781 903 ab
1829 843 2181 905 animalibus
2228 843 2450 915 brutis,
2499 850 2558 903 et
2602 844 2716 904 hoc
2761 844 2933 913 dixit,
2984 843 3138 923 quod

559 954 799 1028 tantum,
835 946 1010 1007 modo
1057 946 1283 1006 homini
1328 947 1572 1016 accidit,
1621 965 1739 1007 non
1773 946 1903 1007 aliis
1932 946 2141 1018 rebuS,
2189 947 2323 1027 quia
2367 945 2527 1006 solus
2571 944 2749 1006 homo
2794 945 2973 1016 ridet,
3023 964 3140 1006 non
3167 962 3193 1001 5

560 1046 670 1108 alia
717 1067 831 1109 reS.

643 1164 801 1205 .05R.

611 1175 637 1215 p
727 1236 808 1295 Da
855 1254 1071 1296 nomen
1116 1235 1271 1315 quod
1317 1235 1653 1315 qualitatem
1698 1237 1987 1314 significet
2033 1244 2092 1296 et
2136 1212 2529 1316 comparetur.
2591 1234 2840 1296 Sanctus
2883 1236 3142 1295 sanctior

559 1338 985 1398 sanctissimus.
1078 1338 1158 1397 Da
1226 1338 1382 1415 quod
1452 1340 1837 1416 quantitatem
1912 1339 2204 1417 significet
2272 1345 2331 1399 et
2396 1346 2795 1417 comparetur.
2888 1337 3142 1397 Grandis

558 1440 837 1518 grandior
893 1440 1334 1519 grandissimus,
1426 1441 1507 1501 Da
1562 1440 1716 1519 quod
1776 1439 2114 1521 qualitatem
2172 1449 2229 1501 et
2291 1442 2679 1520 quantitatem
2735 1440 3027 1517 significet
3083 1448 3141 1499 et

559 1561 679 1602 non
717 1552 1110 1629 comparetur.
1170 1542 1497 1604 Perfectus,
1561 1543 1754 1614 Quare
1799 1561 1917 1603 non
1964 1544 2375 1622 comparatur?
2418 1541 2521 1604 Ille
2567 1542 2780 1603 dicitur
2824 1542 3138 1622 persectuS,
3172 1561 3219 1598 ιο

559 1645 659 1722 qui
717 1643 861 1703 nihil
921 1644 994 1704 «le
1051 1664 1157 1705 suo
1211 1646 1461 1705 artificio
1517 1645 1759 1723 indiget.
1850 1646 1966 1704 iam
2024 1647 2072 1705 si
2130 1644 2336 1705 dixero
2382 1645 2732 1724 perfectior,
2781 1644 3020 1704 mentivi
3067 1643 3140 1703 de

559 1744 660 1804 illo
705 1747 937 1825 priore,
986 1747 1116 1826 quia
1165 1746 1356 1807 adhuc
1401 1748 1596 1807 minus
1640 1744 1822 1806 habet
1866 1746 1939 1806 de
1985 1748 2231 1808 artificio
2277 1766 2405 1807 suo.
2461 1746 2588 1817 Quo
2635 1745 2809 1806 inodo
2854 1746 3139 1824 siguificat

558 1843 898 1923 qualitatem
945 1856 1003 1908 et
1047 1850 1469 1927 quantitatem?
1516 1850 1589 1908 Vt
1631 1858 1769 1928 puta
1818 1850 1867 1907 si
1914 1848 2075 1909 dicas
2120 1849 2265 1908 mihi
2309 1847 2481 1929 ‘quid
2525 1849 2637 1908 scit
2666 1846 2960 1917 Audax?’,
3009 1846 3140 1907 dico

558 1951 1011 2026 ‘grammaticus
1058 1954 1200 2010 est'.
1263 1950 1411 2011 dicis
1440 1951 1580 2010 mihi
1630 1950 1782 2030 ‘quo
1814 1950 1991 2010 modo
2035 1948 2178 2010 illud
2221 1952 2403 2009 scit?'
2452 1949 2584 2009 dico
2630 1950 2965 2029 ‘perfectus
2997 1952 3138 2011 est’.

559 2069 696 2111 ecce
754 2051 1020 2130 qualitas.
1110 2054 1250 2113 item
1308 2055 1634 2132 interrogat
1689 2072 1784 2114 me
1830 2052 2032 2112 dicens
2078 2053 2230 2112 ‘scis
2274 2059 2337 2113 tu
2395 2051 2637 2112 illum?’
2697 2052 2910 2111 ‘scio'.
3000 2050 3140 2111 dicit
3168 2072 3217 2110 15

559 2152 701 2212 mihi
749 2157 958 2234 ‘quam
991 2172 1240 2233 magnus
1273 2162 1360 2216 cst
1400 2155 1664 2217 aetate?'
1708 2154 1842 2214 dico
1883 2154 2218 2234 ‘perfectus
2248 2155 2426 2215 homo
2461 2158 2601 2214 est’.
2651 2172 2789 2214 ecce
2822 2153 3134 2232 quantitas,

1669 2255 1703 2292 ³¹·
1833 2255 1867 2292 t
1998 2254 2032 2291 t

1674 1136 1704 1171 *
1831 1136 1862 1170 8
1993 1133 2028 1172 ³3

608 2299 649 2339 p.
678 2289 742 2327 cc.
768 2289 818 2327 ατ
847 2286 896 2327 n.

726 2359 955 2419 Genera
1002 2376 1184 2436 quare
1231 2358 1421 2419 dicta?
1479 2362 1523 2420 Α
1569 2357 1895 2437 gignendo,
1946 2377 2016 2419 eo
2060 2357 2214 2438 quod
2263 2358 2337 2418 de
2384 2357 2706 2419 masculino
2752 2366 2811 2417 et
2854 2358 3139 2418 feminino

555 2461 829 2521 oriuntur
871 2463 983 2522 ista
1029 2460 1140 2521 alia
1185 2479 1424 2540 genera.
1514 2461 1575 2521 Si
1621 2478 1838 2539 genera
1885 2479 1916 2520 a
1962 2459 2259 2538 gignendo
2305 2460 2489 2529 dicta,
2549 2468 2829 2522 neutrum
2877 2468 2935 2519 et
2979 2478 3139 2520 com-
3188 2536 3199 2542 .

557 2581 766 2633 mune,
812 2561 969 2642 quod
1018 2581 1128 2623 nec
1174 2565 1361 2641 gignit
1406 2581 1513 2624 nec
1558 2563 1848 2640 gignitur,
1895 2581 2002 2623 cur
2049 2561 2267 2621 dictum
2315 2570 2403 2622 est
2446 2563 2667 2639 genus?
2727 2563 3018 2634 Quantum
3065 2561 3138 2622 ad

557 2667 850 2725 rationem
894 2666 1181 2744 pertinet,
1230 2663 1327 2724 illa
1376 2663 1594 2724 debent
1637 2664 1753 2728 dici
1798 2682 2046 2743 genera,
2096 2682 2243 2743 quae
2290 2671 2348 2723 et
2389 2666 2639 2743 gignunt
2685 2673 2743 2724 et
2785 2665 3135 2743 gignuntur3
3165 2683 3217 2724 20

555 2769 664 2828 ista
711 2787 878 2838 vero,
926 2786 1076 2846 quae
1120 2786 1233 2829 uec
1276 2768 1524 2846 gignunt
1568 2785 1678 2828 nec
1731 2768 2079 2846 gignuntur,
2140 2767 2477 2847 usurpative
2522 2766 2676 2828 dicta
2720 2775 2856 2829 sunt
2899 2785 3137 2845 genera,

555 2889 673 2931 non
718 2872 980 2950 proprie.
1072 2870 1234 2941 Quae
1289 2878 1426 2930 sunt
1478 2888 1696 2948 genera
1755 2868 2141 2949 principalia?
2214 2867 2601 2931 Masculinum
2660 2878 2718 2931 et
2772 2870 3134 2930 femininum.

556 2973 751 3044 Quare
807 2972 959 3033 dicta
1019 2971 1401 3053 principalia?
1476 2971 1624 3042 Quia
1683 2990 1753 3031 ex
1808 2971 1954 3050 ipsis
2011 2972 2286 3031 oriuntur
2330 2973 2438 3032 ista
2484 2970 2595 3032 alia
2641 2988 2859 3048 genera
2909 2980 2966 3032 et
3010 2973 3134 3051 ipsa

557 3073 678 3137 sola
735 3084 892 3135 sunt.
982 3073 1178 3144 Quare
1235 3074 1387 3134 dicta
1444 3072 1792 3153 principalia
1859 3071 1948 3132 vel
2006 3070 2128 3132 sola
2207 3074 2465 3151 genera?
2539 3072 2892 3153 Principalia
2961 3073 3135 3159 dicta,

556 3179 693 3254 quia
739 3183 1009 3237 neutrum
1058 3183 1118 3237 et
1161 3194 1473 3237 commune
1520 3195 1592 3236 ex
1635 3165 1778 3256 ipsis
1824 3176 2128 3244 oriuntur;
2186 3175 2338 3245 sola,
2387 3176 2522 3255 quia
2568 3176 2695 3254 ipsa
2740 3182 2965 3236 tantum
3012 3177 3136 3254 gig·
3163 3196 3216 3235 25

555 3285 705 3340 nunt
749 3286 808 3340 et
850 3280 1188 3357 gignuntur.
1275 3277 1421 3339 Tota
1476 3296 1697 3358 genera
1742 3276 2034 3339 naturalia
2079 3283 2245 3346 sunt,
2304 3296 2378 3338 an
2424 3286 2562 3338 sunt
2606 3296 2678 3337 ex
2723 3284 2848 3338 arte
2893 3278 3138 3338 descen-

555 3379 789 3440 dentia?
854 3380 1007 3440 Sunt
1049 3380 1369 3450 naturalia,
1410 3388 1558 3442 sunt
1602 3399 1673 3440 ex
1718 3388 1847 3441 arte
1890 3378 2330 3440 descendentia.
2423 3378 2582 3449 Quae
2627 3387 2766 3440 sunt
2810 3377 3135 3441 naturalia?

555 3482 732 3542 Cuius
775 3500 1089 3561 personam
1138 3483 1520 3545 considerare
1564 3500 1907 3562 possumus,
1955 3487 2019 3541 ut
2056 3489 2159 3541 aut
2201 3480 2591 3543 masculinum
2638 3483 2716 3542 sit
2760 3488 2862 3541 aut
2905 3481 3135 3541 femiui-

554 3602 715 3644 num.
807 3583 972 3654 Quae
1027 3592 1166 3646 sunt
1221 3604 1292 3645 ex
1348 3592 1474 3645 arte
1530 3582 1987 3645 descendentia?
2056 3584 2233 3645 Cuius
2278 3592 2544 3645 naturam
2591 3583 2969 3643 considerare
3016 3600 3134 3643 non

552 3703 895 3764 possumuS,
954 3692 1018 3747 ut
1075 3694 1167 3747 est
1219 3693 1388 3765 petra
1445 3696 1602 3747 terra
1659 3686 1882 3764 lignum
1932 3691 1990 3745 et
2032 3692 2247 3746 cetera.
2339 3685 2489 3757 Quid
2535 3684 2756 3745 ibidem
2801 3683 3214 3745 faciendumao

554 3789 678 3849 est?
722 3789 1056 3850 Auctoritas
1102 3790 1392 3849 maiorum
1438 3788 1776 3866 quaerenda
1824 3794 1929 3848 est.
1991 3787 2065 3848 Et
2108 3786 2208 3847 ubi
2255 3789 2572 3848 auctoritas
2617 3789 2905 3848 maiorum
2950 3804 3137 3864 genus

553 3889 660 3950 tibi
706 3908 825 3951 non
871 3891 1392 3960 demonstraverit,
1439 3891 1578 3971 quid
1622 3889 1706 3950 ibi
1750 3890 2087 3951 faciendum
2135 3891 2260 3950 est?
2326 3889 2578 3969 Scripsit
2621 3889 2805 3950 Varro
2850 3888 2922 3951 ad
2969 3888 3132 3949 Cice-

552 4006 761 4053 ronem
831 3995 1272 4073 ‘potestatis
1340 4001 1648 4054 nostrae
1706 3999 1819 4053 est
1886 3989 2050 4052 illis
2107 3991 2330 4053 rebus
2385 3991 2557 4053 dare
2602 4009 2902 4070 genera.
2951 4008 3135 4069 quae

551 4112 583 4155 a
632 4104 896 4157 natura
943 4114 1174 4175 genus
1219 4114 1360 4156 non
1407 4093 1735 4156 habent'.
1801 4093 1908 4155 Vbi
1956 4093 2244 4154 discernis
2287 4096 2396 4155 ista
2441 4095 2697 4172 genera?
2742 4092 2807 4154 ln
2854 4092 3133 4153 articulis

553 4195 680 4266 Quo
727 4197 938 4258 modo?
986 4197 1234 4269 Quando
1268 4197 1401 4258 dico
1433 4197 1561 4266 hic,
1606 4216 1718 4277 pro
1765 4193 2091 4257 masculino
2136 4194 2297 4264 dico;
2347 4195 2583 4273 quando
2629 4195 2764 4256 dico
2810 4194 2976 4265 haec,
3024 4214 3133 4275 pro
3161 4216 3214 4255 35

552 4300 840 4360 feminino
897 4299 1058 4367 dico;
1129 4298 1367 4379 quando
1425 4299 1557 4360 dico
1614 4298 1757 4370 hoc,
1818 4317 1928 4379 pro
1975 4306 2190 4359 neutro
2247 4298 2409 4366 dico;
2479 4297 2716 4378 quando
2761 4298 2892 4358 dico
2937 4296 3034 4357 hic
3078 4304 3136 4356 et

692 4506 756 4557 14
790 4502 938 4569 dicis]
987 4504 1106 4552 dicit
1145 4503 1191 4553 R
1331 4506 1391 4555 21
1441 4504 1736 4571 usurpativa
1774 4503 1884 4554 RB
2022 4503 2228 4569 proprie
2262 4502 2313 4552 B
2349 4504 2556 4568 propria
2590 4503 2637 4553 R
2774 4501 2843 4552 32
2883 4500 3136 4552 Varronis

551 4575 829 4625 doctrinam
863 4575 926 4624 de
955 4575 1227 4638 gener-ibus
1257 4577 1520 4635 nominum,
1560 4591 1705 4641 quam
1734 4589 1806 4623 ea:
1841 4574 2000 4643 Plinii·
2030 4574 2173 4625 tibris
2198 4573 2336 4623 dubii
2368 4574 2609 4624 sermonis
2643 4581 2946 4634 acceperunt
2978 4575 3134 4623 inter-

545 4654 724 4708 pretes
751 4646 938 4694 Donati
968 4645 1064 4708 (cf.
1105 4645 1323 4709 Pompei.
1352 4663 1407 4710 p.
1440 4647 1536 4697 154
1563 4646 1643 4695 ed.
1674 4645 1871 4706 Lina),
1901 4647 2057 4695 minus
2082 4651 2320 4693 accurate
2355 4647 2629 4693 retulerunt
2660 4641 2926 4707 Pompeius
2954 4657 3007 4706 p.
3035 4641 3134 4692 143

551 4716 633 4766 ed.
665 4716 818 4764 Lina.
859 4716 1067 4765 Servius
1099 4717 1150 4764 in
1184 4717 1316 4767 Don.
1354 4733 1409 4780 p.
1440 4713 1574 4775 407,
1612 4714 1698 4768 39.
1738 4714 1860 4777 492,
1901 4714 1968 4766 37
2016 4715 2317 4764 Priscianus
2348 4715 2385 4767 l.
2423 4714 2469 4763 V
2503 4729 2558 4775 p.
2592 4712 2718 4772 141,
2751 4715 2783 4761 4
2837 4713 3135 4765 Consentius

545 4801 600 4849 p.
636 4785 773 4836 2023
823 4785 1056 4835 Isidorus
1099 4787 1225 4851 oriy.
1267 4788 1285 4835 l
1325 4786 1388 4850 6,
1425 4787 1512 4840 33.
1558 4787 1608 4834 in
1654 4785 1907 4836 undecimo
1944 4783 2072 4834 libro
2106 4785 2170 4835 de
2206 4785 2239 4837 l.
2276 4786 2312 4834 Ι.
2360 4787 2614 4835 Varronis
2648 4782 2938 4846 fragmenta
2973 4799 3035 4834 ea
3071 4783 3135 4834 de

552 4871 610 4906 re
636 4857 806 4924 posuit
837 4856 1194 4910 Wilmanmius
1224 4858 1289 4909 de
1331 4858 1492 4909 Varr.
1533 4856 1617 4911 lib.
1652 4870 1859 4922 qramm.
1896 4870 1949 4919 p.
1984 4853 2052 4906 32
2089 4861 2137 4905 el
2176 4855 2271 4907 151
2419 4854 2485 4905 34
2523 4851 2573 4920 a]
2615 4868 2679 4904 ex
2721 4854 2770 4903 B
