3541 5564
548 237 630 302 72
1663 234 2011 297 CLEDONll

598 362 640 403 p.
667 350 870 389 1928-ae
898 346 943 387 1‘.

548 430 796 507 cipiuin,
844 428 998 507 quod
1048 447 1078 487 a
1129 425 1308 487 verbo
1356 425 1526 484 venit.
1618 425 1910 484 tunicatus
1955 429 2223 484 comatus
2268 432 2326 484 et
2369 423 2657 501 galeatus,
2721 424 2854 501 quia
2901 421 3120 497 signifi-

313 541 429 599 388,
466 539 522 587 13
547 529 876 591 cationibus
920 537 1154 598 carent,
1201 527 1475 604 ambigua
1532 527 1845 605 participia
1891 534 2045 586 sunt.
2102 559 2169 569 —
2222 527 2320 587 Ex
2364 524 2638 604 quibus
2682 530 2853 585 sunt
2897 524 3121 583 etiam

548 631 707 692 illa:
782 634 892 693 ista
962 630 1139 693 dubia
1194 638 1334 692 sunt
1388 636 1447 688 et
1502 627 1613 689 alia
1669 647 1821 708 quae
1874 634 2154 688 secuntur
2212 627 2323 689 sub
2381 626 2762 708 sequentibus
2817 623 3118 704 exemplis

548 753 685 794 nam
745 742 802 794 et
858 751 1106 814 pransus
1163 739 1221 791 et
1273 738 1517 791 cenatus
1561 728 1717 809 quod
1765 729 2007 797 dicitur,
2055 728 2350 807 prandeor
2395 737 2453 790 et
2497 747 2678 789 cenor
2723 746 2841 788 non
2887 727 3117 787 dicitur.

547 843 687 896 sunt
729 836 1038 914 participia
1068 853 1219 913 quae
1251 852 1283 892 a
1314 831 1508 892 verbis
1553 829 1920 892 neutralibus
1965 831 2208 890 veniunt
2251 839 2311 891 et
2356 839 2551 893 tamen
2595 825 2931 913 praellteriti
2977 836 3120 889 tem·
3147 839 3172 877 5

547 938 708 1017 poris
753 956 864 997 nec
909 956 1028 996 non
1075 944 1133 996 et
1176 935 1389 1004 futuri,
1437 931 1590 1013 quod
1643 930 1811 1015 [non]
1859 934 1919 992 in
1951 932 2061 993 dus
2090 931 2386 1012 syllabam
2404 935 2547 1004 exit,
2595 952 2803 994 sonum
2835 933 3126 992 sustinere

549 1041 957 1118 reperiuntur,
1020 1044 1084 1097 ut
1135 1035 1288 1116 apud
1347 1035 1688 1096 Sallustium
1745 1039 2085 1095 ‘cenatos
2143 1055 2311 1096 esse
2374 1036 2448 1095 in
2510 1035 2838 1096 castris’.
2928 1036 3006 1095 ita
3067 1041 3126 1094 et

549 1139 701 1220 apud
750 1138 1098 1218 Vergilium,
1146 1142 1591 1198 ‘monstrum
1652 1136 2106 1197 horrendum
2149 1138 2465 1214 ingens’.
2556 1156 2712 1198 nunc
2757 1137 2902 1197 haec
2945 1138 3124 1217 parti-

548 1243 699 1320 cipia
770 1259 918 1320 quae
964 1260 994 1300 a
1053 1226 1248 1301 verbis
1293 1237 1302 1322 Ι
1352 1237 1718 1300 neutralibus
1776 1240 2016 1299 veniunt
2073 1240 2374 1318 praeteriti
2431 1238 2516 1299 vel
2573 1240 2755 1300 futuri
2822 1248 3124 1300 auctorum

549 1341 875 1422 probantur
933 1342 1239 1422 exemplis.
1305 1377 1374 1386 --
1434 1344 1651 1403 Amans
1706 1342 1944 1419 sapiens
2002 1349 2061 1401 et
2103 1350 2298 1401 cetera
2345 1340 2581 1419 quando
2625 1350 3023 1422 conparantur
3070 1350 3128 1401 et
3155 1352 3199 1388 ¹⁰

551 1443 828 1504 adverbia
873 1445 1095 1505 faciunt
1140 1453 1198 1505 et
1240 1445 1511 1523 genetivo
1543 1445 1705 1504 casui
1737 1445 2196 1521 coniunguntur,
2247 1441 2439 1523 [quia]
2487 1445 2724 1505 nomina
2770 1452 2923 1514 sunt,
2972 1443 3130 1505 unde

551 1544 861 1606 Sallustius
919 1546 1184 1607 ‘alieni
1255 1552 1661 1626 appetenS,x
1725 1546 1838 1605 sui
1892 1546 2311 1624 profusus'‚
2381 1547 2751 1623 ‘fugitans
2820 1545 3125 1615 litium’,

549 1649 827 1726 quoniam
881 1650 1193 1728 participia
1251 1666 1361 1708 nec
1415 1654 1816 1728 conparantur
1871 1665 1982 1707 nec
2036 1646 2311 1708 adverbia
2378 1648 2603 1708 faciunt
2656 1657 2714 1709 et
2782 1649 3128 1718 accusativo,

461 1765 523 1812 15
549 1768 668 1810 non
725 1752 996 1828 genetivo
1052 1752 1391 1828 iunguntur.
1457 1784 1526 1793 —
1590 1750 1672 1809 Vt
1715 1767 2060 1828 pransuS,
2109 1757 2437 1811 cenatus:
2487 1756 2725 1827 rogatus
2769 1758 2828 1810 et
2871 1757 3128 1820 cenatus,

552 1853 602 1912 si
659 1851 730 1911 ad
787 1851 1090 1913 hominum
1147 1851 1427 1912 vocabula
1485 1860 1913 1930 contorqueas,
1973 1853 2210 1933 nomina
2268 1860 2434 1919 sunt;
2495 1853 2544 1912 si
2590 1871 2729 1912 vero
2775 1851 2848 1912 ad
2895 1861 3129 1931 tempus
3156 1858 3202 1898 ¹5

462 1968 524 2016 18
549 1955 808 2034 propriis
864 1967 1001 2015 sunt
1055 1953 1400 2015 nominibus
1455 1953 1714 2023 adiecta,
1773 1953 2097 2032 participia.
2158 1987 2243 1996 —
2297 1953 2466 2014 Nam
2525 1972 2752 2015 noceo
2818 1953 3129 2022 dicitur,

550 2058 872 2117 innoceo
918 2076 1058 2117 non
1104 2056 1412 2117 dicitur:
1460 2074 1646 2117 noceo
1679 2074 1900 2116 nocens
1932 2053 2276 2133 simpliciter
2307 2054 2590 2124 dicimus,
2637 2058 2890 2116 innoc-eo
2937 2056 3132 2116 facere

458 2173 524 2219 20
550 2177 669 2219 non
724 2166 938 2237 potest.
996 2193 1079 2203 —
1138 2158 1327 2219 Sunt
1379 2157 1634 2218 multa:
1705 2176 1913 2236 passus
1978 2158 2352 2237 participium
2420 2158 2656 2238 quando
2714 2157 2978 2227 declino,
3037 2157 3132 2218 bic

549 2278 761 2339 passus
816 2259 987 2321 huius
1043 2262 1205 2338 passi
1264 2260 1433 2327 sacit;
1493 2259 1591 2319 hic
1644 2278 1851 2339 passus
1908 2259 2085 2319 buius
2143 2278 2348 2338 passus
2402 2278 2639 2321 nomen.
2734 2256 3021 2339 silmiliter
3078 2268 3136 2320 et

554 2364 713 2423 visus
772 2360 988 2422 cultus:
1054 2378 1191 2421 nam
1247 2360 1347 2421 ille
1401 2363 1711 2439 genetivus
1766 2363 1828 2420 in
1884 2361 1932 2430 i,
1989 2359 2087 2420 ille
2145 2362 2204 2421 in
2263 2380 2350 2422 ηε.
2442 2380 2577 2422 nam
2620 2363 2670 2422 si
2717 2363 2954 2422 nomina
2999 2368 3206 2422 summ

460 2478 520 2525 21
551 2483 669 2524 non
715 2463 935 2524 habent
982 2474 1275 2542 tempora,
1334 2465 1386 2523 si
1430 2464 1734 2544 participia
1778 2470 1945 2530 sunt,
1993 2461 2213 2523 habent
2257 2472 2542 2543 tempora.
2601 2498 2668 2507 —
2718 2464 3134 2543 Participia

554 2566 805 2626 eadem
854 2573 925 2625 et
969 2567 1294 2632 nomina,
1344 2572 1418 2625 ut
1462 2583 1721 2643 passus
1766 2564 1972 2624 visus
2030 2563 2261 2643 (horum
2305 2566 2749 2645 participiorum
2780 2566 3135 2627 vocabulum

555 2667 670 2728 tale
716 2674 831 2736 est,
883 2667 1038 2747 quod
1085 2685 1196 2727 nec
1241 2668 1545 2747 participia
1577 2682 1702 2726 ‘nec
1748 2666 2016 2735 nomina,
2065 2667 2169 2727 sed
2216 2675 2353 2728 sunt
2396 2669 2635 2728 nomina
2679 2670 3012 2749 participiis
3056 2671 3130 2729 si-

463 2787 527 2835 23
553 2769 736 2850 milia)
783 2768 1056 2830 cultus:
1139 2764 1509 2850 [coeptusz
1567 2768 1908 2848 praeteriti;
1965 2788 2252 2849 praesens
2306 2789 2564 2850 coepens
2620 2791 2739 2832 non
2796 2772 2954 2832 facit.
3037 2790 3131 2832 ur-

552 2872 822 2952 guendus
875 2873 1196 2953 praeterito
1247 2891 1368 2933 non
1428 2872 1568 2932 facit
1622 2890 1816 2932 ursus,
1909 2871 2251 2950 urguendus
2315 2892 2575 2951 urguens
2648 2868 2831 2955 facit]
2923 2892 3134 2952 passus
3158 2877 3208 2916 ²5

553 2994 767 3035 nomen
828 2983 942 3043 est,
1002 2973 1237 3053 quando
1293 2973 1542 3052 gradum
1599 2974 1917 3051 significat:
1977 2975 2383 3053 participium,
2455 2975 2691 3051 quando
2751 2974 2966 3054 aliquid
3027 2994 3136 3036 nos

553 3095 868 3157 perpessos
913 3076 1307 3146 demonstrat;
1359 3084 1418 3136 et
1456 3075 1692 3156 quando
1725 3092 1944 3136 nomen
1991 3085 2094 3144 est,
2130 3085 2373 3156 quartae
2419 3075 2854 3147 declinationis;
2904 3077 3137 3156 quando

554 3179 945 3259 participium,
996 3178 1310 3240 secundae.
1392 3180 1575 3248 visuS,
1624 3176 1860 3255 quando
1906 3175 1980 3237 ab
2025 3177 2140 3238 alio
2186 3197 2297 3239 nos
2343 3179 2527 3239 videri
2573 3179 2952 3247 ostendimus,
3000 3199 3134 3260 par·

464 3297 529 3344 ‘23
557 3282 819 3362 ticipium
868 3289 982 3348 est;
1033 3280 1266 3360 quando
1311 3282 1495 3341 visum
1542 3283 1764 3359 ipsum,
1814 3298 2031 3340 nomen
2080 3288 2185 3341 est.
2234 3314 2317 3324 —
2365 3282 2452 3340 Vt
2497 3289 2610 3342 est
2663 3290 2970 3361 coeptus
3015 3301 3133 3343 ur-

553 3383 918 3462 guendus:
968 3381 1065 3442 alii
1112 3383 1350 3460 quidem
1381 3381 1585 3443 volunt
1628 3381 1973 3459 urguendus
2002 3400 2179 3443 ursus
2221 3384 2450 3451 facere,
2496 3383 2651 3444 unde
2699 3392 2757 3443 et
2802 3386 2923 3444 ursi
2969 3383 3133 3451 dicti,
3161 3387 3209 3425 ³⁰

560 3488 566 3569 Ι
617 3484 772 3563 quod
821 3505 885 3546 se
932 3494 1181 3563 urgeant
1225 3484 1552 3555 currendo,
1602 3493 1661 3545 et
1707 3502 1892 3563 urgeo
1939 3486 2081 3544 ursi.
2157 3503 2255 3544 ars
2300 3484 2539 3562 quidem
2585 3484 2733 3545 haec
2775 3485 2984 3556 habet,
3031 3485 3135 3546 sed

556 3587 852 3667 euphonia
909 3606 1087 3648 sonos
1139 3589 1288 3648 istos
1345 3586 1584 3647 sustulit
1642 3586 1716 3647 de
1773 3586 2206 3647 consuetudine
2264 3595 2321 3646 et
2366 3587 2720 3648 defectivum
2767 3588 3137 3667 participium

463 3705 529 3754 ‘25
554 3691 711 3750 fecit.
762 3723 841 3734 -—
886 3689 1097 3750 Fieri
1161 3707 1380 3769 posse
1435 3708 1572 3749 non
1632 3687 1823 3747 nulli
1878 3694 2174 3765 negant:
2235 3706 2352 3748 non
2412 3698 2502 3750 est
2557 3688 2921 3749 credendum
2979 3688 3135 3769 quod

558 3790 770 3852 salsum
820 3799 920 3851 est.
988 3799 1256 3851 amanter
1301 3791 1461 3850 venit
1503 3790 1577 3851 ab
1624 3810 1693 3850 eo
1741 3789 1897 3867 quod
1946 3798 2034 3850 est
2079 3808 2298 3850 amans.
2378 3792 2553 3852 modo
2602 3809 2719 3851 non
2767 3793 3139 3869 participium

557 3901 671 3968 est,
721 3893 824 3953 sed
871 3885 1236 3962 nomen,‘iu
1285 3900 1506 3953 tantum
1556 3898 1620 3952 ut
1664 3893 1839 3952 etiam
1885 3893 2368 3971 conparationem
2414 3890 2720 3972 recillpiat:
2780 3893 2920 3953 facit
2977 3895 3133 3953 enim
3161 3896 3211 3933 ³⁵

692 4098 816 4148 0011.
856 4096 1010 4146 Ber-n.
1052 4095 1146 4148 xil
1179 4061 1389 4146 7‘—8*.
1533 4097 1565 4145 4
1594 4096 1717 4145 dicit
1751 4096 2004 4161 prandeor
2146 4097 2329 4147 dicitur
2364 4097 2453 4148 sed
2493 4096 2761 4164 participia
2797 4113 2928 4161 quae
2958 4098 3137 4146 aduer-

555 4168 657 4217 biis
797 4168 831 4217 ὅ
880 4165 1073 4232 syllaba
1212 4168 1241 4216 7
1284 4167 1637 4232 repperiuntur
1777 4176 1901 4230 aput
2041 4175 2249 4216 cenatus
2389 4168 2423 4218 8
2463 4177 2586 4233 aput
2726 4172 2999 4217 ori-endum

562 4238 621 4288 17
671 4233 907 4302 dicimus]
957 4237 1188 4286 dicamus
1328 4238 1395 4286 22
1443 4238 1669 4285 eaud.et
1718 4237 1922 4286 nomina
2063 4251 2218 4302 pasus
2265 4253 2399 4291 corr.
2445 4241 2513 4290 al.
2564 4253 2693 4287 mun.
2743 4253 2930 4303 passus
3070 4240 3136 4288 27

557 4314 733 4421 quan-ig
761 4357 1030 4409 declinatio
1171 4358 1241 4408 28
1277 4357 1500 4406 secunda
1603 4358 1664 4405 ab
1704 4356 1805 4408 alio
1841 4372 1977 4409 corr.
2017 4359 2079 4406 ab
2114 4359 2214 4407 alto
2352 4359 2420 4410 29
2456 4374 2608 4421 quam
2648 4359 2794 4408 uisus
2833 4362 2999 4425 ipsum

556 4429 624 4478 30
662 4443 810 4479 ursus
844 4446 936 4483 om.
1080 4427 1147 4480 32
1182 4428 1389 4478 eul’onia
1424 4427 1566 4476 sonis
1602 4430 1760 4488 (corr.
1800 4429 1936 4492 soni)
1972 4429 2096 4477 istos
2131 4428 2246 4478 tulit
2422 4428 2487 4479 33
2527 4427 2647 4478 fecit
2681 4444 2834 4494 posse
2875 4444 2971 4479 non
3014 4430 3133 4480 nulli

560 4507 744 4564 negant
782 4499 892 4549 lieri
927 4514 1082 4564 posse
1124 4513 1221 4548 non
1260 4507 1336 4548 est
1372 4498 1681 4548 credendum
1823 4496 1890 4549 34
1927 4497 2118 4547 salsum

696 4655 726 4703 7
771 4655 908 4721 apud
956 4652 1273 4720 Sallustium]
1322 4652 1550 4718 Iuyurth.
1597 4652 1713 4711 106,
1753 4655 1783 4702 4
1922 4651 1956 4701 8
2000 4654 2136 4717 apud
2174 4651 2479 4719 Vergilium]
2533 4654 2660 4706 Aen.
2704 4654 2789 4703 1111
2830 4653 2924 4705 181
3074 4654 3137 4705 12

559 4724 853 4792 Sallustius]
897 4725 1041 4776 Catil.
1076 4726 1127 4790 5,
1160 4726 1192 4774 4
1335 4721 1583 4790 fugitans]
1634 4723 1838 4774 Terent.
1876 4722 2080 4772 Phor-m.
2123 4721 2287 4784 11113,
2329 4722 2392 4772 ls
