3541 5564
635 349 759 413 596
1175 330 1186 340 '
1748 348 2106 412 MAcRossn
2192 441 2197 444 ‚

635 560 777 600 esse
845 535 1158 625 promisit.
1262 535 1469 600 tribus
1537 536 1725 598 annis
1794 545 1943 619 post
1995 535 2207 619 ipsum
2265 535 2502 599 librum
2561 558 2643 600 ex
2710 535 2936 599 eodem
3001 536 3225 601 codice

635 629 843 703 edidit
889 638 1168 704 Ioannes
1214 638 1598 723 Opsopoeus
1645 637 1916 700 Parisiis
1973 659 2030 700 a.
2086 637 2264 702 1588.
2334 660 2527 722 quam
2586 637 2937 701 editionem
2994 650 3224 725 postea

635 741 958 829 expressit
1001 740 1267 804 Isaacus
1303 740 1654 818 PontannS‚
1703 740 1812 823 qui
1859 738 2107 824 primus
2152 739 2312 803 haec
2357 749 2668 824 excerpta
2711 761 2855 802 cum
2902 741 3220 805 Macrobii

636 844 818 907 libris
875 844 1220 907 coniuncta
1287 840 1494 904 edidit
1546 839 1851 923 Lugduni
1920 841 2319 905 Batavorum
2375 863 2433 903 a.
2488 841 2668 903 1597.
2740 840 2893 904 inde
2957 843 3040 906 ab
3106 841 3221 905 illo

635 957 923 1031 tempore
970 943 1134 1008 liber
1177 945 1434 1006 nomine
1465 942 1785 1006 Macrobii
1820 942 2016 1026 vulgo
2050 943 2402 1027 inscriptus
2436 953 2501 1006 et
2545 965 2688 1005 cum
2736 941 2998 1027 reliquis
3044 943 3220 1007 illius

635 1047 816 1110 libris
862 1048 1120 1130 saepius
1180 1044 1390 1108 editus
1438 1054 1501 1107 et
1544 1066 1583 1107 a
1629 1044 1937 1107 Putschio
1985 1045 2155 1107 inter
2214 1045 2445 1107 latinos
2491 1046 2953 1127 grammaticos
3000 1066 3222 1130 recep-

635 1159 738 1212 tus
786 1159 902 1212 est.
972 1146 1196 1211 codice
1241 1157 1459 1210 autem
1506 1169 1546 1208 a
1591 1145 1713 1210 Th.
1759 1144 2080 1209 Presselio
2125 1147 2335 1209 denuo
2382 1144 2613 1209 collato
2660 1168 2816 1209 usus
2862 1155 2961 1209 est
3003 1146 3221 1210 Ludo-

634 1250 814 1315 vicus
861 1250 939 1313 de
985 1248 1106 1311 Ian
1150 1249 1218 1310 in
1264 1269 1379 1311 sua
1425 1247 1712 1311 editione
1756 1247 2075 1312 Macrobii
2123 1270 2181 1310 a.
2234 1249 2413 1311 1848.

803 1351 999 1415 Aliud
1048 1359 1501 1436 excerptorum
1548 1371 1753 1432 genus
1801 1349 2105 1434 praebuit
2144 1349 2351 1413 codex
2381 1349 2911 1415 Vindobonensis
2957 1351 3031 1414 16
3063 1350 3220 1415 olim

634 1453 1003 1532 Bobiensi8‚
1051 1475 1239 1538 quem
1286 1473 1484 1537 supra
1537 1473 1599 1536 p.
1644 1451 1769 1514 442
1815 1451 2331 1529 commemoravi,
2380 1451 2425 1514 f.
2480 1451 2594 1516 157
2643 1463 2707 1516 et
2757 1453 2875 1516 158
2920 1460 3223 1533 incipiunt

623 1578 831 1636 pauca
887 1566 1179 1634 excerpta
1234 1561 1307 1616 de
1361 1560 1513 1617 libro
1567 1559 1859 1617 macrobii
1909 1558 2218 1617 theodosii.
2316 1556 2673 1618 Theodosius
2725 1561 3066 1632 symmacho
3107 1578 3221 1618 suo

632 1666 884 1721 salutem
942 1662 1103 1719 dicit.
1199 1661 1282 1718 De
1336 1660 1653 1718 uerborum
1717 1694 1785 1700 —
1838 1660 2167 1733 adsiqnare
2228 1662 2513 1719 uolumus.
2606 1667 2947 1741 praeterea
3007 1680 3219 1742 pauca

634 1783 714 1822 ex
761 1760 861 1822 his
920 1757 1079 1843 ipsis
1126 1780 1291 1843 quae
1337 1757 1454 1821 hoc
1499 1755 1640 1819 loco
1685 1757 1753 1818 in
1799 1756 1925 1819 fine
1970 1755 2214 1821 codicis
2272 1757 2512 1842 scripta
2570 1767 2722 1821 sunt
2764 1781 2894 1822 non
2937 1758 3218 1823 multum

635 1862 1038 1947 discrepante
1086 1859 1409 1944 scriptura
1454 1859 1520 1921 in
1565 1859 1789 1923 eodem
1834 1859 2066 1921 iterum
2111 1858 2353 1943 scripta
2397 1869 2628 1923 extant
2671 1860 2716 1922 f.
2758 1861 2896 1941 111,
2950 1865 3217 1925 Theodo-

631 1972 753 2028 sius
787 1959 1135 2026 'tnacrohius
1180 1967 1254 2023 de
1293 1968 1535 2040 yraecis
1582 1960 1775 2045 (corr.
1804 1961 2198 2043 qraeeorum)
2245 1968 2764 2038 eoniuyationibus
2804 1970 2893 2026 sie
2936 1971 3023 2027 ait
3065 1977 3221 2042 aput

628 2087 884 2144 qraeeos
925 2104 986 2110 —
1019 2070 1281 2139 finalem.
1328 2087 1411 2126 ex
1456 2064 1577 2128 hoc
1623 2061 1790 2126 libro
1837 2061 2232 2147 descriptum
2265 2085 2406 2126 esse
2438 2055 2939 2149 Neapolitanum
2984 2063 3218 2130 biblio-

635 2167 859 2230 thecae
905 2165 1305 2229 Borbonicae
1341 2166 1434 2228 IV
1464 2167 1526 2227 A
1577 2163 1671 2241 17,
1723 2164 1791 2226 in
1836 2187 1963 2248 quo
2013 2164 2240 2227 eadem
2268 2163 2591 2229 Macrobii
2636 2175 2947 2251 excerpta
2990 2175 3222 2229 extare

632 2268 881 2332 indicat
929 2266 1238 2332 Ianellius
1283 2265 1472 2331 catal.
1518 2265 1819 2331 biblioth.
1866 2288 2030 2328 mus,
2076 2266 2355 2331 Borbon.
2404 2290 2467 2352 p.
2505 2268 2599 2347 13,
2648 2267 2787 2331 dixi
2831 2268 3035 2353 praes.
3087 2268 3219 2332 vol.

633 2371 726 2435 IV
771 2395 835 2457 p.
881 2369 1069 2433 VIII.

800 2471 1023 2535 Tertio
1083 2469 1219 2534 loco
1275 2472 1463 2556 posui
1519 2479 1831 2554 excerpta
1891 2468 2132 2534 codicis
2180 2471 2704 2535 Vindobonensis
2766 2473 2838 2535 17
2897 2470 3051 2535 olim
3095 2471 3225 2534 Bo-

630 2574 898 2637 biensiS.
989 2574 1044 2635 is
1102 2573 1267 2635 enirn
1326 2584 1478 2635 ante
1543 2572 1845 2634 instituta
1899 2572 2094 2637 Probi
2155 2572 2434 2637 sedecim
2479 2574 2764 2637 continet
2808 2573 3227 2638 membranas

633 2676 1012 2761 perturbato
1059 2674 1283 2738 ordine
1328 2672 1702 2752 collocatam,
1751 2673 1832 2736 de
1863 2673 2095 2758 quibus
2129 2674 2287 2738 haec
2332 2675 2734 2759 scripserunt
2777 2674 3225 2739 analectorum

631 2778 1203 2863 grammaticorum
1252 2776 1530 2841 editores
1564 2775 2107 2841 Vindobonenses
2156 2778 2360 2863 praef.
2405 2800 2468 2862 p.
2502 2775 2657 2858 VII,
2707 2776 3013 2842 ‘sedecim
3058 2776 3226 2843 haec

535 2939 556 2961 ,
631 2880 788 2945 folia
834 2901 979 2943 cum
1027 2889 1305 2964 quatuor
1336 2877 1592 2941 amissis
1627 2878 1787 2942 duos
1832 2877 2131 2963 primitus
2177 2880 2663 2944 constituebant
2706 2881 3225 2965 quinternione8‚

632 3004 905 3069 quorum
953 2981 1277 3043 secundus
1324 2978 1482 3043 folia
1519 2981 1723 3044 1-10
1766 2979 2005 3044 codicis
2053 2980 2281 3066 implet
2325 2991 2389 3045 et
2435 2980 2549 3046 fol.
2587 2982 2665 3044 10
2709 3006 2771 3046 v.
2818 2982 3223 3068 quinternio-

632 3108 784 3149 num
832 3084 1019 3167 signo
1073 3088 1118 3158 O
1160 3087 1235 3145 II
1275 3083 1569 3166 signatus
1617 3094 1746 3163 est3
1793 3082 2039 3168 primus
2086 3105 2240 3147 vero
2288 3106 2405 3147 sex
2452 3094 2703 3148 tantum
2750 3083 2909 3148 folia
2960 3085 3225 3147 11-16

629 3187 938 3265 continet,
985 3184 1333 3249 mulctatus
1381 3182 1628 3248 scilicet
1671 3182 1845 3247 foliis
1879 3182 2133 3249 duobus
2179 3186 2505 3270 prioribus
2553 3195 2620 3250 et
2662 3186 2917 3250 duobus
2949 3185 3225 3263 ultimis,

631 3290 778 3352 hinc
845 3289 1038 3353 etiam
1096 3286 1617 3370 quinternionum
1676 3286 1864 3370 signo
1925 3291 2044 3362 ΩΙ,
2106 3287 2276 3373 quod
2344 3287 2569 3351 ultimo
2624 3286 2780 3351 folio
2838 3287 3220 3373 impositum

631 3402 802 3471 erat,
866 3389 1236 3454 destitutuS.
1328 3386 1454 3452 duo
1508 3386 1573 3451 hi
1632 3389 2117 3473 quinterniones
2163 3412 2202 3452 a
2258 3388 2627 3475 bibliopego
2674 3389 2984 3453 monacho
3032 3412 3225 3475 prae-

633 3504 889 3578 postere
950 3490 1134 3575 ligati
1191 3501 1375 3569 sunt,
1432 3490 1525 3553 ita
1578 3499 1651 3553 ut
1695 3490 2062 3576 quinternio
2118 3492 2440 3555 secundus
2487 3492 2763 3578 primum
2809 3490 3221 3577 praecedat’.

629 3597 695 3657 in
740 3594 839 3657 his
889 3595 1085 3676 igitur
1131 3591 1556 3673 membrani3‚
1605 3592 1776 3655 sicut
1818 3594 2062 3656 indicat
2090 3592 2520 3657 Endlicherus
2567 3593 2755 3658 catal.
2802 3592 2946 3657 cod.
2992 3591 3224 3678 philol.

634 3696 743 3760 lat.
803 3693 958 3760 bibl.
1007 3693 1215 3757 Palat.
1263 3693 1547 3758 Vindob.
1596 3717 1657 3779 p.
1704 3695 1830 3756 ,⁴214
1876 3718 2004 3780 sq.‚
2064 3694 2223 3758 haec
2271 3695 2515 3781 scripta
2569 3706 2719 3759 sunt
2761 3695 3225 3779 grammatico-

632 3822 771 3861 rum
818 3797 1205 3880 fragmenta,
1251 3797 1295 3858 s.
1335 3796 1579 3858 11—14
1626 3818 1766 3859 nam
1812 3803 2065 3872 leyimus
2094 3833 2176 3843 —-
2205 3803 2446 3861 milicho
2489 3785 2785 3877 Ροηιαῖεο,
2833 3796 2912 3860 de
2956 3798 3224 3860 nominc

631 3910 694 3964 et
741 3898 1119 3986 pronomine
1165 3921 1227 3983 p.
1258 3897 1622 3971 555—566:
1671 3899 1717 3960 s.
1757 3899 2084 3962 14*-16*
2115 3908 2181 3962 et
2228 3884 2389 3962 1-8
2434 3906 2645 3979 incipit
2690 3906 2763 3963 de
2808 3902 3008 3963 uerbo.
3065 3902 3223 3961 Sae-

626 4010 867 4080 pissime
910 4006 1021 4064 tibz‘
1060 4007 1395 4079 requirenti
1435 4006 1859 4065 disertissimae
1900 4007 2299 4066 studiosorum
2343 4023 2551 4066 seuere
2599 4040 2667 4048 —
2710 4022 2966 4081 perosus
3008 4012 3067 4063 et
3109 4022 3223 4064 ea·-

630 4126 763 4168 osus
809 4109 1090 4183 emplicit:
1136 4103 1183 4167 f.
1218 4102 1462 4165 8—10*
1509 4101 1752 4165 Valerii
1799 4102 1999 4167 Probi
2047 4103 2127 4166 de
2172 4102 2428 4167 nomine
2474 4104 2907 4187 fragmentum
2956 4101 3083 4165 vol.
3119 4102 3221 4164 IV

632 4230 692 4291 p.
739 4207 860 4269 :207
909 4228 1048 4290 sqq.
1096 4204 1415 4269 Macrobii
1462 4214 1676 4267 autem
1722 4215 2031 4290 excerpta
2076 4204 2218 4268 dico
2267 4227 2343 4267 ea
2388 4227 2553 4289 quae
2599 4203 2678 4268 de
2724 4204 2923 4269 verbo
2970 4204 3228 4289 scripta

630 4319 783 4372 sunt
839 4307 919 4371 ad
967 4306 1301 4371 Severum.
1370 4329 1536 4391 quae
1583 4329 1972 4392 quamquam
2029 4308 2094 4370 in
2138 4305 2460 4390 scriptura
2504 4307 2747 4372 codicis
2802 4308 2895 4369 ita
2939 4328 3086 4369 cum
3133 4307 3220 4371 iis

630 4432 795 4495 quae
843 4409 1240 4494 praecedunt
1284 4409 1366 4471 de
1411 4408 1667 4472 nomine
1713 4419 1780 4471 et
1824 4409 2198 4493 pronomine
2244 4410 2609 4487 cohaerent,
2640 4419 2727 4472 ut
2769 4408 2835 4470 in
2881 4408 3069 4470 unius
3116 4431 3222 4471 ar-

633 4515 712 4573 tis
759 4512 1248 4576 continuitatem
1279 4512 1621 4574 coniuncta
1652 4533 1795 4573 csse
1840 4509 2209 4591 videantur,
2256 4522 2472 4575 tamen
2518 4509 2627 4574 illa
2672 4511 2751 4574 de
2785 4511 3007 4590 verbo,
3055 4533 3220 4596 quo-

633 4614 804 4674 niam
853 4615 1203 4676 maximam
1251 4622 1499 4697 partem
1549 4635 1631 4675 ex
1675 4612 1998 4676 Macrobii
2044 4610 2210 4677 libro
2257 4614 2462 4698 petita
2497 4622 2670 4691 sunt,
2718 4613 2840 4676 huc
2883 4613 3220 4693 revocavi,

630 4737 711 4777 ne
757 4737 795 4777 a
841 4712 1102 4799 reliquis
1135 4714 1449 4778 Macrobii
1499 4713 1826 4799 excerptis
1860 4714 2385 4797 seiungerentur3
2434 4723 2780 4778 tractatum
2829 4712 2907 4776 de
2953 4714 3221 4777 nomine

632 4826 695 4877 ct
741 4818 1119 4901 pronomine
1166 4837 1364 4901 supra
1409 4815 1696 4879 exhibui.
1759 4838 1915 4879 usus
1962 4825 2062 4879 est
2105 4817 2227 4881 hoc
2272 4817 2493 4881 codice
2540 4826 2696 4898 tum,
2744 4838 2888 4880 cum
2935 4814 3217 4901 Neapoli
