<?xml version="1.0" encoding="UTF-8"?>
<!DOCTYPE html PUBLIC "-//W3C//DTD XHTML 1.0 Transitional//EN"
    "http://www.w3.org/TR/xhtml1/DTD/xhtml1-transitional.dtd">
<html xmlns="http://www.w3.org/1999/xhtml" xml:lang="en" lang="en">
 <head>
  <title>
</title>
<meta http-equiv="Content-Type" content="text/html;charset=utf-8" />
  <meta name='ocr-system' content='tesseract 3.04.00' />
  <meta name='ocr-capabilities' content='ocr_page ocr_carea ocr_par ocr_line ocrx_word'/>
</head>
<body>
  <div class='ocr_page' id='page_1' title='image "./grammaticilatin10keilgoog_0053.png"; bbox 0 0 3541 5564; ppageno 0'>
   <div class='ocr_carea' id='block_1_1' title="bbox 1632 359 2995 425">
    <p class='ocr_par' dir='ltr' id='par_1_1' title="bbox 1632 359 2995 425">
     <span class='ocr_line' id='line_1_1' title="bbox 1632 359 2995 425; baseline 0.001 -1"><span class='ocrx_word' id='word_1_1' title='bbox 1632 361 1775 424; x_wconf 82' lang='lat' dir='ltr'><strong>ARS</strong></span> <span class='ocrx_word' id='word_1_2' title='bbox 2910 359 2995 425; x_wconf 87' lang='lat'><strong>45</strong></span> 
     </span>
    </p>
   </div>
   <div class='ocr_carea' id='block_1_2' title="bbox 308 470 3233 3802">
    <p class='ocr_par' dir='ltr' id='par_1_2' title="bbox 308 470 3233 3802">
     <span class='ocr_line' id='line_1_2' title="bbox 2612 470 2945 523; baseline 0 -14"><span class='ocrx_word' id='word_1_3' title='bbox 2612 482 2652 523; x_wconf 82' lang='lat' dir='ltr'><strong>p.</strong></span> <span class='ocrx_word' id='word_1_4' title='bbox 2681 472 2796 512; x_wconf 81' lang='lat'><strong>1990.</strong></span> <span class='ocrx_word' id='word_1_5' title='bbox 2823 474 2871 511; x_wconf 82' lang='grc' dir='ltr'><strong>οι</strong></span> <span class='ocrx_word' id='word_1_6' title='bbox 2901 470 2945 510; x_wconf 75' lang='grc' dir='ltr'><strong>Ρ.</strong></span> 
     </span>
     <span class='ocr_line' id='line_1_3' title="bbox 410 546 2997 632; baseline -0.001 -20"><span class='ocrx_word' id='word_1_7' title='bbox 410 558 469 612; x_wconf 86' lang='lat' dir='ltr'><strong>et</strong></span> <span class='ocrx_word' id='word_1_8' title='bbox 513 554 813 612; x_wconf 77' lang='lat' dir='ltr'>vocativus</span> <span class='ocrx_word' id='word_1_9' title='bbox 856 549 1076 611; x_wconf 85' lang='lat' dir='ltr'><strong>similes</strong></span> <span class='ocrx_word' id='word_1_10' title='bbox 1122 557 1286 619; x_wconf 86' lang='lat' dir='ltr'><strong>sunt,</strong></span> <span class='ocrx_word' id='word_1_11' title='bbox 1328 546 1339 632; x_wconf 81' lang='grc' dir='ltr'>Ι</span> <span class='ocrx_word' id='word_1_12' title='bbox 1376 552 1517 611; x_wconf 89' lang='lat' dir='ltr'><strong>item</strong></span> <span class='ocrx_word' id='word_1_13' title='bbox 1565 549 1789 611; x_wconf 78' lang='lat' dir='ltr'><strong>dativus</strong></span> <span class='ocrx_word' id='word_1_14' title='bbox 1822 556 1881 609; x_wconf 86' lang='lat' dir='ltr'><strong>et</strong></span> <span class='ocrx_word' id='word_1_15' title='bbox 1910 548 2195 610; x_wconf 82' lang='lat' dir='ltr'><strong>ablativus</strong></span> <span class='ocrx_word' id='word_1_16' title='bbox 2225 548 2447 612; x_wconf 80' lang='lat' dir='ltr'><strong>similes</strong></span> <span class='ocrx_word' id='word_1_17' title='bbox 2478 558 2641 619; x_wconf 88' lang='lat' dir='ltr'><strong>sunt,</strong></span> <span class='ocrx_word' id='word_1_18' title='bbox 2688 553 2997 629; x_wconf 80' lang='lat' dir='ltr'><strong>genetivus</strong></span> 
     </span>
     <span class='ocr_line' id='line_1_4' title="bbox 410 651 2994 732; baseline -0.001 -18"><span class='ocrx_word' id='word_1_19' title='bbox 410 654 741 723; x_wconf 81' lang='lat' dir='ltr'><strong>dissimiliS,</strong></span> <span class='ocrx_word' id='word_1_20' title='bbox 790 662 854 714; x_wconf 92' lang='lat' dir='ltr'><strong>ut</strong></span> <span class='ocrx_word' id='word_1_21' title='bbox 897 654 1009 713; x_wconf 91' lang='lat' dir='ltr'><strong>hoc</strong></span> <span class='ocrx_word' id='word_1_22' title='bbox 1056 652 1360 732; x_wconf 85' lang='lat' dir='ltr'><strong>templum.</strong></span> <span class='ocrx_word' id='word_1_23' title='bbox 1439 653 1816 732; x_wconf 88' lang='lat' dir='ltr'><strong>quaternaria</strong></span> <span class='ocrx_word' id='word_1_24' title='bbox 1862 651 2079 712; x_wconf 86' lang='lat' dir='ltr'><strong>dicitur</strong></span> <span class='ocrx_word' id='word_1_25' title='bbox 2127 652 2346 722; x_wconf 76' lang='lat' dir='ltr'><strong>forma,</strong></span> <span class='ocrx_word' id='word_1_26' title='bbox 2395 651 2631 731; x_wconf 90' lang='lat' dir='ltr'><strong>quando</strong></span> <span class='ocrx_word' id='word_1_27' title='bbox 2679 653 2994 713; x_wconf 88' lang='lat' dir='ltr'><strong>nominati·</strong></span> 
     </span>
     <span class='ocr_line' id='line_1_5' title="bbox 409 753 2993 834; baseline 0 -21"><span class='ocrx_word' id='word_1_28' title='bbox 409 774 517 817; x_wconf 87' lang='lat' dir='ltr'><strong>vus</strong></span> <span class='ocrx_word' id='word_1_29' title='bbox 562 764 620 815; x_wconf 86' lang='lat' dir='ltr'><strong>et</strong></span> <span class='ocrx_word' id='word_1_30' title='bbox 667 757 963 816; x_wconf 84' lang='lat' dir='ltr'><strong>vocativus</strong></span> <span class='ocrx_word' id='word_1_31' title='bbox 1005 774 1180 834; x_wconf 85' lang='lat' dir='ltr'><strong>pares</strong></span> <span class='ocrx_word' id='word_1_32' title='bbox 1224 762 1382 823; x_wconf 86' lang='lat' dir='ltr'><strong>sunt,</strong></span> <span class='ocrx_word' id='word_1_33' title='bbox 1430 756 1570 815; x_wconf 89' lang='lat' dir='ltr'><strong>item</strong></span> <span class='ocrx_word' id='word_1_34' title='bbox 1616 755 1924 833; x_wconf 85' lang='lat' dir='ltr'><strong>genetivus</strong></span> <span class='ocrx_word' id='word_1_35' title='bbox 1969 762 2028 815; x_wconf 87' lang='lat' dir='ltr'><strong>et</strong></span> <span class='ocrx_word' id='word_1_36' title='bbox 2072 753 2298 815; x_wconf 84' lang='lat' dir='ltr'><strong>dativus</strong></span> <span class='ocrx_word' id='word_1_37' title='bbox 2342 753 2564 814; x_wconf 83' lang='lat' dir='ltr'><strong>similes</strong></span> <span class='ocrx_word' id='word_1_38' title='bbox 2608 762 2772 824; x_wconf 88' lang='lat' dir='ltr'><strong>sunt,</strong></span> <span class='ocrx_word' id='word_1_39' title='bbox 2820 774 2993 815; x_wconf 81' lang='lat' dir='ltr'><strong>accu-</strong></span> 
     </span>
     <span class='ocr_line' id='line_1_6' title="bbox 408 834 2991 935; baseline -0.001 -17"><span class='ocrx_word' id='word_1_40' title='bbox 408 859 629 918; x_wconf 85' lang='lat' dir='ltr'><strong>sativus</strong></span> <span class='ocrx_word' id='word_1_41' title='bbox 675 855 1007 925; x_wconf 86' lang='lat' dir='ltr'><strong>dissimilis,</strong></span> <span class='ocrx_word' id='word_1_42' title='bbox 1055 834 1345 917; x_wconf 71' lang='lat' dir='ltr'><strong>ablassms</strong></span> <span class='ocrx_word' id='word_1_43' title='bbox 1391 854 1717 925; x_wconf 89' lang='lat' dir='ltr'><strong>dissimilis,</strong></span> <span class='ocrx_word' id='word_1_44' title='bbox 1767 863 1832 916; x_wconf 89' lang='lat' dir='ltr'><strong>ut</strong></span> <span class='ocrx_word' id='word_1_45' title='bbox 1862 855 2006 916; x_wconf 88' lang='lat' dir='ltr'><strong>haec</strong></span> <span class='ocrx_word' id='word_1_46' title='bbox 2035 858 2285 935; x_wconf 81' lang='lat' dir='ltr'><strong>species,</strong></span> <span class='ocrx_word' id='word_1_47' title='bbox 2363 858 2633 934; x_wconf 86' lang='lat' dir='ltr'><strong>quinaria</strong></span> <span class='ocrx_word' id='word_1_48' title='bbox 2663 858 2852 917; x_wconf 82' lang='lat' dir='ltr'><strong>forma</strong></span> <span class='ocrx_word' id='word_1_49' title='bbox 2886 863 2991 924; x_wconf 89' lang='lat' dir='ltr'><strong>est,</strong></span> 
     </span>
     <span class='ocr_line' id='line_1_7' title="bbox 357 951 2995 1043; baseline 0.001 -29"><span class='ocrx_word' id='word_1_50' title='bbox 357 961 684 1039; x_wconf 68' lang='lat' dir='ltr'><strong>squotiens</strong></span> <span class='ocrx_word' id='word_1_51' title='bbox 743 958 969 1019; x_wconf 85' lang='lat' dir='ltr'><strong>dativus</strong></span> <span class='ocrx_word' id='word_1_52' title='bbox 999 951 1036 1043; x_wconf 79' lang='grc' dir='ltr'><strong>ΙΙ</strong></span> <span class='ocrx_word' id='word_1_53' title='bbox 1058 966 1117 1020; x_wconf 89' lang='lat' dir='ltr'><strong>et</strong></span> <span class='ocrx_word' id='word_1_54' title='bbox 1173 958 1454 1019; x_wconf 83' lang='lat' dir='ltr'><strong>ablativus</strong></span> <span class='ocrx_word' id='word_1_55' title='bbox 1509 965 1734 1019; x_wconf 85' lang='lat' dir='ltr'><strong>tantum</strong></span> <span class='ocrx_word' id='word_1_56' title='bbox 1792 957 2016 1020; x_wconf 88' lang='lat' dir='ltr'><strong>similes</strong></span> <span class='ocrx_word' id='word_1_57' title='bbox 2070 965 2236 1027; x_wconf 89' lang='lat' dir='ltr'><strong>sunt,</strong></span> <span class='ocrx_word' id='word_1_58' title='bbox 2307 967 2368 1018; x_wconf 87' lang='lat' dir='ltr'><strong>ut</strong></span> <span class='ocrx_word' id='word_1_59' title='bbox 2423 957 2519 1019; x_wconf 90' lang='lat' dir='ltr'><strong>hic</strong></span> <span class='ocrx_word' id='word_1_60' title='bbox 2566 959 2774 1019; x_wconf 88' lang='lat' dir='ltr'><strong>doctus</strong></span> <span class='ocrx_word' id='word_1_61' title='bbox 2818 959 2995 1019; x_wconf 90' lang='lat' dir='ltr'><strong>huius</strong></span> 
     </span>
     <span class='ocr_line' id='line_1_8' title="bbox 410 1060 2992 1142; baseline -0 -20"><span class='ocrx_word' id='word_1_62' title='bbox 410 1061 570 1122; x_wconf 90' lang='lat' dir='ltr'><strong>docti</strong></span> <span class='ocrx_word' id='word_1_63' title='bbox 617 1069 675 1122; x_wconf 91' lang='lat' dir='ltr'><strong>et</strong></span> <span class='ocrx_word' id='word_1_64' title='bbox 719 1060 964 1142; x_wconf 88' lang='lat' dir='ltr'><strong>reliqua.</strong></span> <span class='ocrx_word' id='word_1_65' title='bbox 1042 1063 1272 1122; x_wconf 90' lang='lat' dir='ltr'><strong>senaria</strong></span> <span class='ocrx_word' id='word_1_66' title='bbox 1320 1061 1509 1121; x_wconf 80' lang='lat' dir='ltr'><strong>forma</strong></span> <span class='ocrx_word' id='word_1_67' title='bbox 1557 1067 1672 1130; x_wconf 89' lang='lat' dir='ltr'><strong>est,</strong></span> <span class='ocrx_word' id='word_1_68' title='bbox 1721 1062 2001 1141; x_wconf 89' lang='lat' dir='ltr'><strong>quotiens</strong></span> <span class='ocrx_word' id='word_1_69' title='bbox 2046 1079 2251 1121; x_wconf 89' lang='lat' dir='ltr'><strong>omnes</strong></span> <span class='ocrx_word' id='word_1_70' title='bbox 2283 1078 2463 1121; x_wconf 78' lang='lat' dir='ltr'><strong>casus</strong></span> <span class='ocrx_word' id='word_1_71' title='bbox 2488 1060 2808 1122; x_wconf 89' lang='lat' dir='ltr'><strong>dissimiles</strong></span> <span class='ocrx_word' id='word_1_72' title='bbox 2838 1067 2992 1130; x_wconf 90' lang='lat' dir='ltr'><strong>sunt,</strong></span> 
     </span>
     <span class='ocr_line' id='line_1_9' title="bbox 408 1160 3233 1242; baseline 0 -18"><span class='ocrx_word' id='word_1_73' title='bbox 408 1171 475 1224; x_wconf 87' lang='lat' dir='ltr'><strong>ut</strong></span> <span class='ocrx_word' id='word_1_74' title='bbox 520 1164 616 1223; x_wconf 90' lang='lat' dir='ltr'><strong>hic</strong></span> <span class='ocrx_word' id='word_1_75' title='bbox 663 1182 819 1224; x_wconf 90' lang='lat' dir='ltr'><strong>unus</strong></span> <span class='ocrx_word' id='word_1_76' title='bbox 865 1163 1039 1224; x_wconf 89' lang='lat' dir='ltr'><strong>huius</strong></span> <span class='ocrx_word' id='word_1_77' title='bbox 1085 1166 1258 1224; x_wconf 88' lang='lat' dir='ltr'><strong>unius</strong></span> <span class='ocrx_word' id='word_1_78' title='bbox 1303 1164 1405 1223; x_wconf 92' lang='lat' dir='ltr'><strong>uni</strong></span> <span class='ocrx_word' id='word_1_79' title='bbox 1449 1181 1630 1223; x_wconf 90' lang='lat' dir='ltr'><strong>unum</strong></span> <span class='ocrx_word' id='word_1_80' title='bbox 1664 1182 1698 1222; x_wconf 93' lang='lat' dir='ltr'><strong>o</strong></span> <span class='ocrx_word' id='word_1_81' title='bbox 1731 1181 1849 1224; x_wconf 91' lang='lat' dir='ltr'><strong>une</strong></span> <span class='ocrx_word' id='word_1_82' title='bbox 1882 1160 1957 1222; x_wconf 90' lang='lat' dir='ltr'><strong>ab</strong></span> <span class='ocrx_word' id='word_1_83' title='bbox 1988 1182 2138 1233; x_wconf 87' lang='lat' dir='ltr'><strong>uno;</strong></span> <span class='ocrx_word' id='word_1_84' title='bbox 2187 1164 2271 1222; x_wconf 89' lang='lat' dir='ltr'><strong>sic</strong></span> <span class='ocrx_word' id='word_1_85' title='bbox 2304 1169 2359 1223; x_wconf 89' lang='lat' dir='ltr'><strong>et</strong></span> <span class='ocrx_word' id='word_1_86' title='bbox 2391 1160 2602 1222; x_wconf 89' lang='lat' dir='ltr'><strong>nullus.</strong></span> <span class='ocrx_word' id='word_1_87' title='bbox 2634 1196 2719 1206; x_wconf 84' lang='lat'><strong>—-</strong></span> <span class='ocrx_word' id='word_1_88' title='bbox 2749 1161 2997 1242; x_wconf 84' lang='lat' dir='ltr'><strong>Neque</strong></span> <span class='ocrx_word' id='word_1_89' title='bbox 3024 1175 3139 1236; x_wconf 82' lang='grc'><strong>377,</strong></span> <span class='ocrx_word' id='word_1_90' title='bbox 3168 1176 3233 1224; x_wconf 78' lang='lat'><strong>25</strong></span> 
     </span>
     <span class='ocr_line' id='line_1_10' title="bbox 408 1263 2995 1346; baseline -0.001 -20"><span class='ocrx_word' id='word_1_91' title='bbox 408 1284 539 1345; x_wconf 90' lang='lat' dir='ltr'><strong>per</strong></span> <span class='ocrx_word' id='word_1_92' title='bbox 588 1284 836 1326; x_wconf 91' lang='lat' dir='ltr'><strong>casus:</strong></span> <span class='ocrx_word' id='word_1_93' title='bbox 890 1263 1082 1345; x_wconf 74' lang='lat' dir='ltr'><strong>[nefas</strong></span> <span class='ocrx_word' id='word_1_94' title='bbox 1125 1264 1363 1346; x_wconf 88' lang='lat' dir='ltr'><strong>sponte]</strong></span> <span class='ocrx_word' id='word_1_95' title='bbox 1411 1264 1548 1326; x_wconf 88' lang='lat' dir='ltr'><strong>tabo</strong></span> <span class='ocrx_word' id='word_1_96' title='bbox 1594 1271 1836 1344; x_wconf 89' lang='lat' dir='ltr'><strong>aptoton</strong></span> <span class='ocrx_word' id='word_1_97' title='bbox 1884 1273 1999 1334; x_wconf 82' lang='lat' dir='ltr'><strong>est,</strong></span> <span class='ocrx_word' id='word_1_98' title='bbox 2060 1266 2199 1326; x_wconf 86' lang='lat' dir='ltr'><strong>licet</strong></span> <span class='ocrx_word' id='word_1_99' title='bbox 2256 1267 2572 1326; x_wconf 86' lang='lat' dir='ltr'><strong>auctoritas</strong></span> <span class='ocrx_word' id='word_1_100' title='bbox 2617 1264 2781 1326; x_wconf 87' lang='lat' dir='ltr'><strong>tabes</strong></span> <span class='ocrx_word' id='word_1_101' title='bbox 2824 1284 2995 1345; x_wconf 91' lang='lat' dir='ltr'><strong>prae·</strong></span> 
     </span>
     <span class='ocr_line' id='line_1_11' title="bbox 408 1352 2997 1447; baseline -0.001 -19"><span class='ocrx_word' id='word_1_102' title='bbox 408 1352 757 1447; x_wconf 82' lang='lat' dir='ltr'><strong>sumpserit,</strong></span> <span class='ocrx_word' id='word_1_103' title='bbox 818 1376 879 1428; x_wconf 89' lang='lat' dir='ltr'><strong>ut</strong></span> <span class='ocrx_word' id='word_1_104' title='bbox 934 1368 1205 1429; x_wconf 89' lang='lat' dir='ltr'><strong>Lucanus</strong></span> <span class='ocrx_word' id='word_1_105' title='bbox 1281 1371 1474 1428; x_wconf 80' lang='lat' dir='ltr'><strong>‘cum</strong></span> <span class='ocrx_word' id='word_1_106' title='bbox 1532 1369 1667 1427; x_wconf 88' lang='lat' dir='ltr'><strong>iam</strong></span> <span class='ocrx_word' id='word_1_107' title='bbox 1725 1367 1897 1429; x_wconf 92' lang='lat' dir='ltr'><strong>tabe</strong></span> <span class='ocrx_word' id='word_1_108' title='bbox 1957 1366 2264 1437; x_wconf 78' lang='lat' dir='ltr'><strong>fluunt’‚</strong></span> <span class='ocrx_word' id='word_1_109' title='bbox 2337 1372 2444 1428; x_wconf 83' lang='lat' dir='ltr'><strong>‘et</strong></span> <span class='ocrx_word' id='word_1_110' title='bbox 2499 1352 2770 1428; x_wconf 81' lang='lat' dir='ltr'><strong>terram</strong></span> <span class='ocrx_word' id='word_1_111' title='bbox 2832 1365 2997 1427; x_wconf 88' lang='lat' dir='ltr'><strong>tabo</strong></span> 
     </span>
     <span class='ocr_line' id='line_1_12' title="bbox 336 1469 3103 1550; baseline -0.001 -20"><span class='ocrx_word' id='word_1_112' title='bbox 336 1488 385 1523; x_wconf 82' lang='lat'><strong>10</strong></span> <span class='ocrx_word' id='word_1_113' title='bbox 413 1469 840 1531; x_wconf 87' lang='lat' dir='ltr'><strong>maculant&#39;.</strong></span> <span class='ocrx_word' id='word_1_114' title='bbox 918 1480 1129 1549; x_wconf 88' lang='lat' dir='ltr'><strong>sponte</strong></span> <span class='ocrx_word' id='word_1_115' title='bbox 1173 1472 1491 1550; x_wconf 88' lang='lat' dir='ltr'><strong>septimum</strong></span> <span class='ocrx_word' id='word_1_116' title='bbox 1537 1478 1763 1531; x_wconf 89' lang='lat' dir='ltr'><strong>tantum</strong></span> <span class='ocrx_word' id='word_1_117' title='bbox 1809 1469 2014 1538; x_wconf 85' lang='lat' dir='ltr'><strong>habet,</strong></span> <span class='ocrx_word' id='word_1_118' title='bbox 2075 1478 2137 1530; x_wconf 89' lang='lat' dir='ltr'><strong>ut</strong></span> <span class='ocrx_word' id='word_1_119' title='bbox 2185 1475 2483 1549; x_wconf 89' lang='lat' dir='ltr'><strong>‘sponte</strong></span> <span class='ocrx_word' id='word_1_120' title='bbox 2530 1488 2679 1530; x_wconf 89' lang='lat' dir='ltr'><strong>mea</strong></span> <span class='ocrx_word' id='word_1_121' title='bbox 2727 1487 2997 1548; x_wconf 91' lang='lat' dir='ltr'><strong>conpo·</strong></span> <span class='ocrx_word' id='word_1_122' title='bbox 3099 1510 3103 1514; x_wconf 21' lang='grc' dir='ltr'><strong>Δ</strong></span> 
     </span>
     <span class='ocr_line' id='line_1_13' title="bbox 416 1569 3089 1653; baseline 0 -20"><span class='ocrx_word' id='word_1_123' title='bbox 416 1590 595 1633; x_wconf 86' lang='lat' dir='ltr'><strong>nere</strong></span> <span class='ocrx_word' id='word_1_124' title='bbox 641 1577 910 1633; x_wconf 88' lang='lat' dir='ltr'><strong>curas&#39;.</strong></span> <span class='ocrx_word' id='word_1_125' title='bbox 960 1607 1034 1616; x_wconf 93' lang='lat'>—</span> <span class='ocrx_word' id='word_1_126' title='bbox 1084 1572 1177 1633; x_wconf 87' lang='lat' dir='ltr'><strong>Ex</strong></span> <span class='ocrx_word' id='word_1_127' title='bbox 1224 1592 1359 1653; x_wconf 91' lang='lat' dir='ltr'><strong>qua</strong></span> <span class='ocrx_word' id='word_1_128' title='bbox 1407 1573 1632 1633; x_wconf 77' lang='lat' dir='ltr'><strong>forma</strong></span> <span class='ocrx_word' id='word_1_129' title='bbox 1682 1581 1876 1633; x_wconf 89' lang='lat' dir='ltr'><strong>sunt:</strong></span> <span class='ocrx_word' id='word_1_130' title='bbox 1926 1569 1999 1631; x_wconf 92' lang='lat' dir='ltr'><strong>ab</strong></span> <span class='ocrx_word' id='word_1_131' title='bbox 2032 1590 2152 1632; x_wconf 91' lang='lat' dir='ltr'><strong>uno</strong></span> <span class='ocrx_word' id='word_1_132' title='bbox 2183 1590 2368 1651; x_wconf 88' lang='lat' dir='ltr'><strong>usque</strong></span> <span class='ocrx_word' id='word_1_133' title='bbox 2400 1570 2470 1630; x_wconf 93' lang='lat' dir='ltr'><strong>ad</strong></span> <span class='ocrx_word' id='word_1_134' title='bbox 2504 1578 2625 1632; x_wconf 86' lang='lat' dir='ltr'><strong>tres</strong></span> <span class='ocrx_word' id='word_1_135' title='bbox 2653 1590 2763 1651; x_wconf 86' lang='lat' dir='ltr'><strong>per</strong></span> <span class='ocrx_word' id='word_1_136' title='bbox 2794 1590 3000 1632; x_wconf 82' lang='lat' dir='ltr'><strong>omnes</strong></span> <span class='ocrx_word' id='word_1_137' title='bbox 3023 1585 3089 1633; x_wconf 80' lang='lat'><strong>26</strong></span> 
     </span>
     <span class='ocr_line' id='line_1_14' title="bbox 414 1672 2997 1756; baseline 0 -23"><span class='ocrx_word' id='word_1_138' title='bbox 414 1693 588 1735; x_wconf 88' lang='lat' dir='ltr'><strong>casus</strong></span> <span class='ocrx_word' id='word_1_139' title='bbox 628 1672 637 1756; x_wconf 77' lang='grc' dir='ltr'>Ι</span> <span class='ocrx_word' id='word_1_140' title='bbox 678 1673 1068 1743; x_wconf 88' lang='lat' dir='ltr'><strong>declinamus;</strong></span> <span class='ocrx_word' id='word_1_141' title='bbox 1114 1693 1145 1735; x_wconf 90' lang='lat' dir='ltr'><strong>a</strong></span> <span class='ocrx_word' id='word_1_142' title='bbox 1192 1681 1469 1754; x_wconf 87' lang='lat' dir='ltr'><strong>quattuor</strong></span> <span class='ocrx_word' id='word_1_143' title='bbox 1513 1694 1695 1754; x_wconf 87' lang='lat' dir='ltr'><strong>usque</strong></span> <span class='ocrx_word' id='word_1_144' title='bbox 1741 1673 1811 1733; x_wconf 88' lang='lat' dir='ltr'><strong>ad</strong></span> <span class='ocrx_word' id='word_1_145' title='bbox 1861 1681 2097 1734; x_wconf 88' lang='lat' dir='ltr'><strong>centum</strong></span> <span class='ocrx_word' id='word_1_146' title='bbox 2146 1673 2444 1735; x_wconf 91' lang='lat' dir='ltr'><strong>declinare</strong></span> <span class='ocrx_word' id='word_1_147' title='bbox 2490 1692 2609 1734; x_wconf 92' lang='lat' dir='ltr'><strong>non</strong></span> <span class='ocrx_word' id='word_1_148' title='bbox 2651 1692 2997 1753; x_wconf 86' lang='lat' dir='ltr'><strong>possumus;</strong></span> 
     </span>
     <span class='ocr_line' id='line_1_15' title="bbox 416 1774 2996 1856; baseline 0 -21"><span class='ocrx_word' id='word_1_149' title='bbox 416 1796 447 1835; x_wconf 89' lang='lat' dir='ltr'><strong>a</strong></span> <span class='ocrx_word' id='word_1_150' title='bbox 496 1775 767 1837; x_wconf 90' lang='lat' dir='ltr'><strong>ducentis</strong></span> <span class='ocrx_word' id='word_1_151' title='bbox 813 1775 1177 1837; x_wconf 85' lang='lat' dir='ltr'><strong>declinamus</strong></span> <span class='ocrx_word' id='word_1_152' title='bbox 1226 1784 1284 1837; x_wconf 87' lang='lat' dir='ltr'><strong>et</strong></span> <span class='ocrx_word' id='word_1_153' title='bbox 1328 1776 1610 1856; x_wconf 84' lang='lat' dir='ltr'><strong>deinceps</strong></span> <span class='ocrx_word' id='word_1_154' title='bbox 1653 1785 1893 1856; x_wconf 84' lang='lat' dir='ltr'><strong>praeter</strong></span> <span class='ocrx_word' id='word_1_155' title='bbox 1924 1775 2116 1845; x_wconf 89' lang='lat' dir='ltr'><strong>mille,</strong></span> <span class='ocrx_word' id='word_1_156' title='bbox 2168 1783 2232 1837; x_wconf 88' lang='lat' dir='ltr'><strong>ut</strong></span> <span class='ocrx_word' id='word_1_157' title='bbox 2262 1777 2340 1836; x_wconf 87' lang='lat' dir='ltr'><strong>ait</strong></span> <span class='ocrx_word' id='word_1_158' title='bbox 2367 1774 2611 1835; x_wconf 79' lang='lat' dir='ltr'><strong>Plinius.</strong></span> <span class='ocrx_word' id='word_1_159' title='bbox 2687 1775 2847 1836; x_wconf 90' lang='lat' dir='ltr'><strong>mille</strong></span> <span class='ocrx_word' id='word_1_160' title='bbox 2879 1794 2996 1836; x_wconf 91' lang='lat' dir='ltr'><strong>non</strong></span> 
     </span>
     <span class='ocr_line' id='line_1_16' title="bbox 415 1876 3001 1958; baseline 0 -20"><span class='ocrx_word' id='word_1_161' title='bbox 415 1877 809 1957; x_wconf 86' lang='lat' dir='ltr'><strong>intellegitur,</strong></span> <span class='ocrx_word' id='word_1_162' title='bbox 868 1879 966 1958; x_wconf 87' lang='lat' dir='ltr'><strong>qui</strong></span> <span class='ocrx_word' id='word_1_163' title='bbox 1021 1896 1191 1938; x_wconf 88' lang='lat' dir='ltr'><strong>casus</strong></span> <span class='ocrx_word' id='word_1_164' title='bbox 1238 1885 1344 1938; x_wconf 88' lang='lat' dir='ltr'><strong>est.</strong></span> <span class='ocrx_word' id='word_1_165' title='bbox 1433 1878 1683 1954; x_wconf 82' lang='lat' dir='ltr'><strong>dicimus</strong></span> <span class='ocrx_word' id='word_1_166' title='bbox 1740 1879 1896 1938; x_wconf 90' lang='lat' dir='ltr'><strong>enim</strong></span> <span class='ocrx_word' id='word_1_167' title='bbox 1955 1888 2014 1938; x_wconf 86' lang='lat' dir='ltr'><strong>et</strong></span> <span class='ocrx_word' id='word_1_168' title='bbox 2072 1876 2265 1939; x_wconf 81' lang='lat' dir='ltr'><strong>‘mille</strong></span> <span class='ocrx_word' id='word_1_169' title='bbox 2321 1877 2592 1938; x_wconf 87' lang='lat' dir='ltr'><strong>homines</strong></span> <span class='ocrx_word' id='word_1_170' title='bbox 2646 1877 2884 1938; x_wconf 87' lang='lat' dir='ltr'><strong>docuit&#39;</strong></span> <span class='ocrx_word' id='word_1_171' title='bbox 2942 1887 3001 1938; x_wconf 87' lang='lat' dir='ltr'><strong>et</strong></span> 
     </span>
     <span class='ocr_line' id='line_1_17' title="bbox 339 1979 2997 2061; baseline 0 -21"><span class='ocrx_word' id='word_1_172' title='bbox 339 2002 386 2040; x_wconf 66' lang='grc' dir='ltr'><strong>ιε»</strong></span> <span class='ocrx_word' id='word_1_173' title='bbox 417 1979 620 2042; x_wconf 78' lang='lat' dir='ltr'><strong>‘mille</strong></span> <span class='ocrx_word' id='word_1_174' title='bbox 662 1981 973 2042; x_wconf 89' lang='lat' dir='ltr'><strong>hominum</strong></span> <span class='ocrx_word' id='word_1_175' title='bbox 1004 1982 1286 2059; x_wconf 86' lang='lat' dir='ltr'><strong>magister</strong></span> <span class='ocrx_word' id='word_1_176' title='bbox 1319 1985 1469 2042; x_wconf 85' lang='lat' dir='ltr'><strong>est&#39;:</strong></span> <span class='ocrx_word' id='word_1_177' title='bbox 1519 1980 1651 2042; x_wconf 90' lang='lat' dir='ltr'><strong>talis</strong></span> <span class='ocrx_word' id='word_1_178' title='bbox 1684 1988 1772 2041; x_wconf 86' lang='lat' dir='ltr'><strong>est</strong></span> <span class='ocrx_word' id='word_1_179' title='bbox 1801 1982 2182 2050; x_wconf 82' lang='lat' dir='ltr'><strong>accusativus,</strong></span> <span class='ocrx_word' id='word_1_180' title='bbox 2230 1979 2417 2061; x_wconf 91' lang='lat' dir='ltr'><strong>qualis</strong></span> <span class='ocrx_word' id='word_1_181' title='bbox 2450 1986 2506 2040; x_wconf 86' lang='lat' dir='ltr'><strong>et</strong></span> <span class='ocrx_word' id='word_1_182' title='bbox 2534 1982 2858 2057; x_wconf 82' lang='lat' dir='ltr'><strong>genetivus.</strong></span> <span class='ocrx_word' id='word_1_183' title='bbox 2935 1982 2997 2040; x_wconf 91' lang='lat' dir='ltr'><strong>in</strong></span> 
     </span>
     <span class='ocr_line' id='line_1_18' title="bbox 412 2080 2998 2163; baseline 0 -20"><span class='ocrx_word' id='word_1_184' title='bbox 412 2082 630 2163; x_wconf 87' lang='lat' dir='ltr'><strong>plurali</strong></span> <span class='ocrx_word' id='word_1_185' title='bbox 655 2101 796 2144; x_wconf 86' lang='lat' dir='ltr'><strong>vero</strong></span> <span class='ocrx_word' id='word_1_186' title='bbox 821 2082 1168 2152; x_wconf 88' lang='lat' dir='ltr'><strong>declinatur,</strong></span> <span class='ocrx_word' id='word_1_187' title='bbox 1202 2081 1363 2143; x_wconf 89' lang='lat' dir='ltr'><strong>milia</strong></span> <span class='ocrx_word' id='word_1_188' title='bbox 1388 2080 1612 2144; x_wconf 90' lang='lat' dir='ltr'><strong>milium</strong></span> <span class='ocrx_word' id='word_1_189' title='bbox 1644 2082 1898 2152; x_wconf 81' lang='lat' dir='ltr'><strong>milibuS,</strong></span> <span class='ocrx_word' id='word_1_190' title='bbox 1935 2100 2052 2143; x_wconf 90' lang='lat' dir='ltr'><strong>uno</strong></span> <span class='ocrx_word' id='word_1_191' title='bbox 2085 2081 2102 2142; x_wconf 97' lang='lat' dir='ltr'><strong>l</strong></span> <span class='ocrx_word' id='word_1_192' title='bbox 2132 2081 2383 2152; x_wconf 84' lang='lat' dir='ltr'><strong>sublate,</strong></span> <span class='ocrx_word' id='word_1_193' title='bbox 2417 2090 2481 2143; x_wconf 93' lang='lat' dir='ltr'><strong>ut</strong></span> <span class='ocrx_word' id='word_1_194' title='bbox 2511 2080 2743 2143; x_wconf 75' lang='lat' dir='ltr'><strong>‘milia</strong></span> <span class='ocrx_word' id='word_1_195' title='bbox 2775 2082 2998 2143; x_wconf 86' lang='lat' dir='ltr'><strong>multa</strong></span> 
     </span>
     <span class='ocr_line' id='line_1_19' title="bbox 413 2184 3090 2264; baseline 0.001 -19"><span class='ocrx_word' id='word_1_196' title='bbox 413 2185 633 2251; x_wconf 88' lang='lat' dir='ltr'><strong>daret</strong></span> <span class='ocrx_word' id='word_1_197' title='bbox 690 2184 899 2246; x_wconf 90' lang='lat' dir='ltr'><strong>leto’.</strong></span> <span class='ocrx_word' id='word_1_198' title='bbox 958 2219 1042 2229; x_wconf 91' lang='lat'>—</span> <span class='ocrx_word' id='word_1_199' title='bbox 1098 2186 1608 2247; x_wconf 85' lang='lat' dir='ltr'><strong>Nominativus</strong></span> <span class='ocrx_word' id='word_1_200' title='bbox 1672 2187 1743 2246; x_wconf 90' lang='lat' dir='ltr'><strong>in</strong></span> <span class='ocrx_word' id='word_1_201' title='bbox 1800 2204 1932 2247; x_wconf 89' lang='lat' dir='ltr'><strong>usu</strong></span> <span class='ocrx_word' id='word_1_202' title='bbox 1988 2204 2128 2245; x_wconf 86' lang='lat' dir='ltr'><strong>non</strong></span> <span class='ocrx_word' id='word_1_203' title='bbox 2188 2192 2324 2255; x_wconf 88' lang='lat' dir='ltr'><strong>est,</strong></span> <span class='ocrx_word' id='word_1_204' title='bbox 2380 2193 2457 2245; x_wconf 90' lang='lat' dir='ltr'><strong>ut</strong></span> <span class='ocrx_word' id='word_1_205' title='bbox 2509 2186 2749 2264; x_wconf 86' lang='lat' dir='ltr'><strong>siquis</strong></span> <span class='ocrx_word' id='word_1_206' title='bbox 2805 2185 3090 2248; x_wconf 80' lang='lat' dir='ltr'><strong>dicat29</strong></span> 
     </span>
     <span class='ocr_line' id='line_1_20' title="bbox 412 2285 2996 2368; baseline 0 -21"><span class='ocrx_word' id='word_1_207' title='bbox 412 2287 605 2348; x_wconf 89' lang='lat' dir='ltr'><strong>hunc</strong></span> <span class='ocrx_word' id='word_1_208' title='bbox 649 2287 992 2349; x_wconf 87' lang='lat' dir='ltr'><strong>laterem:</strong></span> <span class='ocrx_word' id='word_1_209' title='bbox 1040 2285 1269 2349; x_wconf 89' lang='lat' dir='ltr'><strong>Probus</strong></span> <span class='ocrx_word' id='word_1_210' title='bbox 1313 2289 1372 2348; x_wconf 92' lang='lat' dir='ltr'><strong>in</strong></span> <span class='ocrx_word' id='word_1_211' title='bbox 1418 2293 1545 2349; x_wconf 90' lang='lat' dir='ltr'><strong>arte</strong></span> <span class='ocrx_word' id='word_1_212' title='bbox 1590 2305 1768 2366; x_wconf 90' lang='lat' dir='ltr'><strong>quam</strong></span> <span class='ocrx_word' id='word_1_213' title='bbox 1813 2286 1888 2348; x_wconf 87' lang='lat' dir='ltr'><strong>de</strong></span> <span class='ocrx_word' id='word_1_214' title='bbox 1933 2287 2154 2365; x_wconf 85' lang='lat' dir='ltr'><strong>regulis</strong></span> <span class='ocrx_word' id='word_1_215' title='bbox 2197 2285 2432 2367; x_wconf 79' lang='lat' dir='ltr'><strong>scripsit</strong></span> <span class='ocrx_word' id='word_1_216' title='bbox 2478 2286 2573 2348; x_wconf 90' lang='lat' dir='ltr'><strong>hic</strong></span> <span class='ocrx_word' id='word_1_217' title='bbox 2604 2285 2752 2348; x_wconf 87' lang='lat' dir='ltr'><strong>later</strong></span> <span class='ocrx_word' id='word_1_218' title='bbox 2781 2289 2996 2368; x_wconf 87' lang='lat' dir='ltr'><strong>posuit.</strong></span> 
     </span>
     <span class='ocr_line' id='line_1_21' title="bbox 412 2389 3092 2456; baseline -0 -5"><span class='ocrx_word' id='word_1_219' title='bbox 412 2390 563 2451; x_wconf 83' lang='lat' dir='ltr'><strong>haec</strong></span> <span class='ocrx_word' id='word_1_220' title='bbox 622 2397 815 2451; x_wconf 90' lang='lat' dir='ltr'><strong>autem</strong></span> <span class='ocrx_word' id='word_1_221' title='bbox 873 2389 1025 2450; x_wconf 89' lang='lat' dir='ltr'><strong>dicio</strong></span> <span class='ocrx_word' id='word_1_222' title='bbox 1081 2408 1199 2451; x_wconf 92' lang='lat' dir='ltr'><strong>non</strong></span> <span class='ocrx_word' id='word_1_223' title='bbox 1257 2398 1347 2452; x_wconf 88' lang='lat' dir='ltr'><strong>est</strong></span> <span class='ocrx_word' id='word_1_224' title='bbox 1400 2390 1569 2451; x_wconf 89' lang='lat' dir='ltr'><strong>lecta.</strong></span> <span class='ocrx_word' id='word_1_225' title='bbox 1618 2425 1700 2433; x_wconf 96' lang='lat'>—</span> <span class='ocrx_word' id='word_1_226' title='bbox 1745 2390 1996 2451; x_wconf 89' lang='lat' dir='ltr'><strong>Casus:</strong></span> <span class='ocrx_word' id='word_1_227' title='bbox 2065 2397 2185 2451; x_wconf 88' lang='lat' dir='ltr'><strong>tres</strong></span> <span class='ocrx_word' id='word_1_228' title='bbox 2242 2397 2468 2451; x_wconf 86' lang='lat' dir='ltr'><strong>tantum</strong></span> <span class='ocrx_word' id='word_1_229' title='bbox 2534 2407 2703 2450; x_wconf 88' lang='lat' dir='ltr'><strong>casus</strong></span> <span class='ocrx_word' id='word_1_230' title='bbox 2760 2389 2999 2456; x_wconf 89' lang='lat' dir='ltr'><strong>habent,</strong></span> <span class='ocrx_word' id='word_1_231' title='bbox 3027 2407 3092 2456; x_wconf 86' lang='lat'><strong>30</strong></span> 
     </span>
     <span class='ocr_line' id='line_1_22' title="bbox 333 2491 2998 2571; baseline -0 -16"><span class='ocrx_word' id='word_1_232' title='bbox 333 2516 384 2555; x_wconf 76' lang='lat'><strong>20</strong></span> <span class='ocrx_word' id='word_1_233' title='bbox 412 2494 839 2554; x_wconf 84' lang='lat' dir='ltr'><strong>nominativum</strong></span> <span class='ocrx_word' id='word_1_234' title='bbox 884 2494 1221 2571; x_wconf 85' lang='lat' dir='ltr'><strong>genetivum</strong></span> <span class='ocrx_word' id='word_1_235' title='bbox 1268 2500 1327 2553; x_wconf 90' lang='lat' dir='ltr'><strong>et</strong></span> <span class='ocrx_word' id='word_1_236' title='bbox 1355 2494 1764 2555; x_wconf 88' lang='lat' dir='ltr'><strong>accusativum.</strong></span> <span class='ocrx_word' id='word_1_237' title='bbox 1814 2526 1895 2536; x_wconf 92' lang='lat'>—</span> <span class='ocrx_word' id='word_1_238' title='bbox 1925 2491 2085 2552; x_wconf 86' lang='lat' dir='ltr'><strong>Haec</strong></span> <span class='ocrx_word' id='word_1_239' title='bbox 2116 2494 2352 2553; x_wconf 90' lang='lat' dir='ltr'><strong>nomina</strong></span> <span class='ocrx_word' id='word_1_240' title='bbox 2385 2499 2589 2553; x_wconf 82' lang='lat' dir='ltr'><strong>carent</strong></span> <span class='ocrx_word' id='word_1_241' title='bbox 2619 2493 2998 2562; x_wconf 87' lang='lat' dir='ltr'><strong>nominativo,</strong></span> 
     </span>
     <span class='ocr_line' id='line_1_23' title="bbox 413 2593 3002 2677; baseline -0 -22"><span class='ocrx_word' id='word_1_242' title='bbox 413 2598 554 2677; x_wconf 90' lang='lat' dir='ltr'><strong>quia</strong></span> <span class='ocrx_word' id='word_1_243' title='bbox 610 2614 724 2656; x_wconf 85' lang='lat' dir='ltr'><strong>nec</strong></span> <span class='ocrx_word' id='word_1_244' title='bbox 777 2594 874 2655; x_wconf 90' lang='lat' dir='ltr'><strong>hic</strong></span> <span class='ocrx_word' id='word_1_245' title='bbox 929 2593 1130 2656; x_wconf 89' lang='lat' dir='ltr'><strong>lateris</strong></span> <span class='ocrx_word' id='word_1_246' title='bbox 1186 2602 1378 2676; x_wconf 86' lang='lat' dir='ltr'><strong>potest</strong></span> <span class='ocrx_word' id='word_1_247' title='bbox 1433 2595 1549 2656; x_wconf 88' lang='lat' dir='ltr'><strong>dici</strong></span> <span class='ocrx_word' id='word_1_248' title='bbox 1595 2614 1707 2657; x_wconf 90' lang='lat' dir='ltr'><strong>nec</strong></span> <span class='ocrx_word' id='word_1_249' title='bbox 1759 2595 1908 2656; x_wconf 90' lang='lat' dir='ltr'><strong>haec</strong></span> <span class='ocrx_word' id='word_1_250' title='bbox 1954 2593 2126 2655; x_wconf 86' lang='lat' dir='ltr'><strong>dicio.</strong></span> <span class='ocrx_word' id='word_1_251' title='bbox 2172 2629 2255 2637; x_wconf 89' lang='lat'>—</span> <span class='ocrx_word' id='word_1_252' title='bbox 2300 2594 2479 2655; x_wconf 88' lang='lat' dir='ltr'><strong>ltem</strong></span> <span class='ocrx_word' id='word_1_253' title='bbox 2524 2613 2653 2673; x_wconf 89' lang='lat' dir='ltr'><strong>per</strong></span> <span class='ocrx_word' id='word_1_254' title='bbox 2707 2601 3002 2656; x_wconf 86' lang='lat' dir='ltr'><strong>ceteros</strong></span> 
     </span>
     <span class='ocr_line' id='line_1_24' title="bbox 414 2695 2997 2777; baseline -0.002 -17"><span class='ocrx_word' id='word_1_255' title='bbox 414 2718 634 2760; x_wconf 87' lang='lat' dir='ltr'><strong>casus</strong></span> <span class='ocrx_word' id='word_1_256' title='bbox 677 2698 972 2759; x_wconf 90' lang='lat' dir='ltr'><strong>nomina</strong></span> <span class='ocrx_word' id='word_1_257' title='bbox 1018 2696 1242 2758; x_wconf 91' lang='lat' dir='ltr'><strong>multa</strong></span> <span class='ocrx_word' id='word_1_258' title='bbox 1299 2697 1698 2759; x_wconf 82' lang='lat' dir='ltr'><strong>deficiunt:</strong></span> <span class='ocrx_word' id='word_1_259' title='bbox 1759 2704 1970 2777; x_wconf 88' lang='lat' dir='ltr'><strong>sponte</strong></span> <span class='ocrx_word' id='word_1_260' title='bbox 2018 2698 2337 2776; x_wconf 88' lang='lat' dir='ltr'><strong>septimum</strong></span> <span class='ocrx_word' id='word_1_261' title='bbox 2382 2715 2585 2758; x_wconf 87' lang='lat' dir='ltr'><strong>casum</strong></span> <span class='ocrx_word' id='word_1_262' title='bbox 2633 2695 2839 2764; x_wconf 62' lang='lat' dir='ltr'><strong>haben</strong></span> <span class='ocrx_word' id='word_1_263' title='bbox 2895 2697 2997 2757; x_wconf 87' lang='lat' dir='ltr'><strong>sed</strong></span> 
     </span>
     <span class='ocr_line' id='line_1_25' title="bbox 409 2798 3003 2883; baseline 0 -22"><span class='ocrx_word' id='word_1_264' title='bbox 409 2803 800 2862; x_wconf 87' lang='lat' dir='ltr'><strong>inveniuntur</strong></span> <span class='ocrx_word' id='word_1_265' title='bbox 836 2798 847 2883; x_wconf 84' lang='grc' dir='ltr'>Ι</span> <span class='ocrx_word' id='word_1_266' title='bbox 886 2802 1122 2862; x_wconf 91' lang='lat' dir='ltr'><strong>nomina</strong></span> <span class='ocrx_word' id='word_1_267' title='bbox 1181 2819 1332 2879; x_wconf 90' lang='lat' dir='ltr'><strong>quae</strong></span> <span class='ocrx_word' id='word_1_268' title='bbox 1378 2800 1579 2871; x_wconf 53' lang='lat' dir='ltr'><strong>hiuma,</strong></span> <span class='ocrx_word' id='word_1_269' title='bbox 1636 2811 1701 2862; x_wconf 88' lang='lat' dir='ltr'><strong>ut</strong></span> <span class='ocrx_word' id='word_1_270' title='bbox 1753 2801 1850 2862; x_wconf 88' lang='lat' dir='ltr'><strong>hic</strong></span> <span class='ocrx_word' id='word_1_271' title='bbox 1894 2800 2153 2881; x_wconf 87' lang='lat' dir='ltr'><strong>luppiter</strong></span> <span class='ocrx_word' id='word_1_272' title='bbox 2198 2818 2233 2860; x_wconf 95' lang='lat' dir='ltr'><strong>o</strong></span> <span class='ocrx_word' id='word_1_273' title='bbox 2278 2800 2569 2879; x_wconf 86' lang='lat' dir='ltr'><strong>Iuppiter;</strong></span> <span class='ocrx_word' id='word_1_274' title='bbox 2626 2801 3003 2861; x_wconf 88' lang='lat' dir='ltr'><strong>inveniuntur</strong></span> 
     </span>
     <span class='ocr_line' id='line_1_26' title="bbox 415 2903 3004 2983; baseline -0.001 -17"><span class='ocrx_word' id='word_1_275' title='bbox 415 2922 571 2983; x_wconf 86' lang='lat' dir='ltr'><strong>quae</strong></span> <span class='ocrx_word' id='word_1_276' title='bbox 600 2912 837 2972; x_wconf 87' lang='lat' dir='ltr'><strong>ternos,</strong></span> <span class='ocrx_word' id='word_1_277' title='bbox 870 2910 936 2964; x_wconf 90' lang='lat' dir='ltr'><strong>ut</strong></span> <span class='ocrx_word' id='word_1_278' title='bbox 964 2903 1076 2965; x_wconf 90' lang='lat' dir='ltr'><strong>hoc</strong></span> <span class='ocrx_word' id='word_1_279' title='bbox 1106 2903 1198 2964; x_wconf 92' lang='lat' dir='ltr'><strong>ius</strong></span> <span class='ocrx_word' id='word_1_280' title='bbox 1228 2903 1403 2965; x_wconf 90' lang='lat' dir='ltr'><strong>huius</strong></span> <span class='ocrx_word' id='word_1_281' title='bbox 1432 2904 1576 2965; x_wconf 89' lang='lat' dir='ltr'><strong>iuris</strong></span> <span class='ocrx_word' id='word_1_282' title='bbox 1601 2928 1636 2959; x_wconf 57' lang='lat' dir='ltr'><strong>a</strong></span> <span class='ocrx_word' id='word_1_283' title='bbox 1684 2923 1718 2964; x_wconf 91' lang='lat' dir='ltr'><strong>o</strong></span> <span class='ocrx_word' id='word_1_284' title='bbox 1747 2904 1908 2971; x_wconf 90' lang='lat' dir='ltr'><strong>iura;</strong></span> <span class='ocrx_word' id='word_1_285' title='bbox 1954 2904 2334 2963; x_wconf 87' lang='lat' dir='ltr'><strong>inveniuntur</strong></span> <span class='ocrx_word' id='word_1_286' title='bbox 2366 2921 2513 2982; x_wconf 88' lang='lat' dir='ltr'><strong>quae</strong></span> <span class='ocrx_word' id='word_1_287' title='bbox 2545 2909 2890 2983; x_wconf 90' lang='lat' dir='ltr'><strong>quaternos,</strong></span> <span class='ocrx_word' id='word_1_288' title='bbox 2938 2910 3004 2963; x_wconf 88' lang='lat' dir='ltr'><strong>ut</strong></span> 
     </span>
     <span class='ocr_line' id='line_1_27' title="bbox 335 3003 2999 3070; baseline -0.002 0"><span class='ocrx_word' id='word_1_289' title='bbox 335 3006 593 3070; x_wconf 62' lang='lat' dir='ltr'><strong>ffihuius</strong></span> <span class='ocrx_word' id='word_1_290' title='bbox 631 3004 833 3067; x_wconf 90' lang='lat' dir='ltr'><strong>lateris</strong></span> <span class='ocrx_word' id='word_1_291' title='bbox 876 3004 1047 3066; x_wconf 90' lang='lat' dir='ltr'><strong>lateri</strong></span> <span class='ocrx_word' id='word_1_292' title='bbox 1101 3004 1345 3067; x_wconf 90' lang='lat' dir='ltr'><strong>laterem</strong></span> <span class='ocrx_word' id='word_1_293' title='bbox 1391 3003 1465 3065; x_wconf 90' lang='lat' dir='ltr'><strong>ab</strong></span> <span class='ocrx_word' id='word_1_294' title='bbox 1512 3006 1625 3067; x_wconf 90' lang='lat' dir='ltr'><strong>hoc</strong></span> <span class='ocrx_word' id='word_1_295' title='bbox 1669 3005 1883 3066; x_wconf 85' lang='lat' dir='ltr'><strong>latere:</strong></span> <span class='ocrx_word' id='word_1_296' title='bbox 1942 3007 2364 3065; x_wconf 88' lang='lat' dir='ltr'><strong>nominativum</strong></span> <span class='ocrx_word' id='word_1_297' title='bbox 2410 3012 2470 3067; x_wconf 87' lang='lat' dir='ltr'><strong>et</strong></span> <span class='ocrx_word' id='word_1_298' title='bbox 2512 3006 2837 3065; x_wconf 89' lang='lat' dir='ltr'><strong>vocativum</strong></span> <span class='ocrx_word' id='word_1_299' title='bbox 2883 3023 2999 3065; x_wconf 91' lang='lat' dir='ltr'><strong>non</strong></span> 
     </span>
     <span class='ocr_line' id='line_1_28' title="bbox 414 3106 3092 3187; baseline 0.001 -20"><span class='ocrx_word' id='word_1_300' title='bbox 414 3107 628 3176; x_wconf 87' lang='lat' dir='ltr'><strong>babet;</strong></span> <span class='ocrx_word' id='word_1_301' title='bbox 664 3125 782 3167; x_wconf 89' lang='lat' dir='ltr'><strong>non</strong></span> <span class='ocrx_word' id='word_1_302' title='bbox 815 3108 972 3167; x_wconf 89' lang='lat' dir='ltr'><strong>enim</strong></span> <span class='ocrx_word' id='word_1_303' title='bbox 1005 3107 1145 3167; x_wconf 79' lang='lat' dir='ltr'><strong>facit</strong></span> <span class='ocrx_word' id='word_1_304' title='bbox 1171 3106 1339 3168; x_wconf 85' lang='lat' dir='ltr'><strong>later.</strong></span> <span class='ocrx_word' id='word_1_305' title='bbox 1378 3141 1456 3151; x_wconf 89' lang='lat'><strong>——</strong></span> <span class='ocrx_word' id='word_1_306' title='bbox 1488 3110 1572 3169; x_wconf 92' lang='lat' dir='ltr'><strong>Vt</strong></span> <span class='ocrx_word' id='word_1_307' title='bbox 1615 3110 1922 3187; x_wconf 88' lang='lat' dir='ltr'><strong>ignarus</strong></span> <span class='ocrx_word' id='word_1_308' title='bbox 1968 3106 2179 3169; x_wconf 88' lang='lat' dir='ltr'><strong>belli:</strong></span> <span class='ocrx_word' id='word_1_309' title='bbox 2217 3116 2275 3167; x_wconf 89' lang='lat' dir='ltr'><strong>et</strong></span> <span class='ocrx_word' id='word_1_310' title='bbox 2304 3108 2548 3186; x_wconf 83' lang='lat' dir='ltr'><strong>ignarus</strong></span> <span class='ocrx_word' id='word_1_311' title='bbox 2579 3106 2721 3167; x_wconf 89' lang='lat' dir='ltr'><strong>belli</strong></span> <span class='ocrx_word' id='word_1_312' title='bbox 2751 3107 3003 3168; x_wconf 87' lang='lat' dir='ltr'><strong>dicimus</strong></span> <span class='ocrx_word' id='word_1_313' title='bbox 3027 3124 3092 3172; x_wconf 80' lang='lat'><strong>32</strong></span> 
     </span>
     <span class='ocr_line' id='line_1_29' title="bbox 421 3207 3198 3287; baseline 0.001 -18"><span class='ocrx_word' id='word_1_314' title='bbox 421 3216 478 3269; x_wconf 87' lang='lat' dir='ltr'><strong>et</strong></span> <span class='ocrx_word' id='word_1_315' title='bbox 528 3210 770 3287; x_wconf 88' lang='lat' dir='ltr'><strong>ignarus</strong></span> <span class='ocrx_word' id='word_1_316' title='bbox 814 3207 1124 3270; x_wconf 86' lang='lat' dir='ltr'><strong>bellorum.</strong></span> <span class='ocrx_word' id='word_1_317' title='bbox 1157 3244 1238 3255; x_wconf 92' lang='lat'><em>-</em></span> <span class='ocrx_word' id='word_1_318' title='bbox 1270 3210 1579 3271; x_wconf 91' lang='lat' dir='ltr'><strong>Secundus</strong></span> <span class='ocrx_word' id='word_1_319' title='bbox 1609 3209 1718 3271; x_wconf 89' lang='lat' dir='ltr'><strong>tibi</strong></span> <span class='ocrx_word' id='word_1_320' title='bbox 1749 3229 1869 3272; x_wconf 90' lang='lat' dir='ltr'><strong>non</strong></span> <span class='ocrx_word' id='word_1_321' title='bbox 1902 3209 2143 3280; x_wconf 88' lang='lat' dir='ltr'><strong>dicitur,</strong></span> <span class='ocrx_word' id='word_1_322' title='bbox 2192 3208 2297 3269; x_wconf 90' lang='lat' dir='ltr'><strong>sed</strong></span> <span class='ocrx_word' id='word_1_323' title='bbox 2342 3209 2671 3271; x_wconf 80' lang='lat' dir='ltr'><strong>‘secundus</strong></span> <span class='ocrx_word' id='word_1_324' title='bbox 2702 3228 2735 3269; x_wconf 92' lang='lat' dir='ltr'><strong>a</strong></span> <span class='ocrx_word' id='word_1_325' title='bbox 2767 3216 2824 3269; x_wconf 88' lang='lat' dir='ltr'><strong>te</strong></span> <span class='ocrx_word' id='word_1_326' title='bbox 2852 3213 2996 3270; x_wconf 90' lang='lat' dir='ltr'><strong>est&#39;.</strong></span> <span class='ocrx_word' id='word_1_327' title='bbox 3025 3225 3143 3287; x_wconf 81' lang='lat'><strong>378,</strong></span> <span class='ocrx_word' id='word_1_328' title='bbox 3176 3226 3198 3273; x_wconf 90' lang='lat'>1</span> 
     </span>
     <span class='ocr_line' id='line_1_30' title="bbox 423 3293 3059 3391; baseline 0.001 -19"><span class='ocrx_word' id='word_1_329' title='bbox 423 3346 495 3355; x_wconf 95' lang='lat'>-</span> <span class='ocrx_word' id='word_1_330' title='bbox 546 3312 767 3389; x_wconf 88' lang='lat' dir='ltr'><strong>Dignus</strong></span> <span class='ocrx_word' id='word_1_331' title='bbox 810 3310 968 3372; x_wconf 89' lang='lat' dir='ltr'><strong>illam</strong></span> <span class='ocrx_word' id='word_1_332' title='bbox 1018 3331 1143 3372; x_wconf 89' lang='lat' dir='ltr'><strong>rem</strong></span> <span class='ocrx_word' id='word_1_333' title='bbox 1188 3313 1530 3382; x_wconf 86' lang='lat' dir='ltr'><strong>Terentius,</strong></span> <span class='ocrx_word' id='word_1_334' title='bbox 1578 3312 1878 3391; x_wconf 80' lang='lat' dir='ltr'><strong>‘dignus</strong></span> <span class='ocrx_word' id='word_1_335' title='bbox 1934 3332 2089 3375; x_wconf 92' lang='lat' dir='ltr'><strong>cum</strong></span> <span class='ocrx_word' id='word_1_336' title='bbox 2147 3320 2266 3374; x_wconf 87' lang='lat' dir='ltr'><strong>tua</strong></span> <span class='ocrx_word' id='word_1_337' title='bbox 2309 3310 2682 3389; x_wconf 80' lang='lat' dir='ltr'><strong>religione</strong></span> <span class='ocrx_word' id='word_1_338' title='bbox 2727 3293 3059 3381; x_wconf 77' lang='lat' dir='ltr'><strong>odium‚2</strong></span> 
     </span>
     <span class='ocr_line' id='line_1_31' title="bbox 414 3411 1487 3493; baseline 0 -19"><span class='ocrx_word' id='word_1_339' title='bbox 414 3411 679 3474; x_wconf 86' lang='lat' dir='ltr'><strong>nodum</strong></span> <span class='ocrx_word' id='word_1_340' title='bbox 725 3414 796 3472; x_wconf 90' lang='lat' dir='ltr'><strong>in</strong></span> <span class='ocrx_word' id='word_1_341' title='bbox 842 3414 1088 3493; x_wconf 90' lang='lat' dir='ltr'><strong>scirpo</strong></span> <span class='ocrx_word' id='word_1_342' title='bbox 1135 3416 1487 3492; x_wconf 89' lang='lat' dir='ltr'><strong>quaeris&#39;.</strong></span> 
     </span>
     <span class='ocr_line' id='line_1_32' title="bbox 334 3513 3061 3597; baseline 0.002 -23"><span class='ocrx_word' id='word_1_343' title='bbox 334 3544 389 3582; x_wconf 61' lang='grc' dir='ltr'>ω</span> <span class='ocrx_word' id='word_1_344' title='bbox 589 3513 751 3574; x_wconf 87' lang='lat' dir='ltr'><strong>Inter</strong></span> <span class='ocrx_word' id='word_1_345' title='bbox 796 3522 1179 3595; x_wconf 88' lang='lat' dir='ltr'><strong>monoptoton</strong></span> <span class='ocrx_word' id='word_1_346' title='bbox 1231 3525 1289 3578; x_wconf 90' lang='lat' dir='ltr'><strong>et</strong></span> <span class='ocrx_word' id='word_1_347' title='bbox 1333 3524 1574 3597; x_wconf 88' lang='lat' dir='ltr'><strong>aptoton</strong></span> <span class='ocrx_word' id='word_1_348' title='bbox 1620 3517 1736 3579; x_wconf 90' lang='lat' dir='ltr'><strong>hoc</strong></span> <span class='ocrx_word' id='word_1_349' title='bbox 1779 3519 2053 3578; x_wconf 87' lang='lat' dir='ltr'><strong>interest:</strong></span> <span class='ocrx_word' id='word_1_350' title='bbox 2111 3525 2505 3597; x_wconf 85' lang='lat' dir='ltr'><strong>monoptoton</strong></span> <span class='ocrx_word' id='word_1_351' title='bbox 2562 3522 2651 3577; x_wconf 89' lang='lat' dir='ltr'><strong>est</strong></span> <span class='ocrx_word' id='word_1_352' title='bbox 2694 3515 2850 3596; x_wconf 86' lang='lat' dir='ltr'><strong>quod</strong></span> <span class='ocrx_word' id='word_1_353' title='bbox 2894 3534 3061 3596; x_wconf 87' lang='lat' dir='ltr'><strong>per4</strong></span> 
     </span>
     <span class='ocr_line' id='line_1_33' title="bbox 308 3617 2998 3698; baseline 0.001 -23"><span class='ocrx_word' id='word_1_354' title='bbox 308 3625 311 3626; x_wconf 72' lang='grc'>’</span> <span class='ocrx_word' id='word_1_355' title='bbox 420 3635 626 3676; x_wconf 83' lang='lat' dir='ltr'><strong>omnes</strong></span> <span class='ocrx_word' id='word_1_356' title='bbox 662 3634 833 3677; x_wconf 88' lang='lat' dir='ltr'><strong>casus</strong></span> <span class='ocrx_word' id='word_1_357' title='bbox 865 3617 1020 3677; x_wconf 88' lang='lat' dir='ltr'><strong>idem</strong></span> <span class='ocrx_word' id='word_1_358' title='bbox 1053 3620 1367 3697; x_wconf 85' lang='lat' dir='ltr'><strong>significat,</strong></span> <span class='ocrx_word' id='word_1_359' title='bbox 1401 3628 1465 3681; x_wconf 88' lang='lat' dir='ltr'><strong>ut</strong></span> <span class='ocrx_word' id='word_1_360' title='bbox 1494 3620 1676 3698; x_wconf 80' lang='lat' dir='ltr'><strong>frugi3</strong></span> <span class='ocrx_word' id='word_1_361' title='bbox 1723 3626 1965 3698; x_wconf 89' lang='lat' dir='ltr'><strong>aptoton</strong></span> <span class='ocrx_word' id='word_1_362' title='bbox 2001 3625 2090 3679; x_wconf 90' lang='lat' dir='ltr'><strong>est</strong></span> <span class='ocrx_word' id='word_1_363' title='bbox 2120 3619 2274 3696; x_wconf 90' lang='lat' dir='ltr'><strong>quod</strong></span> <span class='ocrx_word' id='word_1_364' title='bbox 2307 3627 2534 3680; x_wconf 89' lang='lat' dir='ltr'><strong>tantum</strong></span> <span class='ocrx_word' id='word_1_365' title='bbox 2566 3637 2750 3679; x_wconf 91' lang='lat' dir='ltr'><strong>unum</strong></span> <span class='ocrx_word' id='word_1_366' title='bbox 2782 3637 2998 3693; x_wconf 87' lang='lat' dir='ltr'><strong>casum,</strong></span> 
     </span>
     <span class='ocr_line' id='line_1_34' title="bbox 416 3719 3002 3802; baseline 0.001 -23"><span class='ocrx_word' id='word_1_367' title='bbox 416 3737 594 3798; x_wconf 88' lang='lat' dir='ltr'><strong>quem</strong></span> <span class='ocrx_word' id='word_1_368' title='bbox 640 3719 963 3788; x_wconf 88' lang='lat' dir='ltr'><strong>invenerit,</strong></span> <span class='ocrx_word' id='word_1_369' title='bbox 1023 3728 1217 3780; x_wconf 87' lang='lat' dir='ltr'><strong>servat</strong></span> <span class='ocrx_word' id='word_1_370' title='bbox 1272 3730 1330 3783; x_wconf 90' lang='lat' dir='ltr'><strong>et</strong></span> <span class='ocrx_word' id='word_1_371' title='bbox 1384 3741 1504 3783; x_wconf 90' lang='lat' dir='ltr'><strong>non</strong></span> <span class='ocrx_word' id='word_1_372' title='bbox 1560 3722 1839 3791; x_wconf 83' lang='lat' dir='ltr'><strong>flectitur,</strong></span> <span class='ocrx_word' id='word_1_373' title='bbox 1898 3728 1963 3782; x_wconf 87' lang='lat' dir='ltr'><strong>ut</strong></span> <span class='ocrx_word' id='word_1_374' title='bbox 2008 3720 2080 3782; x_wconf 83' lang='lat' dir='ltr'><strong>ab</strong></span> <span class='ocrx_word' id='word_1_375' title='bbox 2126 3720 2235 3782; x_wconf 91' lang='lat' dir='ltr'><strong>hac</strong></span> <span class='ocrx_word' id='word_1_376' title='bbox 2281 3721 2531 3783; x_wconf 85' lang='lat' dir='ltr'><strong>dicione.</strong></span> <span class='ocrx_word' id='word_1_377' title='bbox 2605 3739 2799 3802; x_wconf 91' lang='lat' dir='ltr'><strong>neque</strong></span> <span class='ocrx_word' id='word_1_378' title='bbox 2846 3723 3002 3782; x_wconf 90' lang='lat' dir='ltr'><strong>enim</strong></span> 
     </span>
    </p>
   </div>
   <div class='ocr_carea' id='block_1_3' title="bbox 409 3856 1024 3864">
    <p class='ocr_par' dir='ltr' id='par_1_3' title="bbox 409 3856 1024 3864">
     <span class='ocr_line' id='line_1_35' title="bbox 409 3856 1024 3864; baseline 0 -1"><span class='ocrx_word' id='word_1_379' title='bbox 409 3857 481 3863; x_wconf 68' lang='lat'><strong>—-</strong></span> <span class='ocrx_word' id='word_1_380' title='bbox 516 3858 667 3862; x_wconf 28' lang='grc' dir='ltr'><strong>’ψ’-κ</strong></span> <span class='ocrx_word' id='word_1_381' title='bbox 702 3858 819 3862; x_wconf 35' lang='grc' dir='ltr'><strong>ἿΫΛ-</strong></span> <span class='ocrx_word' id='word_1_382' title='bbox 868 3856 1024 3864; x_wconf 44' lang='grc' dir='ltr'><strong>ἶ---.</strong></span> 
     </span>
    </p>
   </div>
   <div class='ocr_carea' id='block_1_4' title="bbox 413 3937 3032 4292">
    <p class='ocr_par' dir='ltr' id='par_1_4' title="bbox 413 3937 3032 4150">
     <span class='ocr_line' id='line_1_36' title="bbox 556 3937 2998 4009; baseline -0 -17"><span class='ocrx_word' id='word_1_383' title='bbox 556 3940 675 3992; x_wconf 79' lang='lat' dir='ltr'><strong>cod.</strong></span> <span class='ocrx_word' id='word_1_384' title='bbox 708 3941 871 3994; x_wconf 78' lang='lat' dir='ltr'><strong>Bern.</strong></span> <span class='ocrx_word' id='word_1_385' title='bbox 914 3937 1001 3989; x_wconf 86' lang='lat' dir='ltr'><strong>vn</strong></span> <span class='ocrx_word' id='word_1_386' title='bbox 1036 3941 1069 3993; x_wconf 85' lang='lat'>6</span> <span class='ocrx_word' id='word_1_387' title='bbox 1093 3941 1237 3992; x_wconf 81' lang='lat'><strong>-7*.</strong></span> <span class='ocrx_word' id='word_1_388' title='bbox 1347 3944 1373 3993; x_wconf 91' lang='lat'>1</span> <span class='ocrx_word' id='word_1_389' title='bbox 1409 3943 1662 3992; x_wconf 81' lang='lat' dir='ltr'><strong>ablatiuus</strong></span> <span class='ocrx_word' id='word_1_390' title='bbox 1699 3942 1893 3992; x_wconf 75' lang='lat' dir='ltr'><strong>similes</strong></span> <span class='ocrx_word' id='word_1_391' title='bbox 1935 3943 2048 4009; x_wconf 85' lang='lat' dir='ltr'><strong>lege</strong></span> <span class='ocrx_word' id='word_1_392' title='bbox 2085 3957 2233 4008; x_wconf 76' lang='lat' dir='ltr'><strong>pares</strong></span> <span class='ocrx_word' id='word_1_393' title='bbox 2270 3950 2385 3992; x_wconf 85' lang='lat' dir='ltr'><strong>sunt</strong></span> <span class='ocrx_word' id='word_1_394' title='bbox 2411 3943 2651 4008; x_wconf 79' lang='lat' dir='ltr'><strong>gentibus</strong></span> <span class='ocrx_word' id='word_1_395' title='bbox 2758 3942 2789 3992; x_wconf 77' lang='lat'><strong>3</strong></span> <span class='ocrx_word' id='word_1_396' title='bbox 2827 3939 2998 4008; x_wconf 86' lang='lat' dir='ltr'><strong>pares]</strong></span> 
     </span>
     <span class='ocr_line' id='line_1_37' title="bbox 413 4009 3004 4079; baseline 0 -19"><span class='ocrx_word' id='word_1_397' title='bbox 413 4025 566 4076; x_wconf 83' lang='lat' dir='ltr'><strong>praes</strong></span> <span class='ocrx_word' id='word_1_398' title='bbox 674 4012 707 4061; x_wconf 82' lang='lat'>5</span> <span class='ocrx_word' id='word_1_399' title='bbox 732 4009 903 4077; x_wconf 85' lang='lat' dir='ltr'><strong>huius]</strong></span> <span class='ocrx_word' id='word_1_400' title='bbox 938 4011 1055 4059; x_wconf 86' lang='lat' dir='ltr'><strong>huic</strong></span> <span class='ocrx_word' id='word_1_401' title='bbox 1160 4011 1194 4062; x_wconf 85' lang='lat'><strong>6</strong></span> <span class='ocrx_word' id='word_1_402' title='bbox 1217 4011 1433 4079; x_wconf 85' lang='lat' dir='ltr'><strong>reliqua]</strong></span> <span class='ocrx_word' id='word_1_403' title='bbox 1466 4022 1597 4062; x_wconf 83' lang='lat' dir='ltr'><strong>recte</strong></span> <span class='ocrx_word' id='word_1_404' title='bbox 1701 4012 1733 4062; x_wconf 84' lang='lat'>8</span> <span class='ocrx_word' id='word_1_405' title='bbox 1761 4014 2160 4078; x_wconf 82' lang='lat' dir='ltr'><strong>praessumperit</strong></span> <span class='ocrx_word' id='word_1_406' title='bbox 2258 4013 2292 4063; x_wconf 83' lang='lat'>9</span> <span class='ocrx_word' id='word_1_407' title='bbox 2319 4011 2457 4078; x_wconf 83' lang='lat' dir='ltr'><strong>tabo]</strong></span> <span class='ocrx_word' id='word_1_408' title='bbox 2494 4013 2611 4063; x_wconf 86' lang='lat' dir='ltr'><strong>tobo</strong></span> <span class='ocrx_word' id='word_1_409' title='bbox 2717 4013 2780 4063; x_wconf 77' lang='lat'><strong>13</strong></span> <span class='ocrx_word' id='word_1_410' title='bbox 2806 4022 3004 4077; x_wconf 77' lang='lat' dir='ltr'><strong>praeter</strong></span> 
     </span>
     <span class='ocr_line' id='line_1_38' title="bbox 413 4081 3032 4150; baseline 0 -20"><span class='ocrx_word' id='word_1_411' title='bbox 413 4081 552 4131; x_wconf 87' lang='lat' dir='ltr'><strong>mille</strong></span> <span class='ocrx_word' id='word_1_412' title='bbox 588 4090 757 4130; x_wconf 83' lang='lat' dir='ltr'><strong>antem</strong></span> <span class='ocrx_word' id='word_1_413' title='bbox 795 4081 1066 4147; x_wconf 83' lang='lat' dir='ltr'><strong>implenius</strong></span> <span class='ocrx_word' id='word_1_414' title='bbox 1102 4081 1264 4144; x_wconf 83' lang='lat' dir='ltr'><strong>(corr.</strong></span> <span class='ocrx_word' id='word_1_415' title='bbox 1293 4085 1360 4132; x_wconf 85' lang='lat' dir='ltr'><strong>al.</strong></span> <span class='ocrx_word' id='word_1_416' title='bbox 1385 4099 1511 4133; x_wconf 83' lang='lat' dir='ltr'><strong>man.</strong></span> <span class='ocrx_word' id='word_1_417' title='bbox 1546 4083 1826 4148; x_wconf 68' lang='lat' dir='ltr'><strong>inpleniusl</strong></span> <span class='ocrx_word' id='word_1_418' title='bbox 1853 4084 1987 4133; x_wconf 86' lang='lat' dir='ltr'><strong>mille</strong></span> <span class='ocrx_word' id='word_1_419' title='bbox 2022 4098 2117 4131; x_wconf 85' lang='lat' dir='ltr'><strong>non</strong></span> <span class='ocrx_word' id='word_1_420' title='bbox 2263 4084 2327 4133; x_wconf 79' lang='grc'><strong>16</strong></span> <span class='ocrx_word' id='word_1_421' title='bbox 2364 4081 2401 4150; x_wconf 91' lang='lat' dir='ltr'><strong>l]</strong></span> <span class='ocrx_word' id='word_1_422' title='bbox 2450 4085 2520 4135; x_wconf 89' lang='lat' dir='ltr'><strong>.i.</strong></span> <span class='ocrx_word' id='word_1_423' title='bbox 2667 4085 2729 4135; x_wconf 91' lang='grc'><strong>17</strong></span> <span class='ocrx_word' id='word_1_424' title='bbox 2768 4085 2816 4131; x_wconf 88' lang='lat' dir='ltr'><strong>in</strong></span> <span class='ocrx_word' id='word_1_425' title='bbox 2855 4097 3032 4131; x_wconf 86' lang='lat' dir='ltr'><strong>usum-</strong></span> 
     </span>
    </p>

    <p class='ocr_par' dir='ltr' id='par_1_5' title="bbox 417 4149 2995 4292">
     <span class='ocr_line' id='line_1_39' title="bbox 552 4149 2995 4219; baseline -0 -18"><span class='ocrx_word' id='word_1_426' title='bbox 552 4149 624 4201; x_wconf 77' lang='lat'><strong>20</strong></span> <span class='ocrx_word' id='word_1_427' title='bbox 660 4151 1001 4201; x_wconf 77' lang='lat' dir='ltr'><strong>nominatiuus</strong></span> <span class='ocrx_word' id='word_1_428' title='bbox 1038 4152 1307 4216; x_wconf 84' lang='lat' dir='ltr'><strong>genetiuus</strong></span> <span class='ocrx_word' id='word_1_429' title='bbox 1344 4162 1393 4202; x_wconf 87' lang='lat' dir='ltr'><strong>et</strong></span> <span class='ocrx_word' id='word_1_430' title='bbox 1426 4155 1746 4203; x_wconf 80' lang='lat' dir='ltr'><strong>accusatinus</strong></span> <span class='ocrx_word' id='word_1_431' title='bbox 1866 4154 1923 4203; x_wconf 84' lang='lat'><strong>21</strong></span> <span class='ocrx_word' id='word_1_432' title='bbox 1974 4151 2081 4219; x_wconf 87' lang='lat' dir='ltr'><strong>per]</strong></span> <span class='ocrx_word' id='word_1_433' title='bbox 2128 4167 2248 4219; x_wconf 80' lang='lat' dir='ltr'><strong>prae</strong></span> <span class='ocrx_word' id='word_1_434' title='bbox 2372 4155 2440 4202; x_wconf 75' lang='lat'><strong>22</strong></span> <span class='ocrx_word' id='word_1_435' title='bbox 2474 4153 2659 4203; x_wconf 81' lang='lat' dir='ltr'><strong>habent</strong></span> <span class='ocrx_word' id='word_1_436' title='bbox 2763 4154 2829 4202; x_wconf 77' lang='lat'><strong>24</strong></span> <span class='ocrx_word' id='word_1_437' title='bbox 2864 4151 2995 4219; x_wconf 81' lang='lat' dir='ltr'><strong>iura]</strong></span> 
     </span>
     <span class='ocr_line' id='line_1_40' title="bbox 417 4219 2933 4292; baseline -0 -22"><span class='ocrx_word' id='word_1_438' title='bbox 417 4222 460 4270; x_wconf 86' lang='lat' dir='ltr'><strong>ir</strong></span> <span class='ocrx_word' id='word_1_439' title='bbox 494 4236 633 4271; x_wconf 73' lang='lat' dir='ltr'><strong>corr.</strong></span> <span class='ocrx_word' id='word_1_440' title='bbox 669 4224 751 4271; x_wconf 87' lang='lat' dir='ltr'><strong>iur</strong></span> <span class='ocrx_word' id='word_1_441' title='bbox 888 4223 954 4272; x_wconf 82' lang='lat'><strong>25</strong></span> <span class='ocrx_word' id='word_1_442' title='bbox 992 4219 1224 4288; x_wconf 74' lang='lat' dir='ltr'><strong>laterem]</strong></span> <span class='ocrx_word' id='word_1_443' title='bbox 1270 4224 1411 4292; x_wconf 65' lang='lat' dir='ltr'><strong>later⁸</strong></span> <span class='ocrx_word' id='word_1_444' title='bbox 1533 4223 1599 4275; x_wconf 87' lang='grc'><strong>26</strong></span> <span class='ocrx_word' id='word_1_445' title='bbox 1638 4223 1825 4274; x_wconf 85' lang='lat' dir='ltr'><strong>habent</strong></span> <span class='ocrx_word' id='word_1_446' title='bbox 1963 4226 2196 4290; x_wconf 82' lang='lat' dir='ltr'><strong>ignarum</strong></span> <span class='ocrx_word' id='word_1_447' title='bbox 2232 4225 2391 4287; x_wconf 80' lang='lat' dir='ltr'><strong>primo</strong></span> <span class='ocrx_word' id='word_1_448' title='bbox 2423 4225 2531 4274; x_wconf 79' lang='lat' dir='ltr'><strong>loeo</strong></span> <span class='ocrx_word' id='word_1_449' title='bbox 2671 4220 2739 4273; x_wconf 77' lang='lat'><strong>‘29</strong></span> <span class='ocrx_word' id='word_1_450' title='bbox 2773 4224 2933 4287; x_wconf 71' lang='lat' dir='ltr'><strong>stit-po</strong></span> 
     </span>
    </p>
   </div>
   <div class='ocr_carea' id='block_1_5' title="bbox 418 4442 3004 4914">
    <p class='ocr_par' dir='ltr' id='par_1_6' title="bbox 418 4442 3004 4914">
     <span class='ocr_line' id='line_1_41' title="bbox 555 4442 2992 4513; baseline 0 -19"><span class='ocrx_word' id='word_1_451' title='bbox 555 4443 589 4494; x_wconf 85' lang='lat'>9</span> <span class='ocrx_word' id='word_1_452' title='bbox 616 4442 872 4511; x_wconf 79' lang='lat' dir='ltr'><strong>Lucanus]</strong></span> <span class='ocrx_word' id='word_1_453' title='bbox 914 4447 1156 4496; x_wconf 71' lang='lat' dir='ltr'><strong>Pharsal.</strong></span> <span class='ocrx_word' id='word_1_454' title='bbox 1195 4446 1237 4494; x_wconf 90' lang='lat'><strong>11</strong></span> <span class='ocrx_word' id='word_1_455' title='bbox 1274 4444 1373 4497; x_wconf 83' lang='lat'><strong>166</strong></span> <span class='ocrx_word' id='word_1_456' title='bbox 1515 4456 1563 4495; x_wconf 85' lang='lat' dir='ltr'><strong>et</strong></span> <span class='ocrx_word' id='word_1_457' title='bbox 1599 4443 1806 4513; x_wconf 79' lang='lat' dir='ltr'><strong>terram]</strong></span> <span class='ocrx_word' id='word_1_458' title='bbox 1857 4448 2012 4511; x_wconf 64' lang='lat' dir='ltr'><strong>Vera.</strong></span> <span class='ocrx_word' id='word_1_459' title='bbox 2054 4447 2184 4499; x_wconf 86' lang='lat' dir='ltr'><strong>Aen.</strong></span> <span class='ocrx_word' id='word_1_460' title='bbox 2226 4449 2296 4496; x_wconf 84' lang='grc' dir='ltr'><strong>ΙΙΙ</strong></span> <span class='ocrx_word' id='word_1_461' title='bbox 2335 4444 2402 4496; x_wconf 80' lang='grc'><strong>29</strong></span> <span class='ocrx_word' id='word_1_462' title='bbox 2546 4445 2610 4497; x_wconf 94' lang='grc'><strong>10</strong></span> <span class='ocrx_word' id='word_1_463' title='bbox 2644 4455 2823 4510; x_wconf 87' lang='lat' dir='ltr'><strong>sponte</strong></span> <span class='ocrx_word' id='word_1_464' title='bbox 2861 4443 2992 4511; x_wconf 82' lang='lat' dir='ltr'><strong>mea]</strong></span> 
     </span>
     <span class='ocr_line' id='line_1_42' title="bbox 425 4515 2996 4580; baseline 0.001 -16"><span class='ocrx_word' id='word_1_465' title='bbox 425 4515 586 4580; x_wconf 74' lang='lat' dir='ltr'><strong>Ver-q.</strong></span> <span class='ocrx_word' id='word_1_466' title='bbox 626 4515 755 4568; x_wconf 82' lang='lat' dir='ltr'><strong>Aen.</strong></span> <span class='ocrx_word' id='word_1_467' title='bbox 796 4515 884 4579; x_wconf 82' lang='lat' dir='ltr'><strong>uu</strong></span> <span class='ocrx_word' id='word_1_468' title='bbox 920 4515 1018 4567; x_wconf 79' lang='lat'><strong>341</strong></span> <span class='ocrx_word' id='word_1_469' title='bbox 1194 4515 1257 4566; x_wconf 85' lang='lat'><strong>13</strong></span> <span class='ocrx_word' id='word_1_470' title='bbox 1301 4524 1352 4562; x_wconf 85' lang='lat' dir='ltr'><strong>nt</strong></span> <span class='ocrx_word' id='word_1_471' title='bbox 1390 4515 1456 4564; x_wconf 81' lang='lat' dir='ltr'><strong>ait</strong></span> <span class='ocrx_word' id='word_1_472' title='bbox 1497 4516 1687 4567; x_wconf 80' lang='lat' dir='ltr'><strong>Plinius</strong></span> <span class='ocrx_word' id='word_1_473' title='bbox 1730 4519 1918 4580; x_wconf 77' lang='lat' dir='ltr'><strong>scripsi</strong></span> <span class='ocrx_word' id='word_1_474' title='bbox 1962 4526 2167 4567; x_wconf 76' lang='lat' dir='ltr'><strong>anctore</strong></span> <span class='ocrx_word' id='word_1_475' title='bbox 2203 4518 2435 4579; x_wconf 84' lang='lat' dir='ltr'><strong>Pompeio</strong></span> <span class='ocrx_word' id='word_1_476' title='bbox 2469 4532 2524 4579; x_wconf 82' lang='lat' dir='ltr'><strong>p.</strong></span> <span class='ocrx_word' id='word_1_477' title='bbox 2562 4517 2660 4566; x_wconf 80' lang='lat'><strong>172</strong></span> <span class='ocrx_word' id='word_1_478' title='bbox 2696 4524 2744 4566; x_wconf 79' lang='lat' dir='ltr'><strong>ee</strong></span> <span class='ocrx_word' id='word_1_479' title='bbox 2776 4516 2877 4567; x_wconf 83' lang='lat'><strong>202</strong></span> <span class='ocrx_word' id='word_1_480' title='bbox 2916 4519 2996 4567; x_wconf 86' lang='lat' dir='ltr'><strong>ed.</strong></span> 
     </span>
     <span class='ocr_line' id='line_1_43' title="bbox 418 4585 3004 4650; baseline 0.001 -17"><span class='ocrx_word' id='word_1_481' title='bbox 418 4586 571 4636; x_wconf 82' lang='lat' dir='ltr'><strong>Lind.</strong></span> <span class='ocrx_word' id='word_1_482' title='bbox 610 4601 722 4634; x_wconf 82' lang='lat' dir='ltr'><strong>narn</strong></span> <span class='ocrx_word' id='word_1_483' title='bbox 759 4601 852 4636; x_wconf 85' lang='lat' dir='ltr'><strong>non</strong></span> <span class='ocrx_word' id='word_1_484' title='bbox 888 4589 1043 4637; x_wconf 76' lang='lat' dir='ltr'><strong>solum</strong></span> <span class='ocrx_word' id='word_1_485' title='bbox 1095 4585 1157 4635; x_wconf 81' lang='lat' dir='ltr'><strong>de</strong></span> <span class='ocrx_word' id='word_1_486' title='bbox 1189 4587 1471 4649; x_wconf 77' lang='lat' dir='ltr'><strong>scriptura,</strong></span> <span class='ocrx_word' id='word_1_487' title='bbox 1529 4587 1623 4635; x_wconf 81' lang='lat' dir='ltr'><strong>sed</strong></span> <span class='ocrx_word' id='word_1_488' title='bbox 1668 4590 1812 4637; x_wconf 79' lang='lat' dir='ltr'><strong>etiam</strong></span> <span class='ocrx_word' id='word_1_489' title='bbox 1856 4589 1920 4637; x_wconf 84' lang='lat' dir='ltr'><strong>de</strong></span> <span class='ocrx_word' id='word_1_490' title='bbox 1965 4587 2298 4639; x_wconf 80' lang='lat' dir='ltr'><strong>declinatione</strong></span> <span class='ocrx_word' id='word_1_491' title='bbox 2343 4586 2569 4636; x_wconf 82' lang='lat' dir='ltr'><strong>vocabuli</strong></span> <span class='ocrx_word' id='word_1_492' title='bbox 2609 4587 2770 4650; x_wconf 73' lang='lat' dir='ltr'><strong>eyisse</strong></span> <span class='ocrx_word' id='word_1_493' title='bbox 2804 4588 3004 4636; x_wconf 80' lang='lat' dir='ltr'><strong>videtur</strong></span> 
     </span>
     <span class='ocr_line' id='line_1_44' title="bbox 421 4654 3000 4743; baseline 0.002 -42"><span class='ocrx_word' id='word_1_494' title='bbox 421 4654 631 4736; x_wconf 59' lang='lat' dir='ltr'><strong>J&#39;linifaes.</strong></span> <span class='ocrx_word' id='word_1_495' title='bbox 697 4670 983 4737; x_wconf 57' lang='lat' dir='ltr'><strong>quamquam</strong></span> <span class='ocrx_word' id='word_1_496' title='bbox 1033 4657 1232 4737; x_wconf 43' lang='lat' dir='ltr'><strong>omisso·</strong></span> <span class='ocrx_word' id='word_1_497' title='bbox 1256 4656 1413 4705; x_wconf 83' lang='lat' dir='ltr'><strong>Plinii</strong></span> <span class='ocrx_word' id='word_1_498' title='bbox 1435 4658 1655 4736; x_wconf 34' lang='lat' dir='ltr'><strong>’nomine</strong></span> <span class='ocrx_word' id='word_1_499' title='bbox 1708 4656 1866 4738; x_wconf 71' lang='lat' dir='ltr'><strong>scribi</strong></span> <span class='ocrx_word' id='word_1_500' title='bbox 1890 4665 2120 4738; x_wconf 43' lang='lat' dir='ltr'><strong>&#39;poterat</strong></span> <span class='ocrx_word' id='word_1_501' title='bbox 2171 4665 2370 4723; x_wconf 84' lang='lat' dir='ltr'><strong>praeter</strong></span> <span class='ocrx_word' id='word_1_502' title='bbox 2414 4657 2568 4705; x_wconf 83' lang='lat' dir='ltr'><strong>mille.</strong></span> <span class='ocrx_word' id='word_1_503' title='bbox 2641 4655 2777 4743; x_wconf 70' lang='lat' dir='ltr'><strong>mille</strong></span> <span class='ocrx_word' id='word_1_504' title='bbox 2833 4665 3000 4706; x_wconf 85' lang='lat' dir='ltr'><strong>autem</strong></span> 
     </span>
     <span class='ocr_line' id='line_1_45' title="bbox 418 4725 3001 4914; baseline 0.001 -72"><span class='ocrx_word' id='word_1_505' title='bbox 418 4726 1171 4914; x_wconf 43' lang='grc' dir='ltr'><strong>ἰξιιΐὶξὶιῃεῗυὲῗιῗῆοῗιῗῗὙληὲυ</strong></span> <span class='ocrx_word' id='word_1_506' title='bbox 1223 4725 2167 4861; x_wconf 48' lang='grc' dir='ltr'><strong>Ιῃιὲὃῃᾜῖιζῖηίυε]Ιῗίπῗίιιι·1.ωνω4ῗιιὲ]7</strong></span> <span class='ocrx_word' id='word_1_507' title='bbox 2220 4728 2377 4847; x_wconf 48' lang='lat' dir='ltr'><strong>Veri&amp;</strong></span> <span class='ocrx_word' id='word_1_508' title='bbox 2403 4726 2638 4861; x_wconf 41' lang='lat' dir='ltr'><strong>seqretzesxel</strong></span> <span class='ocrx_word' id='word_1_509' title='bbox 2671 4725 2833 4860; x_wconf 43' lang='lat' dir='ltr'><strong>Quo</strong></span> <span class='ocrx_word' id='word_1_510' title='bbox 2869 4725 3001 4845; x_wconf 47' lang='lat' dir='ltr'><strong>enilntl</strong></span> 
     </span>
     <span class='ocr_line' id='line_1_46' title="bbox 418 4872 1711 4913; baseline 0.002 -1"><span class='ocrx_word' id='word_1_511' title='bbox 418 4872 467 4912; x_wconf 83' lang='lat' dir='ltr'><strong>ta</strong></span> <span class='ocrx_word' id='word_1_512' title='bbox 506 4879 567 4913; x_wconf 77' lang='lat' dir='ltr'><strong>us</strong></span> <span class='ocrx_word' id='word_1_513' title='bbox 1706 4875 1711 4878; x_wconf 87' lang='grc'><em>“</em></span> 
     </span>
    </p>
   </div>
  </div>
 </body>
</html>
