3541 5564
1672 1169 1716 1251 I

1207 1322 1338 1412 EX
1386 1321 1665 1395 Lfflno
1717 1322 2169 1396 MAcRossn

565 1497 698 1588 llll
787 1493 1655 1588 lllFFEREN'l'llS
1745 1494 1875 1586 ΕΤ
1962 1493 2836 1587 StltllE'l'A'l'lllVS

973 1660 1376 1725 GRAECI
1436 1659 2036 1740 LATINIQVE
2092 1659 2411 1725 VERBI

2363 1997 2404 2037 p.
2432 1985 2635 2025 2727-29
2662 1985 2727 2026 ed.
2760 1984 2930 2026 Putsclu.

349 2066 375 2104 5
571 2050 852 2119 Graecae'
877 2057 1208 2136 latinaeque
1255 2057 1489 2133 linguae
1521 2058 2064 2119 coniunctissimam
2095 2058 2503 2132 cognationem
2538 2066 2741 2116 natura
2789 2056 2970 2116 dedit.
3004 2062 3102 2110 187
3130 2061 3191 2108 v.

402 2179 536 2220 nam
591 2169 653 2220 et
706 2159 894 2220 isdem
947 2143 1236 2219 orationis
1280 2158 1550 2237 partibus
1594 2158 1818 2238 absque
1865 2158 2133 2226 articulo,
2192 2177 2367 2237 quem
2400 2159 2650 2219 Graecia
2692 2158 2815 2218 sola
2860 2177 2983 2218 sor-

402 2265 510 2322 tita
558 2269 666 2331 est,
715 2261 904 2322 isdem
935 2279 1121 2340 paene
1153 2259 1668 2332 observationibus
1702 2262 1908 2338 figuris
1940 2259 2482 2321 constructionibus
2514 2268 2761 2339 uterque
2793 2278 2987 2320 sermo

400 2364 818 2442 distinguitur,
855 2372 916 2424 ut
947 2364 1372 2442 propemodum
1426 2364 1524 2442 qui
1560 2365 1849 2423 utramvis
1895 2371 2079 2423 artem
2122 2363 2404 2423 didicerit
2447 2362 2648 2423 ambas
2683 2361 2691 2443 Ι
2738 2364 2985 2422 noverit.

400 2469 460 2527 in
519 2466 721 2528 multis
765 2474 960 2526 tamen
1019 2466 1300 2526 differunt
1356 2475 1415 2525 et
1472 2465 1757 2544 quasdam
1812 2465 2207 2544 proprietates
2262 2464 2509 2534 habent,
2568 2483 2719 2543 quae
2775 2482 2986 2541 graece

327 2578 375 2620 10
403 2569 683 2629 idiomata
730 2576 1030 2628 vocantur.

405 2769 496 2816 DE
543 2767 922 2817 VERBORVM
967 2766 1360 2828 VTRIVSQVE
1403 2767 1713 2816 LINGVAE
1769 2767 2261 2817 DIFFERENTIIS
2310 2768 2444 2815 VEL
2490 2765 2986 2815 SOCIETATlBVS

574 2876 865 2938 Accidunt
929 2875 1131 2937 verbis
1174 2877 1479 2955 utriusque
1527 2875 1758 2953 linguae
1803 2893 2054 2955 persona
2102 2877 2333 2936 numeri
2380 2876 2564 2952 figura
2612 2873 2984 2951 coniugatio}

409 2985 644 3057 tempus
689 2978 915 3048 modus,
963 2997 1139 3057 quem
1172 2978 1382 3039 Graeci
1415 2978 1668 3039 enclisin
1703 2987 1929 3049 vocant,
1976 2978 2172 3038 Latini
2204 2997 2336 3038 cum
2368 2978 2577 3037 formis
2605 2978 2667 3036 in
2701 2976 2986 3055 qualitate

404 3088 750 3158 posuerunt,
796 3097 1001 3156 genus,
1048 3080 1203 3159 quod
1250 3080 1404 3159 apud
1439 3081 1694 3141 Graecos
1725 3080 2016 3141 diathesis
2056 3087 2449 3160 nuncupatur.
2507 3078 2757 3138 eandem
2801 3094 2986 3156 paene

329 3195 377 3235 15
406 3201 540 3242 cnm
586 3180 822 3242 casibus
865 3184 1366 3242 constructionem
1411 3190 1666 3253 servant,
1714 3190 1781 3244 ut
1824 3185 2115 3243 misereor
2147 3182 2325 3250 illius,
2373 3199 2552 3260 parco
2582 3180 2688 3249 illi,
2738 3197 2987 3239 veneror

405 3283 588 3354 illum,
636 3282 964 3363 φροντίζω
1009 3280 1234 3362 τοῦδε,
1281 3283 1600 3365 πείθομαι
1644 3281 1838 3367 τῷδε,
1885 3284 2062 3363 φιλῶ
2102 3280 2319 3345 τόνδε.
2384 3282 2701 3343 ablativum
2735 3281 2982 3341 Graecia

403 3405 521 3446 non
553 3388 788 3465 recipit.
847 3386 1052 3446 eadem
1086 3386 1206 3447 illis
1236 3404 1622 3467 personarum
1656 3387 2011 3457 similitudo:
2060 3388 2250 3465 prima
2298 3403 2457 3453 voco,
2491 3384 2746 3444 secunda
2795 3402 2983 3451 vocas,

405 3490 577 3548 tertia
623 3495 809 3558 vocat,
868 3486 1048 3549 καλῶ
1095 3487 1320 3560 καλεῖς
1380 3488 1591 3549 καλεῖ.
1693 3491 1753 3549 in
1810 3490 2076 3548 numeris
2120 3505 2237 3549 una
2294 3487 2585 3547 dissensio
2645 3493 2764 3554 est,
2832 3485 2986 3565 quod

403 3585 675 3669 ὃυῐκόν,
721 3590 781 3650 id
828 3598 919 3651 est
963 3590 1230 3658 dualem,
1294 3591 1450 3651 nulla
1495 3591 1756 3652 latinitas
1801 3591 2060 3663 admisit,
2109 3591 2319 3650 Graeci
2352 3608 2490 3649 vero
2535 3590 2597 3647 in
2645 3587 2841 3647 verbis
2887 3605 2988 3646 no-

326 3703 382 3742 20
411 3691 790 3772 minibusque
837 3687 1038 3753 δυϊκά
1083 3693 1360 3753 videntur
1404 3691 1647 3753 babere.

1493 3875 1586 3921 DE
1633 3874 1912 3923 Fthms

571 3983 825 4059 Figurae
884 3980 1172 4042 ambobus
1226 3999 1343 4041 non
1399 3983 1526 4041 sine
1606 3981 1967 4041 discretione
2030 4000 2225 4060 pares.
2329 3999 2434 4040 nos
2489 3980 2742 4040 dicimus
2808 3999 2986 4040 curro
3016 3993 3110 4041 148
3138 3992 3199 4043 V.

405 4103 707 4164 percurro,
754 4083 839 4144 illi
885 4080 1096 4163 τρέχω
1141 4078 1486 4161 διατρὲχω.
1576 4091 1856 4161 quattuor
1920 4102 2155 4163 quoque
2212 4083 2402 4142 modis
2458 4090 2517 4142 et
2573 4082 2718 4141 haec
2776 4090 2835 4142 et
2891 4082 2986 4142 illa

403 4194 836 4266 conponuntur,
885 4204 957 4245 ex
1003 4183 1235 4245 duobus
1281 4186 1535 4262 integris
1579 4185 1860 4263 produco,
1909 4204 1979 4245 ex
2026 4188 2260 4262 integro
2305 4194 2364 4244 et
2408 4193 2688 4263 corrupto
2717 4185 2983 4263 perficio,

569 4378 623 4433 P
665 4378 852 4432 codex
894 4376 1202 4431 Parisinus
1248 4374 1410 4431 7186

562 4480 610 4533 p
655 4464 822 4517 editio
863 4464 1143 4532 princeps
1192 4459 1474 4531 Opsopoei
1516 4478 1569 4517 α.
1619 4452 1829 4517 1588“’

541 4695 574 4743 6
607 4711 753 4757 quem
789 4710 823 4757 p
855 4711 954 4757 que
987 4696 1035 4742 P
1172 4696 1232 4746 11
1275 4709 1492 4744 211*chss
1522 4710 1613 4744 om.
1657 4697 1705 4743 P
1812 4694 1874 4745 13
1915 4695 1963 4742 in
2003 4693 2245 4757 qualitate
2282 4709 2396 4742 exc.
2442 4693 2569 4746 Bob.
2611 4693 2902 4757 qualitatem
2940 4695 2989 4743 P

547 4764 610 4814 14
649 4765 810 4814 Latini
862 4765 1072 4815 eandem
1124 4780 1284 4830 paene
1321 4781 1433 4815 cum
1475 4765 1679 4814 Graecis
1730 4767 1777 4812 in
1825 4765 2028 4814 casibus
2077 4765 2500 4815 constructionem
2539 4772 2740 4813 servant
2780 4768 2987 4816 coniecit

408 4832 693 4898 Opsopoens
838 4836 899 4884 15
935 4833 1108 4902 pareo]
1154 4849 1308 4900 pareo
1341 4851 1377 4897 p
1523 4835 1586 4885 16
1618 4832 1986 4900 φιλωντωνδε
2024 4835 2073 4883 Ρ
