3541 5564
676 440 799 501 618
1792 440 2094 503 MACROB
2102 440 2152 501 11

727 560 767 601 ρ.
796 548 998 588 2753-55
1026 546 1071 589 P.
1590 599 1597 613 ι

673 647 786 688 non
834 629 906 689 ad
952 630 1363 708 imperativum
1409 628 1645 688 modum
1693 630 1996 707 pertinere
2043 628 2288 689 dicenda
2333 636 2492 687 sunt.
2555 628 2706 707 apud
2754 628 3013 688 Graecos
3059 629 3243 706 impe-

672 733 894 790 rativus
938 730 1257 806 singularis
1302 732 1527 791 activus
1570 733 1857 811 temporis
1902 732 2235 810 praesentis
2278 740 2339 790 et
2397 731 2706 808 praeteriti
2767 730 3115 808 inperfecti,
3184 731 3243 788 in

671 832 927 892 secunda
975 833 1203 893 scilicet
1248 852 1531 912 persona,
1592 841 1691 894 aut
1747 836 1809 893 in
1867 851 1925 893 ει
1980 841 2082 893 aut
2125 836 2186 892 in
2232 852 2273 891 α
2318 840 2418 892 aut
2477 834 2537 892 in
2584 851 2667 892 ov
2712 838 2813 891 aut
2856 833 2916 890 in
2966 850 2997 891 ε
3041 838 3139 891 aut
3183 831 3241 889 in

666 936 743 993 θι
800 936 1172 995 terminatur.
1264 937 1453 1014 prima
1501 937 1616 995 tria
1672 935 1743 994 ad
1791 937 2202 1014 perispomena
2249 935 2566 1013 pertinent,
2614 926 2754 993 νόει
2809 931 2965 1012 τίμα
3009 928 3240 1011 δήλου,

666 1045 943 1114 quartum
985 1037 1054 1097 ad
1100 1036 1401 1115 barytona,
1450 1031 1598 1114 λέγε
1641 1032 1886 1115 γράφε,
1932 1038 2203 1115 quintum
2235 1036 2306 1095 ad
2340 1035 2515 1096 verba
2547 1028 2628 1095 τὰ
2660 1032 2752 1108 εἰς
2780 1055 2875 1114 μι,
2923 1042 2988 1093 ut
3013 1030 3241 1093 ἵσταθι
3267 1060 3293 1098 5

666 1130 921 1216 ὄμνυθι
979 1134 1172 1216 φάθι.
1264 1138 1364 1198 sed
1414 1147 1471 1197 et
1518 1138 1615 1198 illa
1663 1139 1917 1198 similem
1963 1138 2182 1198 habent
2229 1140 2565 1207 terminum,
2625 1155 2873 1217 quorum
2920 1136 3242 1197 infinitivus

664 1242 725 1297 in
771 1258 883 1299 ναι
929 1242 1078 1309 exit,
1136 1241 1246 1298 etsi
1304 1258 1421 1299 non
1481 1242 1599 1299 sint
1654 1234 1789 1300 τῶν
1844 1236 1938 1311 εἰς
1979 1260 2084 1319 μι,
2139 1238 2340 1319 βῆναι
2384 1238 2565 1320 βῆθι,
2633 1237 2923 1319 νυγῆναι
2964 1233 3240 1317 νύγηθι,

626 1337 951 1420 ’δαμῆναι
1008 1337 1288 1421 ὃάμηθιε
1350 1350 1593 1419 excepta
1650 1350 1789 1401 sunt
1833 1328 2006 1402 εἶναι
2050 1336 2287 1402 δοῦναι
2341 1343 2590 1402 θεῖναι.
2681 1348 2947 1402 ceterum
3003 1357 3240 1418 νενοη-

662 1437 851 1502 κέναι
898 1443 988 1502 vel
1032 1444 1172 1502 huic
1206 1444 1420 1504 similia
1453 1453 1518 1503 ut
1550 1445 1738 1520 magis
1767 1438 2049 1522 νενόηκε
2079 1439 2448 1522 νενοηκέτω
2479 1461 2652 1521 quam
2686 1437 2968 1520 νενόηθι
2998 1442 3238 1505 saciant,

660 1544 970 1623 multiplex
1017 1547 1167 1605 ratio
1213 1543 1459 1624 leogit,
1519 1544 1589 1603 de
1655 1562 1767 1622 qua
1836 1562 2017 1604 unum
2084 1564 2192 1624 pro
2237 1544 2505 1624 exemplo
2563 1551 2973 1622 argumentum
3019 1560 3316 1621 ponerem

662 1665 777 1705 nou
826 1646 1072 1725 pigebit.
1163 1665 1312 1726 quae
1361 1649 1420 1706 in
1465 1649 1542 1706 θι
1588 1654 1808 1705 exeunt
1853 1645 1927 1706 ab
1974 1648 2223 1707 infinitis
2267 1649 2329 1706 in
2374 1665 2488 1706 ναι
2544 1645 2953 1707 desinentibus
2997 1662 3238 1704 necesse

614 1756 631 1769 '
662 1756 753 1807 est
796 1756 860 1807 ut
905 1751 1025 1807 sint
1073 1750 1318 1809 infinitis
1349 1751 1472 1808 suis
1505 1744 1942 1826 ι’σοσύλλαβα,
1990 1744 2241 1828 νύγηθι
2272 1743 2581 1827 νυγῆναι,
2629 1744 2880 1828 δάμηθι
2927 1742 3238 1827 δαμῆναι,

657 1847 821 1930 βῆθι
874 1848 1092 1929 βῆναι.
1160 1848 1479 1928 πεποίηθι
1537 1857 1730 1909 autem
1788 1845 2221 1930 πεποιηκέναι
2277 1849 2627 1928 aequalitate
2674 1852 2791 1910 iam
2836 1849 3050 1909 caruit:
3100 1849 3236 1908 inde

447 1985 542 2032 154
569 1984 628 2031 v,
660 1971 770 2011 non
818 1959 1121 2029 receptum
1156 1948 1246 2010 est
1290 1949 1628 2029 πεπυίηθι,
1676 1952 1780 2011 sed
1813 1950 2152 2032 πεποίηκε.
2214 1951 2490 2013 similiter
2521 1951 2672 2030 apud
2705 1951 2947 2012 Latinos
2981 1953 3237 2030 impera-

654 2056 807 2113 tivus
861 2055 1127 2113 nascitur
1182 2052 1256 2111 ab
1313 2054 1542 2113 infinito
1599 2052 1830 2113 abiecta
1891 2053 2122 2123 ultima,
2181 2061 2421 2114 cantare
2479 2061 2681 2122 canta,
2751 2071 2993 2113 monere
3038 2070 3232 2121 mone,
3265 2077 3311 2115 ιε

652 2155 848 2231 legere
893 2153 1042 2231 lege,
1091 2153 1318 2215 ambire
1367 2154 1545 2224 ambi,
1593 2156 1751 2215 serre
1810 2157 1918 2225 ser,
1990 2175 2120 2215 esse
2167 2175 2230 2215 es
2276 2162 2336 2215 et
2379 2155 2519 2215 ades
2566 2164 2625 2215 et
2671 2154 2914 2234 prodes:
2972 2153 3236 2214 Lucilius

651 2257 959 2336 ‘prodes
1006 2258 1324 2325 amicis',
1372 2256 1668 2333 Vergilius
1714 2257 1888 2317 ‘huc
1931 2257 2135 2326 ades,
2183 2277 2217 2315 o
2263 2257 2607 2327 Lenaee’,
2655 2255 3233 2317 Terentius‘bono

651 2362 891 2419 animo
949 2360 1087 2417 es':
1158 2360 1353 2418 faeere
1410 2359 1554 2429 sace,
1604 2360 1802 2419 dicere
1850 2359 2010 2428 dice,
2060 2368 2118 2419 et
2162 2378 2272 2437 per
2317 2378 2631 2439 syncopam
2676 2359 2769 2419 sac
2815 2358 2930 2419 dic.
3021 2358 3231 2418 Graeci

647 2460 940 2520 secundae
988 2479 1273 2539 personae
1320 2460 1515 2519 addita
1561 2480 1652 2520 τω
1698 2460 1918 2539 syllaba
1964 2464 2199 2522 tertiam
2246 2461 2512 2521 eiusdem
2561 2461 2896 2539 praesentis
2940 2460 3227 2525 efficiunt.

646 2562 819 2623 ποίει
867 2561 1160 2639 ποιείτω,
1206 2560 1361 2641 τίμα
1414 2558 1685 2642 τιμάτω,
1732 2557 1991 2642 χρύσου
2037 2558 2418 2643 χρυσούτω,
2466 2558 2619 2639 λέγε
2664 2555 2927 2640 λεγέτωρ
3016 2561 3229 2640 quodsi
3255 2584 3309 2622 ευ

648 2665 901 2724 secunda
948 2667 1009 2723 in
1053 2666 1130 2723 θι
1175 2665 1370 2732 desiit,
1419 2666 1603 2742 ipsam
1650 2672 1881 2726 mutant
1924 2666 1984 2723 in
2016 2684 2126 2734 τω,
2173 2663 2337 2744 βῆθι
2381 2659 2584 2744 βήτω.
2644 2682 2715 2723 τε
2759 2682 2899 2724 vero
2944 2663 3228 2742 syllabam

647 2766 969 2827 adicientes
1014 2767 1311 2846 praesenti
1383 2765 1667 2842 singulari
1716 2768 2064 2846 imperativo
2110 2765 2399 2846 pluralem
2445 2766 2687 2835 faciunt,
2735 2764 2911 2826 ποίει
2957 2771 3225 2836 ποιεῖτε,

642 2864 770 2946 βόα
826 2867 1054 2947 βοᾶτε,
1115 2864 1328 2948 δήλου
1383 2863 1693 2947 δηλοῦτε,
1755 2864 1962 2928 τύπτε
2015 2864 2326 2929 τύπτετε;
2388 2870 2623 2928 tertiam
2668 2868 2956 2946 pluralem
3003 2870 3229 2929 faciunt

644 2971 912 3031 addendo
959 2983 1087 3029 σαν
1136 2972 1346 3028 tertiae
1393 2969 1698 3045 singulari,
1746 2968 2016 3029 ποιείτω
2060 2969 2482 3031 ποιείτωσαν.
2554 2970 2706 3031 hanc
2751 2970 3225 3038 declinationem,

642 3091 792 3150 quae
840 3073 1087 3132 decursa
1137 3081 1253 3139 est,
1313 3071 1523 3130 Graeci
1571 3071 1802 3131 duobus
1848 3071 2021 3131 simul
2071 3072 2441 3151 temporibus
2485 3072 2815 3149 adsignant,
2875 3075 3115 3133 instanti
3165 3083 3224 3132 et
3251 3094 3308 3135 ιν.

642 3176 966 3252 praeterito
1021 3175 1373 3252 inperfecto.
1465 3181 1523 3231 et
1582 3191 1645 3231 re
1707 3192 1870 3243 vera,
1936 3176 1986 3233 si
2033 3177 2298 3253 pressius
2342 3194 2613 3253 quaeraS,
2668 3178 2856 3250 magis
2902 3175 2975 3235 de
3022 3177 3222 3254 inper-

641 3278 798 3336 recto
844 3294 1017 3354 quam
1065 3275 1136 3334 de
1189 3276 1430 3334 instanti
1463 3284 1666 3334 natum
1711 3275 1863 3354 apud
1911 3273 2042 3336 illos
2089 3278 2498 3356 imperativum
2544 3276 2794 3337 videbis,
2856 3279 3030 3337 tertia
3063 3279 3222 3337 enim

641 3378 956 3456 inperfecti
1005 3377 1306 3437 indicativi
1352 3396 1601 3455 persona
1634 3379 1826 3456 capite
1873 3377 2173 3438 deminuta
2207 3380 2295 3439 vel
2344 3381 2404 3438 in
2451 3377 2674 3457 syllaba
2719 3377 2807 3437 vel
2857 3380 2919 3439 in
2966 3379 3221 3459 syllabae

640 3489 903 3558 tempore
952 3480 1093 3539 facit
1134 3481 1467 3557 imperativi
1514 3479 1852 3547 secundam,
1901 3474 2124 3539 ἐλάλει
2169 3476 2379 3559 λάλει,
2429 3474 2591 3559 ἐβόα
2632 3475 2783 3559 βόα,
2842 3476 3222 3559 ἐστεφάνου

639 3576 1004 3660 στεφάνου,
1062 3579 1248 3658 ἔλεγε
1293 3575 1462 3658 λέγε,
1508 3567 1630 3659 ἦγε
1673 3575 1818 3659 ἄγε,
1866 3567 2045 3641 εἷλκε
2100 3576 2280 3641 ἕλκει
2340 3584 2420 3642 ita
2469 3591 2527 3642 et
2572 3584 2633 3641 in
2678 3584 2954 3661 passivis,
3016 3580 3220 3643 ἐνοοῦ
3247 3602 3306 3648 ³0

636 3680 841 3761 νοοῦ,
902 3678 1105 3762 ἐτιμῶ
1156 3679 1355 3761 τιμῶ,
1418 3660 1711 3761 ε’χρυσοῦ
1767 3677 2057 3761 χρυσοῦ,
2117 3679 2411 3744 έτύπτου
2464 3679 2751 3754 τύπτου,
2809 3677 2982 3764 ἥγου
3024 3677 3216 3763 ἄγου,

638 3781 867 3844 εἷλκον
926 3780 1147 3847 ἕλκον.
1206 3784 1432 3850 ,Βειιίιιί
1493 3803 1607 3844 uon
1667 3786 2127 3851 aestimaverunt
2184 3785 2361 3846 ullum
2422 3787 2808 3864 praeteritum
2868 3789 3218 3865 imperativo

635 3887 921 3956 dandum,
984 3888 1120 3966 quia
1180 3888 1508 3963 imperatur
1564 3886 1735 3964 quid,
1798 3894 1860 3945 ut
1915 3896 2015 3947 aut
2075 3905 2229 3946 nunc
2290 3889 2494 3948 autin
2541 3896 2845 3965 posterum
2906 3889 3033 3948 fiat:
3080 3889 3216 3948 ideo

633 3971 955 4067 praesenti
983 3997 1042 4047 et
1087 3988 1286 4047 futuro
1333 3989 1391 4046 in
1441 3987 1595 4047 modi
1646 3987 1821 4048 huius
1868 3988 2265 4049 declinatione
2311 3991 2574 4050 contenti
2621 3998 2777 4050 sunt.
2853 3990 2954 4050 sed
3002 3990 3213 4051 Graeci

634 4093 994 4169 introspecta
1061 4089 1360 4149 sollertius
1428 4089 1670 4150 iubendi
1740 4098 1947 4150 natura
2016 4091 2490 4151 animadvertunt
2566 4110 2738 4170 posse.
2808 4092 3210 4171 conprehendi
3244 4110 3308 4148 35

635 4200 951 4271 praecepto
1004 4200 1239 4271 tempus
1294 4191 1589 4270 elapsum,
1652 4199 1713 4252 ut
1769 4200 1858 4250 est
1902 4184 1943 4270 ἡ
1998 4187 2185 4271 θύρα
2240 4190 2642 4260 κεκλείσθω,
2702 4193 2855 4271 quod
2918 4194 3077 4254 aliud
3122 4202 3218 4253 est

631 4313 804 4372 quam
860 4287 898 4375 ἡ
944 4289 1130 4372 θύρα
1175 4292 1491 4353 πλείσθω.
1572 4312 1705 4354 nam
1751 4292 2049 4354 κλείσθω
2094 4312 2226 4353 eum
2274 4294 2422 4362 dico,
2492 4294 2739 4355 ostendo
2784 4295 3070 4356 hactenus
3112 4315 3216 4375 pa·

630 4398 849 4465 tuisse;
897 4414 1032 4455 cum
1079 4415 1217 4455 vero
1247 4395 1379 4454 dico
1424 4393 1818 4463 κεκλείσθω,
1867 4395 1978 4454 boc
2024 4398 2272 4474 impero,
2322 4405 2386 4456 ut
2430 4395 2741 4457 claudendi
2789 4398 3048 4458 officium
3096 4399 3214 4458 iam

630 4507 935 4577 peractum
984 4496 991 4576 1
1040 4500 1137 4557 sit.
1227 4497 1381 4576 quod
1442 4505 1501 4556 et.
1558 4496 1819 4558 latinitas
1874 4497 2199 4557 iubendum
2259 4500 2446 4566 novit,
2497 4518 2631 4559 rum
2674 4499 3217 4578 περιφραστικῶς

630 4601 774 4660 dicit
818 4603 1069 4661 ‘ostium
1125 4600 1384 4680 clausum
1444 4599 1577 4659 sit'.
1668 4598 1808 4659 hixc
1864 4601 1981 4659 iam
2037 4619 2145 4677 per
2190 4603 2384 4660 omnia
2441 4602 2746 4680 praeteriti
2794 4609 3063 4680 tempora
3107 4602 3307 4661 dez-40

763 4790 793 4835 5
825 4788 891 4834 ad
938 4788 1090 4834 uerba
1125 4804 1160 4850 p
1195 4802 1224 4833 a
1270 4786 1423 4833 uerbo
1466 4786 1515 4832 P
1646 4786 1678 4832 8
1713 4783 1934 4847 θεῖναι]
1971 4784 2141 4837 θιναι
2182 4786 2232 4834 Ρ
2364 4789 2396 4838 9
2441 4782 2684 4836 faciat'P
2819 4788 2881 4836 17
2924 4787 3152 4851 Vergilia

623 4871 799 4916 geor-y.
829 4856 871 4902 11
896 4857 946 4904 4.
973 4857 1001 4903 7
1029 4853 1125 4902 hnc
1154 4865 1294 4918 pater
1320 4868 1348 4900 o
1378 4853 1572 4900 Lenaee
1709 4852 1997 4918 Terentius]
2031 4853 2269 4903 Heauton
2305 4856 2403 4904 Hm.
2448 4856 2535 4903 1111
2571 4856 2630 4912 6,
2674 4857 2733 4905 18
2870 4857 2931 4904 21
2978 4783 3216 4905 mutata}l

763 4924 828 4970 24
861 4937 1075 4986 ποιητω
1101 4933 1430 4985 ποιητωσαν
1452 4921 1503 4968 Ρ
1635 4922 1699 4968 27
1730 4917 1925 4984 natum]
1953 4930 2147 4970 tantum
2173 4922 2224 4970 P
