3541 5564
1408 341 1769 404 COMMENT
1778 342 1879 402 VM
2819 339 2939 404 155
2985 409 2990 412 ,

2569 463 2612 504 p.
2641 450 2818 490 133-35
2841 448 2886 489 1..

516 531 730 612 Incipit
794 537 1045 591 tractare
1111 549 1208 591 res
1265 529 1551 590 tenendas
1609 528 1882 591 omnibus
1943 529 2195 601 viribus,
2275 531 2624 610 praesertim
2682 531 2815 606 quia
2881 536 2939 589 et

352 634 653 695 doctiores
696 652 807 694 nos
851 633 1077 694 faciunt
1120 640 1181 692 et
1222 639 1526 712 praestant
1559 633 2000 693 excusationem
2036 617 2187 693 male
2229 630 2625 710 loquentibus,
2673 631 2937 711 plerum-

350 753 468 813 que
522 736 811 813 contingit
865 741 931 795 ut
989 752 1257 795 erremus
1309 735 1370 793 in
1429 732 1709 799 dictione;
1774 752 1914 812 ergo
1961 741 2263 815 praestant
2309 736 2766 795 excusationem.
2856 734 2937 794 ait

348 840 462 906 sic,
512 836 861 917 plerumque
891 836 1189 897 invenitur
1220 833 1494 903 elocutio,
1542 841 1607 894 ut
1651 838 2063 917 conparativus
2108 843 2503 918 praeponatur
2550 833 2933 915 superlativo.

298 960 322 998 ε»
349 941 557 1018 utique
612 958 729 1020 quo
772 937 948 999 modo
1003 939 1289 1018 positivus
1344 935 1644 1016 paululum
1691 939 2008 1017 siguificat,
2069 939 2476 1017 conparativus
2521 936 2655 1018 plus
2699 957 2731 998 a
2776 938 2933 1016 posi-

346 1043 496 1111 tivo,
558 1039 951 1121 superlativus
1015 1038 1148 1119 plus
1212 1059 1244 1100 a
1310 1040 1717 1118 conparativo,
1789 1041 1874 1116 ita·
1926 1040 2111 1101 debes
2168 1041 2360 1119 loqui,
2430 1047 2491 1100 ut
2544 1037 2936 1119 superlativus

348 1151 749 1223 praeponatur
780 1143 1261 1222 conparativo.et
1302 1142 1553 1220 positivo
1599 1144 2031 1220 conparativus‚
2082 1161 2156 1202 ne
2203 1142 2485 1221 positivus
2530 1147 2934 1221 praeponatur

350 1246 746 1324 conparativo.
836 1251 926 1305 est
980 1262 1012 1303 e
1070 1244 1368 1304 contrario
1424 1250 1488 1304 ut
1546 1246 1962 1323 conparativus
2016 1251 2417 1323 praeponatur
2473 1242 2829 1323 superlativo
2873 1244 2934 1302 in

350 1345 450 1408 tali
511 1345 879 1413 elocutione,
940 1344 1463 1424 ‘doctior-quovis
1507 1344 1922 1415 doctissimo’,
1971 1346 2243 1408 ‘stultior
2281 1346 2489 1426 quovis
2533 1344 2876 1406 stultissimo
2893 1349 2931 1413 ’,

283 1472 327 1507 ιυ
352 1450 399 1508 si
444 1450 523 1508 ita
572 1449 755 1508 dicas,
809 1445 815 1525 Ι
862 1447 1213 1527 plerumque
1259 1449 1691 1527 comparativus
1738 1450 1978 1527 ponitur
2011 1461 2068 1508 et
2098 1456 2187 1508 est
2230 1449 2544 1528 positivus;
2590 1446 2938 1527 plerumque
2961 1460 3079 1514 431,
3106 1463 3137 1508 8

355 1551 768 1630 conparativus
812 1551 1054 1628 ponitur
1099 1556 1159 1609 et
1204 1567 1314 1610 nec
1357 1550 1641 1628 positivus
1689 1558 1794 1611 est.
1857 1551 2000 1636 duas
2043 1569 2144 1611 res
2188 1549 2360 1610 dixit:
2410 1549 2725 1630 aliquando
2768 1550 2934 1630 poni-

353 1659 444 1713 tur
488 1652 931 1732 conparativus‚
991 1658 1049 1710 et
1094 1657 1183 1711 est
1227 1649 1357 1711 loco
1405 1652 1669 1730 positivi:
1729 1652 2050 1731 aliquando
2106 1653 2345 1731 ponitur
2389 1653 2829 1731 conparativus‚
2878 1659 2935 1710 et

352 1772 470 1814 nou
528 1753 704 1813 modo
762 1754 1171 1831 conparativus
1228 1771 1346 1812 non
1407 1763 1525 1822 est,
1586 1754 1689 1813 sed
1746 1773 1859 1815 nec
1911 1755 2219 1833 positivus,
2306 1760 2371 1813 ut
2424 1762 2561 1832 puta
2617 1760 2755 1813 sunt
2819 1751 2934 1812 duo

353 1853 650 1934 exempla,
718 1872 897 1915 unum
964 1853 1120 1934 apud
1176 1853 1524 1932 Vergilium,
1593 1874 1777 1915 unum
1843 1855 1996 1935 apud
2065 1855 2432 1916 Sallustium.
2521 1853 2812 1932 Vergilius
2855 1856 2936 1916 ait

195 1989 207 2001 ·
263 1958 523 2018 'ia‘iam
573 1957 826 2017 senior
871 1956 996 2017 sed
1045 1955 1269 2016 cruda
1315 1955 1507 2017 deo'.
1571 1974 1711 2017 ecce
1756 1959 1932 2019 modo
1980 1960 2179 2019 senior
2219 1957 2781 2037 conparativusest,
2830 1954 2936 2017 sed

354 2079 461 2138 pro
507 2060 772 2138 positivo.
836 2074 951 2135 qua
992 2058 1260 2118 ratione?
1306 2060 1441 2138 quia
1475 2057 1738 2129 Charon,
1787 2057 1927 2120 licet
1957 2078 2075 2121 non
2107 2061 2185 2119 sit
2227 2059 2460 2142 senior,
2512 2066 2706 2119 tamen
2753 2076 2935 2120 senex

355 2168 461 2221 est.
550 2177 872 2238 numquam
932 2160 1089 2219 enim
1144 2178 1461 2238 possumus
1516 2158 1715 2221 dicei-e
1770 2163 2098 2231 seniorem,
2161 2163 2270 2221 nisi
2314 2161 2386 2222 ad
2434 2162 2935 2240 comparationem

353 2261 581 2348 similis.
642 2269 781 2343 puta
830 2261 1094 2322 ‘doctior
1140 2269 1229 2322 est
1269 2261 1654 2323 scholasticus
1684 2262 2036 2324 scholastico
2054 2265 2093 2331 ’,
2143 2262 2382 2324 ‘clarior
2428 2271 2517 2323 est
2560 2271 2798 2323 senator
2843 2282 2934 2323 se-

355 2370 618 2426 natore'.
709 2383 828 2426 non
884 2382 1201 2444 possumus
1256 2364 1453 2425 dicere
1512 2363 1761 2425 ‘clarior
1817 2373 2055 2425 senator
2110 2362 2399 2443 plebeio’.
2490 2363 2637 2424 haec
2682 2383 2804 2425 non
2849 2372 2938 2425 est

276 2493 328 2532 ρο
357 2485 489 2528 vera
548 2467 921 2547 conparatio,
980 2465 1083 2527 sed
1141 2459 1563 2534 abusiva;‘illa
1618 2473 1709 2527 est
1752 2485 1888 2527 vera
1947 2468 2319 2545 conparatio,
2368 2483 2517 2543 quae
2561 2468 2717 2528 inter
2762 2484 2936 2546 pares

356 2570 437 2631 fit.
501 2586 647 2649 ergo
694 2588 809 2650 quo
855 2567 1032 2629 modo
1078 2567 1223 2628 dixit
1253 2567 1608 2630 Charontem
1655 2570 1986 2638 seniorem,
2035 2587 2167 2629 cum
2202 2567 2399 2629 nullus
2443 2570 2519 2628 sit
2563 2567 2710 2629 alter
2754 2586 2935 2629 senex

354 2669 628 2731 Charon?
672 2670 771 2731 illa
819 2688 961 2749 ergo
1006 2671 1349 2749 conparatio
1395 2671 1707 2749 positivum
1739 2672 2048 2750 significat.
2111 2688 2245 2730 nam
2278 2659 2415 2731 licet
2445 2688 2563 2730 non
2595 2671 2673 2730 sit
2703 2668 2934 2730 Charon

358 2774 588 2843 senior,
639 2779 833 2835 tamen
880 2770 1112 2833 videtur
1141 2791 1343 2833 senex.
1408 2780 1498 2835 est
1543 2773 1701 2834 enim
1734 2771 1826 2833 vel
1870 2773 1971 2853 qui
2017 2791 2197 2834 senex
2241 2773 2348 2842 sit,
2398 2770 2454 2832 id
2502 2779 2592 2834 est
2634 2771 2775 2833 licet
2816 2791 2934 2833 non

354 2877 471 2937 sint
515 2875 635 2936 duo
679 2875 1033 2943 Charonte&
1081 2881 1143 2935 ut
1187 2874 1286 2935 ille
1332 2876 1406 2936 sit
1450 2882 1586 2954 puta
1632 2893 1843 2943 senex,
1894 2873 1995 2935 ille
2041 2875 2267 2944 senior,
2315 2874 2418 2935 sed
2453 2893 2604 2936 unus
2633 2875 2792 2935 idem
2825 2884 2933 2935 est.

276 2975 370 3057 πεί
418 2995 562 3057 ergo
609 2979 660 3038 si
705 2996 858 3039 unus
903 2983 1021 3046 est,
1077 2976 1216 3037 licet
1269 2995 1387 3036 non
1432 2978 1507 3037 sit
1550 2979 1779 3048 senior,
1831 2985 2028 3038 tamen
2076 2986 2164 3038 est
2207 2975 2299 3036 vel
2343 2995 2542 3037 senex.
2633 2976 2774 3037 licet
2818 2994 2936 3038 non

355 3081 430 3140 sit
475 3081 918 3159 conparativus‚
966 3086 1164 3139 tamen
1211 3087 1302 3139 est
1342 3078 1433 3139 vel
1477 3079 1779 3158 positivuS.
1869 3081 1931 3139 in
1976 3080 2085 3140 ista
2131 3086 2327 3140 tamen
2374 3077 2706 3140 elocutione
2751 3078 2938 3140 Sallu-

357 3184 545 3243 stiana
601 3200 719 3242 non
779 3180 970 3266 solum
1027 3198 1146 3242 non
1203 3182 1284 3242 ait
1339 3181 1812 3260 conparativum,
1871 3180 1974 3240 sed
2035 3199 2146 3242 nec
2204 3182 2518 3259 positivum
2564 3180 2830 3259 quidem,
2877 3190 2940 3241 ut

358 3288 585 3346 ‘mare
647 3284 1026 3345 Ponticum
1083 3281 1377 3343 dulcius
1433 3302 1640 3362 quam
1699 3284 1993 3344 cetera’
2054 3282 2246 3364 [mare
2301 3282 2531 3344 dulcius
2573 3282 2934 3363 Ponticum].

358 3394 495 3447 tunc
561 3387 714 3448 bene
780 3385 1004 3447 diceret
1066 3403 1228 3446 mare
1273 3385 1581 3447 Ponticum
1649 3403 1780 3446 esse
1846 3384 2104 3456 dulcius,
2167 3386 2218 3446 si
2273 3390 2428 3445 esset
2480 3384 2716 3465 aliquod
2775 3402 2938 3446 mare

277 3488 549 3554 sodulce.
640 3506 774 3549 cum
831 3496 1026 3559 autem
1081 3486 1308 3549 nullum
1366 3505 1528 3547 mare
1582 3489 1661 3547 sit
1711 3486 1916 3558 dulce,
1975 3505 2150 3566 quem
2206 3487 2277 3548 ad
2335 3486 2573 3547 modum
2618 3505 2938 3567 possumus

358 3590 557 3651 dicere
615 3588 760 3650 illud
818 3589 1084 3650 dulcius?
1142 3608 1284 3666 ergo
1344 3590 1506 3650 vides
1564 3591 1726 3667 quia,
1787 3589 2019 3669 quando
2065 3589 2196 3649 dico
2241 3590 2441 3650 ‘mare
2487 3588 2770 3659 dulcius'‚
2819 3607 2936 3650 non

358 3692 544 3753 solum
592 3692 851 3760 dulcius,
913 3690 1016 3750 sed
1073 3708 1146 3751 ne
1207 3690 1377 3752 dulce
1423 3691 1690 3769 quidem,
1749 3693 1886 3769 quia
1944 3690 2170 3752 nullum
2216 3709 2380 3752 mare
2422 3709 2534 3751 nec
2580 3690 2808 3752 dulcius
2853 3701 2940 3752 est

360 3812 470 3855 nec
515 3792 705 3854 dulce.
794 3795 875 3853 ita
931 3793 1229 3853 invenitur
1274 3793 1370 3854 hic
1426 3794 1843 3873 conparativus‚
1886 3813 2006 3854 non
2054 3792 2243 3854 solum
2292 3794 2770 3871 conparationem
2819 3812 2937 3854 non

360 3897 722 3975 significanS,
782 3894 887 3954 sed
944 3912 1053 3954 nec
1111 3896 1442 3973 positivum.
1517 3914 1652 3956 nam
1708 3914 1816 3975 per
1872 3914 2072 3957 rerum
2131 3903 2397 3957 naturam
2447 3914 2564 3955 non
2610 3903 2807 3974 potest
2849 3897 2937 3955 in·

284 4016 567 4067 35ven1r1.

497 4200 530 4251 3
564 4202 635 4250 ait
669 4216 760 4251 om.
796 4199 865 4258 A,
905 4201 1025 4250 cedd.
1062 4218 1095 4251 α
1202 4203 1233 4250 5
1271 4201 1528 4266 paululum
1564 4203 1826 4268 significat
1860 4205 2219 4267 conparatiuus
2255 4212 2593 4267 praeponatur
2629 4202 2938 4268 superlatiuo

365 4271 532 4335 utique
569 4271 826 4334 quomodo
859 4272 1114 4336 positiuus
1154 4269 1413 4335 paululum
1454 4273 1712 4338 signifieat
1736 4274 1786 4322 A
1889 4273 1922 4325 6
1958 4274 2113 4321 debes
2148 4274 2314 4334 eloqui
2347 4274 2396 4320 A
2500 4272 2533 4322 8
2563 4270 2660 4335 est]
2704 4284 2750 4321 et
2778 4272 2944 4322 ΑΒΕ

495 4339 530 4390 9
579 4349 758 4390 doctus
796 4342 1012 4402 (doctior
1047 4341 1169 4393 add.
1215 4345 1265 4391 in
1312 4345 1493 4407 mar-9.)
1539 4342 1619 4393 uel
1661 4343 1844 4393 stultus
1881 4346 2064 4405 quouis
2102 4343 2405 4392 stultissimo
2436 4342 2477 4390 C
2522 4343 2701 4391 doctus
2749 4343 2942 4391 doctior

361 4410 571 4474 (quouis
617 4411 910 4461 doctissimo
947 4412 1069 4464 add.
1109 4411 1200 4471 α*)
1242 4410 1442 4460 stultior
1497 4414 1677 4478 quouis
1721 4414 2023 4462 stultissimo
2061 4414 2109 4461 Α
2148 4415 2195 4463 in
2234 4415 2386 4462 litura
2528 4413 2592 4462 10
2630 4412 2768 4461 dicas
2807 4411 2942 4475 quod

363 4480 536 4530 senior
572 4496 665 4547 pro
693 4496 852 4532 senex
889 4481 1019 4531 dixit
1055 4480 1289 4547 uin-gilius
1324 4483 1619 4546 plerumque
1657 4482 1728 4531 B:
1763 4482 1898 4544 quod
1939 4483 2109 4532 senior
2148 4499 2237 4547 pro
2265 4495 2422 4532 senex
2454 4483 2584 4533 dixit
2618 4482 2851 4548 nii-gilius
2891 4484 2942 4531 in

362 4566 519 4617 mara.
560 4567 593 4599 a
739 4552 802 4601 15
841 4548 962 4618 iam]
1015 4553 1173 4615 Ver-9.
1218 4550 1350 4604 Aen.
1394 4552 1459 4601 Vl
1505 4552 1606 4603 30⁴
1749 4553 1876 4601 deeo
1911 4554 1953 4603 C
1989 4555 2083 4601 deo
2116 4553 2396 4617 uiridisque
2431 4561 2666 4602 senectus
2703 4568 2737 4599 a
2877 4551 2943 4601 19

366 4634 461 4669 non
504 4635 715 4686 possum
754 4621 804 4671 A
941 4622 1010 4670 20
1056 4622 1268 4672 abusiue
1308 4620 1354 4669 A
1497 4622 1560 4671 21
1606 4622 1774 4671 nullus
1811 4623 1883 4671 sic
1917 4623 2020 4673 Ac
2153 4623 2222 4673 26
2261 4634 2425 4671 tamen
2461 4632 2536 4672 est
2574 4622 2708 4685 quod
2747 4622 2943 4671 dulcius

363 4690 533 4739 miuus
571 4691 794 4757 positiuo
840 4690 1097 4757 significa
1143 4692 1223 4739 uel
1269 4691 1518 4754 positiuua
1555 4691 1635 4742 B.-
1684 4690 1820 4755 quod
1860 4692 2062 4740 dulcius
2109 4693 2276 4742 minus
2331 4693 2550 4758 positiuo
2605 4692 2858 4756 significat
2893 4692 2943 4739 in

362 4775 536 4881 m
568 4776 603 4809 a
741 4760 810 4810 28
842 4762 1044 4811 dulcius
1082 4776 1232 4824 quam
1270 4758 1480 4810 Bca*:
1520 4760 1717 4810 dulcius
1742 4775 1830 4809 om,
1859 4762 1909 4810 A
2053 4762 2118 4811 :32
2150 4778 2210 4810 ne
2249 4762 2396 4811 dulce
2434 4763 2636 4825 quidem
2669 4761 2782 4811 dico
2823 4762 2945 4811 Lin-

538 4845 633 4881 nus
