3541 5564
1473 366 1682 427 COMM
1688 366 1785 428 EN
1789 367 1884 428 TV
1889 368 1942 428 M
2884 367 3000 430 101

2664 490 2704 530 p.
2733 479 2883 518 13-15
2911 477 2953 517 L.

595 553 985 618 Semivocales
1040 555 1232 617 dictae
1289 562 1452 625 sunt,
1515 556 1681 634 qnia,
1741 557 1790 614 si
1847 554 2124 616 detrahas
2170 559 2257 616 eis
2303 555 2591 626 vocalem,
2647 556 2871 618 habent
2913 557 3004 618 vel
3028 571 3148 632 421,
3178 573 3240 621 10

426 669 662 721 tenuem
697 677 908 720 sonum
941 656 1031 720 vel
1077 656 1315 718 sibilum
1350 657 1663 736 quendam.
1725 666 1791 717 ut
1834 660 1886 717 si
1929 656 2090 718 dicas
2136 677 2226 728 eS,
2273 657 2413 719 tolle
2458 658 2595 719 inde
2643 678 2674 719 e
2719 661 3001 730 vocalem,
3030 640 3238 722 520,12

426 771 597 823 sonat
642 761 876 842 quidam
934 759 1167 830 sibilus,
1228 759 1465 843 quidam
1518 778 1718 820 sonuS.
1800 760 1934 819 ideo
1990 778 2130 837 ergo
2187 761 2376 822 dictae
2421 772 2558 824 sunt
2602 761 3000 832 semivocales,

422 866 555 944 qnia
600 865 781 924 semis
824 862 1048 923 habent
1092 861 1166 922 de
1208 880 1379 931 voce,
1427 862 1484 923 id
1532 869 1622 922 est
1666 860 1755 922 vel
1803 862 2060 923 mediam
2116 871 2343 941 partem
2390 867 2547 925 vocis
2593 863 2830 925 habent.
2904 863 3000 925 alii

368 988 394 1026 5
422 967 530 1028 alia
576 967 804 1026 ratione
852 963 1232 1026 semivocales
1277 963 1462 1025 dictas
1509 981 1640 1024 esse
1685 964 1915 1034 dicunt,
1965 965 2095 1044 quia
2145 966 2324 1024 semis
2358 965 2577 1026 habent
2607 967 2679 1026 de
2711 973 3000 1045 potestate

419 1066 719 1130 vocalium.
811 1065 1043 1127 vocales
1089 1067 1243 1127 enim
1291 1084 1398 1145 per
1441 1084 1506 1125 se
1560 1074 1773 1126 sonant
1818 1076 1876 1127 et
1916 1085 2025 1145 per
2070 1085 2134 1126 se
2178 1065 2460 1145 syllabam
2516 1069 2769 1137 faciunt;
2824 1070 2998 1128 semi-

416 1170 646 1232 vocales
701 1189 812 1249 per
868 1187 932 1229 se
990 1168 1228 1246 quidem
1286 1175 1526 1237 sonant,
1585 1167 1686 1227 sed
1744 1186 1854 1246 per
1911 1188 1975 1227 se
2035 1166 2314 1248 syllabam
2363 1187 2480 1228 non
2527 1170 2767 1230 faciunt.
2856 1189 2998 1248 ergo

418 1272 574 1353 quod
630 1290 807 1332 unam
866 1278 1095 1351 partem
1155 1269 1404 1340 habent,
1465 1288 1640 1330 unam
1687 1288 1807 1330 non
1854 1269 2101 1340 habent,
2149 1270 2282 1330 ideo
2329 1269 2519 1332 dictae
2565 1280 2704 1332 sunt
2747 1273 2998 1332 semivo-

415 1374 601 1443 caleS‚
660 1373 817 1453 qnod
864 1374 1042 1434 semis
1089 1371 1307 1431 habent
1351 1372 1424 1432 de
1469 1379 1759 1451 potestate
1807 1370 2112 1433 vocalium.
2204 1371 2478 1434 dicuntur
2535 1383 2734 1434 autem
2779 1374 2886 1443 ita,
2936 1382 2999 1435 ut

340 1499 388 1536 ιο
417 1478 701 1557 incipiant
745 1496 775 1536 a
822 1474 1011 1536 vocali
1057 1482 1114 1534 et
1159 1474 1430 1534 desinant
1473 1476 1535 1533 in
1580 1473 1912 1534 naturalem
1967 1492 2179 1534 sonum
2241 1474 2307 1551 (si
2354 1474 2525 1538 aliter
2571 1475 2819 1544 dixeris,
2878 1495 2994 1536 non

413 1588 591 1641 eruut
632 1580 747 1638 iam
794 1573 1230 1653 semivocales),
1288 1586 1354 1637 ut
1409 1585 1499 1636 est
1544 1577 1604 1636 es
1655 1596 1719 1636 es
1765 1578 1840 1635 ix.
1934 1593 2076 1654 ergo
2119 1577 2501 1638 semivocales
2544 1579 2622 1639 ita
2671 1597 2735 1639 se
2779 1577 3197 1653 babent478,2

412 1681 693 1741 inchoare
738 1698 770 1740 a
818 1679 1003 1740 vocali
1046 1697 1191 1740 sono
1238 1686 1296 1738 et
1341 1677 1614 1737 desinere
1659 1680 1719 1738 in
1766 1676 2092 1738 naturalem
2138 1697 2369 1740 sonum.
2442 1688 2641 1740 mutae
2687 1700 2718 1741 e
2763 1689 2995 1742 contra·
3023 1661 3140 1722 ⁵²⁰⁹
3168 1662 3230 1709 18

414 1785 505 1843 rio
553 1781 836 1843 inchoant
878 1801 909 1842 a
958 1780 1210 1842 naturali
1254 1798 1400 1840 sono
1446 1787 1505 1839 ct
1550 1779 1829 1839 desinunt
1872 1781 1931 1839 in
1978 1779 2236 1841 vocalem
2282 1801 2520 1850 sonum,
2570 1789 2634 1843 ut
2679 1791 2766 1843 est
2810 1783 2882 1843 be
2929 1803 2996 1843 ce

412 1886 485 1945 de
531 1904 605 1963 ge
650 1884 725 1944 ba
770 1883 845 1945 ka
892 1902 967 1963 pe
1014 1900 1091 1960 qu
1134 1889 1210 1943 te.
1303 1899 1456 1959 quae
1502 1898 1644 1958 ergo
1688 1879 1882 1942 littera
1927 1883 2348 1961 praeponenda
2395 1892 2481 1944 est
2524 1886 2585 1944 in
2629 1885 2993 1946 semivocali-

336 1987 524 2048 15bus
570 1987 660 2046 vel
705 1985 1120 2065 postponenda
1165 1987 1226 2044 in
1274 1985 1485 2043 mutis?
1541 2002 1572 2040 e
1630 1990 1856 2044 tantum
1903 1983 2079 2045 modo
2126 1984 2278 2053 sola,
2339 1995 2400 2046 ut
2443 1995 2585 2064 puta
2632 1988 2692 2046 es
2732 1995 2789 2047 et
2833 1989 2860 2048 f
2899 2007 2993 2047 so-

412 2099 542 2158 nat,
603 2088 656 2148 el
704 2096 763 2148 et
805 2087 825 2147 1
872 2094 1069 2156 sonat,
1130 2105 1197 2146 er
1241 2094 1299 2146 et
1343 2104 1373 2146 r
1418 2092 1619 2154 sonat,
1682 2104 1745 2146 es
1790 2095 1850 2145 et
1893 2106 1921 2146 s
1965 2094 2161 2156 sonat,
2223 2106 2314 2148 em
2364 2096 2422 2147 et
2466 2107 2523 2147 m
2570 2097 2766 2160 sonat,
2816 2108 2888 2151 en
2938 2099 2997 2150 et

412 2210 448 2252 n
496 2199 672 2252 sonat
719 2189 807 2270 [ix
853 2199 910 2250 et
956 2208 989 2248 x
1036 2187 1256 2268 sonat].
1350 2205 1492 2265 ergo
1538 2188 1598 2248 in
1643 2187 2095 2249 semivocalibus
2142 2208 2173 2248 e
2215 2190 2636 2270 praeponenda
2684 2201 2789 2252 est.
2849 2192 2992 2252 item

408 2298 468 2355 in
529 2295 707 2354 mutis
763 2291 801 2351 b
843 2309 875 2352 c
918 2290 952 2350 d
1012 2289 1279 2351 similiter
1338 2309 1369 2350 e
1426 2289 1836 2368 postponenda
1897 2299 2002 2351 est.
2090 2290 2192 2352 sed
2248 2300 2383 2352 sunt
2437 2290 2666 2370 aliquae
2722 2290 2987 2370 littelrae,

408 2413 560 2473 quae
607 2413 801 2475 neque
846 2393 919 2454 ab
968 2411 998 2452 e
1042 2390 1326 2456 inchoant
1369 2408 1562 2468 neque
1608 2393 1668 2451 in
1715 2412 1746 2452 e
1794 2391 2087 2453 desinunt.
2182 2393 2291 2454 hae
2346 2392 2579 2454 litterae
2634 2393 2990 2456 calumniam

331 2500 747 2581 topatiuntur‚
797 2504 861 2557 ut
905 2501 997 2555 est
1041 2513 1093 2554 x.
1186 2492 1409 2554 ideirco
1457 2512 1576 2553 non
1622 2493 1814 2555 littera
1863 2494 2107 2565 dicitur,
2158 2494 2262 2555 sed
2309 2494 2526 2574 duplex
2574 2496 2786 2557 littera.
2847 2496 2883 2557 lx
2934 2506 2993 2558 et

407 2621 445 2680 q
492 2617 683 2677 neque
741 2598 813 2659 ab
870 2616 902 2658 e
959 2596 1239 2657 inchoant
1293 2614 1487 2674 neque
1531 2598 1591 2655 iu
1639 2617 1671 2656 e
1718 2596 2013 2658 desinunt.
2107 2597 2143 2656 h
2191 2606 2250 2658 et
2304 2599 2413 2659 ista
2470 2597 2741 2660 similiter
2785 2601 2846 2660 in
2892 2618 2987 2660 ca-

408 2700 696 2762 lumniam
741 2701 919 2760 venit.
1010 2699 1236 2759 idcirco
1282 2698 1561 2758 dicuntur
1606 2721 1642 2756 ιι»
1689 2698 1912 2761 habent
1959 2698 2046 2759 vel
2091 2698 2346 2760 mediam
2391 2709 2622 2779 partem
2668 2704 2841 2771 vocis,
2889 2711 2990 2763 aut

407 2813 569 2865 certe
615 2805 890 2884 quoniam
937 2805 1115 2863 semis
1160 2801 1379 2862 babent
1422 2802 1495 2861 de
1539 2785 1831 2881 potestate
1877 2801 2181 2865 vocalium.

575 2907 770 2967 Mutae
826 2913 1023 2966 autem
1080 2903 1214 2963 ideo
1274 2903 1464 2964 dictae
1508 2909 1671 2974 su'nt,
1735 2906 1901 2981 quia,
1951 2906 1998 2965 si
2046 2904 2321 2966 detrahas
2364 2904 2482 2966 illis
2527 2905 2819 2976 vocalem,
2867 2926 2985 2968 non
3011 2922 3128 2973 421.
3161 2925 3221 2971 13

327 3032 379 3072 25
408 3015 621 3070 sonant
665 3009 919 3087 penitus.
1012 3023 1153 3083 ergo
1198 3004 1333 3066 ideo
1380 3005 1569 3067 dictae
1614 3006 2024 3075 semivocales,
2073 3007 2228 3084 quod
2277 3007 2539 3069 detracta
2582 3009 2766 3069 vocali
2813 3011 2990 3070 semis
3015 2992 3129 3048 520,
3161 2992 3220 3039 ¹⁶

410 3110 665 3172 habeant
710 3108 783 3169 de
827 3126 1001 3177 voce,
1049 3108 1186 3168 ideo
1230 3116 1458 3178 mutae,
1508 3111 1641 3188 quia
1690 3099 1953 3169 detracta
1999 3109 2185 3170 vocali
2230 3112 2464 3190 penitus
2510 3128 2628 3171 non
2671 3119 2900 3172 sonant.

575 3209 817 3271 vocales
862 3219 1059 3270 autem
1107 3211 1362 3289 quinque
1408 3219 1574 3279 sunt,
1622 3230 1652 3270 a
1702 3229 1733 3270 e
1779 3212 1796 3269 i
1843 3231 1877 3270 o
1925 3230 1980 3272 u.
2030 3214 2178 3272 istae
2223 3213 2502 3291 quinque,
2550 3214 2782 3292 quando
2827 3212 2987 3275 solae
3011 3229 3126 3287 421,
3158 3231 3217 3278 16

403 3313 820 3394 proferuntur,
871 3313 1082 3391 longae
1126 3320 1264 3373 sunt
1308 3331 1568 3392 semper:
1618 3312 1856 3392 quando
1901 3312 2054 3373 solas
2098 3311 2323 3374 litteras
2366 3313 2526 3383 dicis,
2574 3314 2783 3391 longae
2828 3324 2980 3375 sunt.
3011 3297 3128 3358 5²⁰²
3154 3299 3216 3347 27

404 3437 436 3477 a
493 3415 615 3477 sola
670 3415 846 3494 longa
905 3421 1022 3481 est,
1082 3435 1113 3474 e
1169 3414 1291 3474 sola
1347 3413 1521 3492 longa
1580 3422 1685 3474 est.
1745 3412 1751 3493 Ι
1812 3421 2120 3492 praeterea
2181 3414 2254 3475 de
2296 3417 2425 3475 istis
2470 3418 2728 3495 quinque
2772 3417 2984 3478 litteris

539 3624 570 3672 2
605 3621 648 3670 si
688 3621 830 3671 dicas
870 3634 923 3669 es
959 3621 1008 3670 L
1043 3620 1086 3670 si
1122 3620 1261 3669 dicas
1297 3634 1321 3667 s
1354 3619 1454 3669 BC
1484 3619 1528 3667 si
1567 3619 1708 3668 dicas
1746 3634 1803 3667 se
1841 3635 1874 3667 α
1909 3620 1952 3667 si
1990 3619 2130 3669 dicas
2165 3620 2216 3668 A
2323 3619 2355 3669 6
2391 3621 2597 3671 uocales
2632 3622 2765 3670 enim
2801 3638 2891 3688 per
2926 3638 2980 3673 sc

400 3702 581 3742 sonant
611 3700 658 3740 et
696 3707 788 3756 per
826 3705 881 3739 se
915 3689 1147 3739 sillabam
1188 3690 1379 3739 faciunt
1414 3690 1460 3737 L
1498 3691 1692 3738 uocalis
1730 3689 1863 3737 enim
1903 3705 1996 3755 per
2031 3704 2087 3738 se
2124 3699 2270 3739 sonat
2303 3699 2351 3738 et
2386 3705 2477 3756 per
2503 3706 2558 3740 se
2585 3692 2829 3755 syllabam
2861 3692 2980 3741 facit

398 3761 571 3812 ABG
707 3762 738 3809 7
776 3761 865 3810 sed
907 3774 999 3823 per
1034 3774 1089 3808 se
1120 3760 1365 3824 syllabam
1402 3774 1501 3810 non
1539 3760 1733 3808 faciunt
1769 3760 1883 3807 ideo
1924 3760 2089 3808 dictae
2129 3772 2245 3811 suut
2279 3762 2630 3813 semiuocaleS.
2674 3780 2700 3810 e
2739 3763 2788 3810 in
2828 3763 2977 3811 semi-

400 3831 658 3881 uocalibus
705 3831 1037 3896 praeponitur
1085 3831 1132 3876 in
1177 3830 1325 3878 mutis
1363 3830 1684 3894 postponitur
1727 3828 1782 3888 (e
1819 3856 1882 3865 —
1922 3831 2246 3895 postponitur
2277 3847 2365 3880 om.
2409 3832 2474 3878 A.
2509 3833 2632 3883 add.
2665 3848 2697 3880 a
2737 3833 2784 3880 in
2827 3833 2979 3880 mutis

398 3902 722 3967 postponitur
755 3915 845 3950 om.
888 3899 963 3963 B)
1008 3900 1083 3948 nel
1136 3899 1485 3965 postponenda
1522 3901 1569 3947 in
1607 3900 1759 3947 mutis
1796 3902 1824 3948 ὃ
1854 3908 2043 3949 tantum
2085 3900 2233 3949 modo
2272 3901 2375 3950 sota
2415 3900 2594 3951 ABG.
2634 3903 2978 3964 supplementa

393 3973 630 4035 praebuit
668 3972 714 4020 L
861 3971 925 4020 14
954 3983 1084 4031 qnae
1123 3969 1266 4035 ergo]
1307 3985 1464 4033 quare
1502 3984 1625 4034 ergo
1664 3968 1712 4016 L
1822 3970 1884 4019 15
1924 3981 1978 4019 ιιι
2013 3980 2131 4035 puta
2171 3970 2228 4019 et*
2261 3981 2308 4020 et
2339 3970 2362 4019 l*
2394 3980 2538 4019 sonat
2575 3972 2621 4021 le
2659 3982 2708 4020 et
2746 3972 2789 4019 el
2829 3980 2974 4019 sonat

397 4057 450 4090 re
487 4052 535 4090 et
573 4056 628 4089 er
661 4048 809 4089 sonat
848 4056 903 4088 se
942 4052 988 4087 et
1017 4054 1072 4089 es
1108 4055 1186 4088 em
1226 4051 1274 4088 et
1304 4055 1352 4088 m
1389 4049 1538 4089 sonat
1568 4054 1627 4086 en
1667 4050 1715 4087 et
1752 4055 1780 4085 n
1817 4051 1965 4105 ¹sonat
2003 4042 2055 4088 ix
2085 4050 2134 4089 et
2167 4040 2218 4088 ix
2257 4049 2403 4089 sonat
2433 4057 2558 4106 ergo
2599 4042 2645 4090 L
2681 4051 2800 4106 puta
2844 4040 2891 4089 se
2926 4050 2974 4089 et

396 4129 423 4162 e
461 4110 485 4160 l*
517 4121 664 4160 sonat
701 4111 715 4159 Ι
751 4130 778 4158 e
819 4119 869 4158 et
909 4125 936 4157 e
967 4107 978 4157 l
1019 4119 1165 4159 sonat
1201 4127 1226 4159 r
1262 4127 1289 4158 e
1327 4118 1376 4158 et
1413 4126 1440 4158 e
1475 4125 1498 4157 r
1532 4119 1678 4159 sonat
1715 4126 1739 4158 s
1779 4126 1806 4158 e
1843 4120 1891 4159 et
1922 4125 1949 4158 e
1976 4125 2001 4159 s
2033 4124 2157 4175 ergo
2193 4110 2244 4158 A
2278 4120 2398 4176 puta
2436 4110 2486 4159 fe
2523 4119 2571 4160 et
2609 4110 2634 4159 f
2665 4119 2806 4160 sonat
2847 4111 2892 4159 le
2925 4122 2974 4159 et

397 4183 409 4231 l
448 4191 595 4230 tonat
630 4196 657 4229 r
684 4196 719 4253 εἰ
750 4193 798 4230 et
835 4194 858 4226 ι·
893 4188 1037 4227 sonat
1076 4194 1100 4226 s
1135 4196 1163 4229 e
1211 4188 1260 4228 et
1308 4195 1333 4229 s
1371 4188 1515 4229 sonat
1551 4194 1675 4245 ergo
1712 4180 1821 4231 BG
1959 4179 2023 4230 18
2060 4179 2282 4246 aliquae]
2328 4180 2457 4229 aliae
2495 4180 2542 4228 L
2680 4182 2749 4229 22
2786 4180 2972 4230 idcirco

394 4252 630 4300 dicuntur
668 4266 696 4299 e
737 4252 789 4299 in
839 4249 1227 4298 semiuocatibus
1275 4249 1544 4315 praeponit
1590 4249 1944 4314 (praeponitur
1979 4265 2117 4300 corr.
2163 4252 2262 4298 -nit
2302 4251 2370 4311 L)
2415 4251 2463 4297 in
2519 4252 2669 4298 mutis
2715 4251 2969 4315 postponit

394 4320 578 4369 habent
614 4320 796 4380 (habet
825 4316 904 4380 L)
926 4318 1005 4367 uel
1034 4320 1248 4369 mediam
1280 4330 1473 4385 partem
1505 4319 1615 4367 AL
1650 4319 1836 4369 idcirco
1870 4319 2057 4369 dicitur
2093 4318 2280 4370 hahere
2317 4319 2464 4383 (qnia
2489 4319 2676 4368 habent
2713 4320 2794 4369 uel
2829 4335 2966 4373 corr,

393 4390 580 4440 habere
615 4391 683 4450 B)
721 4389 938 4438 mediam
975 4398 1168 4454 partem
1214 4389 1341 4439 HC:
1378 4390 1565 4438 idcirco
1604 4389 1843 4438 dicuntur
1878 4390 2212 4440 semiuocales
2249 4391 2484 4454 quoniam
2523 4389 2711 4438 habent
2746 4390 2824 4438 vel
2869 4406 2969 4439 nue-

394 4462 526 4509 diam
570 4469 764 4524 partem
802 4460 1010 4509 coniecit
1044 4458 1423 4509 Lindemannus.
1473 4460 1567 4508 sed
1612 4461 1847 4509 videntur
1873 4462 2027 4522 plura
2060 4461 2208 4508 etiam
2242 4461 2305 4510 de
2337 4461 2736 4522 pronuntiatione
2769 4463 2970 4509 sentino-

393 4530 568 4579 calam
604 4536 653 4579 ee
681 4536 922 4578 mularum
960 4530 1213 4578 excidisse
1389 4527 1456 4578 23
1493 4531 1649 4579 semis
1688 4528 1874 4578 babent
1911 4528 2022 4579 LB
2065 4532 2219 4579 semis
2256 4529 2409 4578 babet
2444 4530 2491 4576 A
2540 4531 2706 4577 miuus
2744 4529 2891 4578 habet
2930 4530 2973 4580 C

531 4599 596 4647 27
635 4600 842 4649 uocales
881 4608 1047 4647 autem
1083 4598 1226 4649 BCa
1263 4599 1466 4649 uocales
1502 4599 1629 4647 istae
1666 4602 1747 4649 A.-
1786 4600 1988 4649 uocales
2029 4614 2116 4650 ‚ul
2162 4600 2245 4648 isti
2278 4610 2393 4648 sunt
2429 4614 2458 4646 a
2496 4600 2564 4647 ei
2605 4613 2634 4648 o
2670 4614 2702 4647 u
2737 4599 2970 4649 simzliter

395 4666 578 4717 babent
611 4671 655 4719 si
689 4670 874 4717 breues
904 4683 932 4718 o
978 4683 1095 4718 uero
1133 4677 1181 4718 et
1218 4684 1245 4718 e
1281 4681 1380 4717 non
1420 4677 1600 4717 sonant
1630 4669 1810 4718 breues
1853 4671 1899 4719 L
2067 4668 2134 4719 29
2181 4682 2439 4732 praeterea
2481 4668 2545 4718 de
2580 4668 2693 4717 istis
2744 4670 2966 4733 quinque

397 4737 575 4787 litteris
611 4748 715 4788 tres
751 4745 872 4788 sunt
899 4753 1028 4801 quae
1060 4739 1169 4788 siue
1199 4739 1380 4788 breues
1429 4739 1537 4787 siue
1575 4739 1762 4791 mod.a
1793 4738 1939 4792 .i.u.
1989 4738 2223 4788 similiter
2261 4740 2446 4789 habent
2484 4740 2528 4787 si
2566 4738 2738 4788 breuis
2775 4754 2803 4788 o
2841 4754 2962 4789 uero

396 4816 444 4854 et
472 4824 499 4857 e
528 4823 624 4857 non
660 4817 846 4857 sonant
883 4807 1060 4857 breues
1089 4810 1135 4856 A
1174 4817 1438 4873 praeterea
1473 4809 1535 4857 de
1569 4809 1679 4858 istis
1716 4810 1938 4873 quinque
1974 4809 2155 4858 litteris
2185 4816 2289 4859 tres
2322 4819 2439 4858 sunt
2473 4824 2603 4871 quae
2638 4811 2748 4859 sine
2783 4810 2963 4858 breues

399 4877 507 4925 siue
543 4878 727 4945 longae
765 4876 993 4927 eiusdem
1030 4878 1162 4928 modi
1200 4893 1230 4926 a
1266 4879 1283 4927 i
1318 4893 1350 4926 u
1402 4878 1633 4928 similiter
1665 4877 1852 4927 habent
1888 4879 1998 4930 siue
2043 4878 2226 4945 longae
2263 4879 2373 4928 siue
2409 4879 2587 4929 breues
2626 4894 2655 4929 o
2694 4894 2814 4930 uero
2850 4887 2899 4930 ct
2934 4896 2961 4930 e
