3541 5564
1516 346 1987 408 COMMENTVM
2921 340 3048 405 273

2693 464 2734 506 p.
2753 451 2929 493 395-97
2959 450 3003 489 1..

466 535 750 613 parietem
797 553 905 613 per
949 535 1224 613 parietes
1300 536 1442 594 item
1487 532 1624 594 illae
1669 532 1984 603 ablativae,
2042 552 2073 592 a
2120 533 2194 593 ab
2239 531 2344 594 abs
2386 551 2518 593 cum
2565 550 2765 593 coram
2812 538 2870 591 et
2912 530 3050 591 reli-

468 653 647 713 quae:
706 638 851 695 istae
907 642 1131 696 tantum
1190 634 1441 696 ablativo
1494 638 1844 715 iunguntur.
1932 635 2038 713 sed
2105 636 2167 694 in
2220 637 2351 695 istis
2407 633 2674 694 ablativis
2720 642 2777 695 et
2823 635 2881 693 in
2928 632 3047 693 illis

468 739 811 798 accusativis
856 745 994 798 sunt
1036 736 1262 817 aliquae
1309 757 1459 817 quae
1506 739 1566 797 in
1614 737 2041 813 dubitationem
2090 739 2347 797 veniunt.
2416 755 2555 796 eece
2598 738 2658 796 in
2706 736 3052 797 accusativis
3073 735 3249 795 419‚4

467 840 577 900 liae
635 843 696 900 in
752 841 1156 918 quaestionem
1212 841 1480 900 veniunt:
1543 839 1614 899 ad
1673 847 1730 899 et
1787 839 1939 920 apud
1998 841 2365 900 accusativae
2424 847 2559 899 sunt
2615 838 2888 918 quidem,
2947 804 3282 897 sed442,11

416 958 442 997 5
469 941 889 1021 discretionem
935 940 1278 1021 relinquunt
1321 944 1381 1003 iu
1427 941 1744 1021 loquendo.
1836 941 2071 1021 quando
2117 940 2188 1001 ad
2232 940 2429 1001 locum
2476 960 2584 1001 nos
2627 942 2714 1001 ire
2760 941 3050 1017 signitica-

468 1063 628 1111 mus,
676 1041 747 1104 ad
794 1044 1064 1121 ponitur;
1123 1044 1358 1123 quando
1417 1046 1476 1103 in
1535 1043 1666 1104 loco
1725 1063 1962 1112 sumuS,
2022 1042 2176 1122 apud
2225 1045 2483 1122 ponitur.
2571 1052 2712 1122 puta
2757 1041 2862 1101 ‘ad
2911 1043 3052 1101 ami-

469 1165 603 1205 cum
651 1145 852 1213 vado’,
902 1145 1091 1224 ‘apud
1138 1147 1392 1206 amicum
1441 1150 1637 1206 sum’:
1717 1165 1835 1206 non
1881 1164 2122 1225 possum
2173 1145 2371 1211 dicere
2417 1152 2517 1205 ant
2562 1144 2751 1224 ‘apud
2799 1146 3052 1204 amicum

466 1247 648 1308 vado'
704 1254 803 1307 aut
857 1246 966 1306 ‘ad
1021 1249 1273 1307 amicum
1331 1249 1518 1317 sum’,
1577 1247 1707 1325 lege
1766 1247 2003 1326 quidem
2070 1248 2242 1315 artis;
2312 1255 2576 1307 ceterum
2647 1246 3053 1326 exemplorum

468 1348 598 1427 lege
654 1350 1018 1409 convertitur
1073 1351 1181 1409 iste
1239 1358 1536 1411 tractatus.
1626 1352 1867 1410 interim
1925 1369 2034 1410 nos
2090 1349 2266 1409 hodie
2322 1349 2435 1409 hoc
2491 1358 2824 1418 teneamuS,
2876 1356 2939 1408 ut
2982 1347 3052 1407 ad

397 1466 444 1503 10
471 1469 707 1530 semper
763 1450 833 1510 ad
892 1450 1086 1511 locum
1143 1455 1243 1521 sit,
1303 1451 1458 1531 apud
1514 1470 1751 1530 semper
1805 1452 1865 1511 in
1921 1450 2054 1511 loeo
2112 1453 2205 1511 sit.
2295 1449 2548 1527 legimus
2592 1451 2831 1531 quidem
2896 1448 3050 1530 apud

470 1552 835 1621 Sallustium,
897 1554 954 1612 in
1013 1554 1277 1614 historiis
1333 1553 1622 1614 habemus
1678 1552 1847 1613 ‘ille
1906 1554 2410 1630 Conisturgim
2470 1552 2660 1632 apud
2721 1551 3057 1631 legiones

473 1657 736 1716 venit’:
786 1657 1030 1715 mutavit
1074 1658 1590 1735 praepositionem.
1646 1658 1836 1733 Asper
1866 1654 2127 1714 defendit
2172 1662 2231 1715 et
2275 1657 2354 1715 ita
2400 1654 2573 1724 dixit,
2622 1655 3054 1733 ‘Conisturgim

475 1758 648 1817 venit.
688 1759 692 1837 ζ
740 1756 810 1816 ad
846 1775 1017 1836 quam
1053 1757 1448 1835 Conisturgim
1498 1758 1692 1817 venit?
1741 1756 1841 1817 ubi
1887 1759 2122 1817 fuerant
2165 1756 2456 1834 legioneS,
2506 1774 2621 1833 quo
2652 1758 2843 1831 venit.
2914 1775 3055 1816 con-

473 1866 664 1920 vertas
708 1857 1005 1919 ordinem:
1065 1860 1172 1918 iste
1220 1860 1377 1919 enim
1424 1860 1571 1920 dixit
1625 1859 2058 1935 ‘Conisturgim
2106 1858 2259 1937 apud
2304 1856 2569 1936 legiones
2614 1858 2818 1927 venit',
2865 1859 2923 1918 id
2973 1866 3059 1919 est

401 1976 449 2015 15
475 1960 628 2040 apud
689 1960 1090 2038 Conisturgim
1147 1961 1382 2021 fuerant
1436 1960 1731 2037 legiones,
1805 1977 1921 2037 quo
1977 1962 2091 2020 iste
2147 1962 2325 2021 venit.
2417 1962 2661 2021 mutavit
2727 1960 3057 2021 ordinem'.

475 2080 615 2141 ergo
674 2062 827 2141 apud
883 2065 941 2122 in
1003 2062 1133 2122 loco
1194 2081 1323 2123 esse
1382 2061 1589 2132 debet,
1648 2071 1711 2123 ut
1767 2062 1961 2141 ‘apud
2019 2064 2273 2122 amicum
2331 2067 2519 2123 sum⁷.
2606 2062 2678 2123 ad
2726 2080 2866 2123 vero
2925 2082 3057 2123 cum

474 2166 615 2225 artis
678 2166 1029 2225 necessitate
1090 2164 1162 2224 ad
1224 2164 1420 2225 locum
1477 2166 1797 2242 significet,
1858 2164 1914 2222 id
1975 2172 2062 2224 est
2119 2163 2229 2223 ‘ad
2290 2166 2540 2224 amicum
2597 2163 2799 2233 vado’,
2861 2172 3057 2225 tamen

476 2285 680 2326 omnes
726 2267 952 2345 antiqui
999 2274 1057 2326 et
1101 2266 1300 2326 idonei
1346 2275 1404 2326 et
1448 2267 1600 2326 firmi
1646 2274 1922 2326 auctores
1966 2267 2289 2326 iunxerunt
2331 2266 2494 2345 quasi
2537 2266 2597 2325 in
2642 2264 2802 2336 loco,

778 2370 1012 2446 prima
1059 2368 1250 2447 quod
1299 2367 1381 2427 ad
1428 2368 1721 2428 Troiam
1767 2386 1898 2447 pro
1944 2370 2148 2427 caris
2193 2375 2532 2445 gesserat
2574 2369 2822 2445 Argis:
2911 2384 2917 2390 ·

398 2472 536 2530 eoin
595 2470 878 2531 Cicerone
934 2468 1216 2529 ‘decem
1283 2471 1516 2529 fiscos
1589 2469 1669 2529 ad
1740 2480 2168 2531 senatorem
2242 2469 2447 2530 illum
2506 2468 3057 2547 relictos’,“ad

474 2573 794 2633 Marcum
824 2571 1079 2631 Lecam
1128 2578 1195 2630 te
1241 2571 1583 2632 habitare
1630 2571 1947 2632 dixisti'.
2013 2589 2155 2649 ergo
2201 2571 2339 2632 licet
2384 2571 2556 2632 nobis
2600 2571 2674 2631 ad
2721 2573 2882 2632 etin
2929 2571 3060 2633 loco

474 2692 698 2752 ponere
747 2681 806 2733 et
848 2673 920 2733 ad
967 2671 1162 2734 locum
1208 2690 1454 2752 ponere.
1531 2676 1678 2734 istae
1726 2681 1865 2733 sunt
1921 2690 2068 2750 quae
2125 2675 2187 2732 in
2244 2662 2668 2734 dubitationem
2716 2673 3058 2741 ‘veniebanu

475 2776 592 2836 dixi
639 2795 812 2857 quam
862 2774 1253 2836 differentiam
1301 2773 1523 2837 habent
1569 2774 1770 2856 [tenus
1802 2795 1940 2835 vero
1972 2777 2030 2835 in
2064 2776 2470 2855 quaestionem
2517 2777 2705 2843 venit;
2751 2777 3059 2856 quaeritur

478 2886 645 2939 tenus
692 2897 865 2958 quam
914 2887 1141 2956 partem
1190 2878 1472 2938 orationis
1519 2878 1742 2959 saciat].

399 2995 450 3034 25
645 2981 749 3040 Est
796 2979 924 3039 talis
969 2978 1201 3056 regula,
1249 2981 1612 3059 praepositio
1656 2982 2091 3059 praepositioni
2138 3000 2256 3041 non
2302 2981 2586 3058 iungitur.
2678 2980 2792 3041 hoc
2837 2981 3057 3052 dicunt,
3085 3001 3295 3060 4121ss

473 3090 614 3161 puta
662 3082 814 3161 apud
860 3100 1046 3161 penes
1092 3100 1209 3141 non
1256 3090 1426 3159 potes
1471 3082 1667 3142 facere
1714 3101 1891 3142 unam
1940 3090 2166 3161 partem
2215 3084 2515 3143 orationis.
2579 3084 2719 3142 item
2767 3086 2864 3160 qui
2910 3083 3063 3143 male
3086 3071 3203 3186 ἓῗξ·
3232 3071 3296 3184 ἐξ

474 3182 799 3264 loquuntur
853 3182 1029 3243 modo
1087 3185 1165 3243 ita
1223 3183 1455 3250 dicunt,
1514 3183 1758 3262 ‘depost
1804 3183 1965 3244 illum
2013 3183 2331 3244 ambulat’.
2423 3184 2495 3244 de
2539 3187 2904 3264 praepositio
2952 3193 3059 3254 est,
3190 3173 3202 3196 ’
3270 3170 3295 3184 ⁴

474 3295 605 3365 post
649 3287 1009 3366 praepositio
1067 3294 1181 3353 est;
1244 3304 1380 3345 ecce
1438 3285 1586 3345 duae
1631 3283 2118 3366 praeposssitiones
2164 3305 2283 3347 non
2329 3286 2677 3355 cohaerent,
2728 3306 2844 3347 non
2891 3287 3058 3355 licet;

476 3405 792 3467 numquam
842 3387 990 3447 duae
1035 3388 1509 3466 praepositiones
1556 3387 1875 3448 cohaerent
1920 3397 2020 3448 aut
2061 3395 2309 3468 possunt
2352 3390 2535 3466 iungi.
2609 3407 2751 3466 ergo
2795 3390 2845 3449 si
2886 3408 3060 3470 prae·

402 3506 451 3545 ³0
477 3490 693 3568 positio
739 3490 1163 3567 praepositioni
1210 3507 1328 3548 non
1375 3490 1664 3566 iungitur,
1713 3489 1927 3550 dehac
1960 3487 2292 3551 elocutione
2323 3490 2464 3571 quid
2508 3490 2797 3551 habemus
2841 3491 3059 3558 dicere,

478 3590 598 3648 ‘ad
645 3608 875 3668 nsque
921 3588 1375 3650 columnas'?
1434 3591 1503 3648 ad
1563 3593 1925 3670 praepositio
1983 3600 2073 3652 est
2114 3591 2610 3663 indubitabiliter,
2657 3611 2845 3672 usque
2890 3611 3059 3672 prae-

477 3693 693 3771 positio
739 3698 857 3760 est.;
907 3710 1045 3752 ecce
1092 3690 1277 3752 babes
1322 3692 1466 3753 duas
1511 3693 1983 3772 praepositiones
2039 3692 2211 3755 simul
2259 3694 2667 3755 cohaerentes
2758 3694 2914 3754 unde
2960 3713 3060 3773 ap-

477 3802 646 3873 paret
691 3795 967 3872 quoniam
1014 3812 1133 3853 non
1180 3802 1271 3854 est
1314 3794 1672 3873 praepositio
1716 3795 1828 3855 ista
1877 3813 2080 3874 usque.
2141 3796 2282 3875 quid
2329 3814 2472 3874 ergo
2509 3798 2591 3857 vis
2633 3794 2805 3856 esse?
2846 3798 2895 3855 si
2941 3815 3059 3857 non

480 3903 567 3955 est
619 3896 1012 3974 praepositio,
1074 3914 1316 3957 necesse
1381 3903 1467 3956 est
1524 3904 1588 3956 ut
1643 3894 1786 3955 nihil
1844 3895 1997 3956 aliud
2053 3899 2129 3957 sit
2197 3899 2306 3957 nisi
2363 3898 2724 3958 adverbium.
2811 3898 3063 3976 legimus

617 4136 649 4183 4
680 4131 795 4199 bae]
839 4134 962 4182 haee
992 4133 1162 4183 ABG
1267 4134 1326 4184 11
1367 4135 1679 4198 consturgim
1715 4135 1756 4185 C
1869 4136 1930 4184 12
1969 4136 2283 4201 consturgim
2325 4136 2366 4185 C
2475 4135 2538 4187 13
2568 4138 2631 4186 ad
2667 4136 2840 4202 quam]
2876 4152 3059 4201 aquam

480 4204 597 4257 AG.
654 4214 866 4254 celerum
903 4205 1056 4263 hoec,
1106 4205 1168 4253 ad
1225 4220 1371 4267 quarn
1423 4203 1762 4268 Conisturgim
1818 4205 1989 4253 venit?
2040 4206 2121 4252 ubi
2170 4209 2368 4254 fuerant
2417 4206 2675 4271 legiones,
2724 4225 2823 4270 qno
2857 4208 2993 4256 venit
3029 4225 3061 4255 a

472 4276 791 4339 grammatico
839 4276 1167 4337 explicationi
1201 4275 1394 4338 Asperi
1437 4275 1733 4338 interposita
1780 4283 1909 4325 sunt.
1963 4275 2057 4322 sed
2091 4290 2152 4323 ne
2189 4278 2385 4338 reliqua
2425 4277 2618 4338 quidem
2654 4278 2867 4340 inteyra,
2903 4281 2977 4326 sic
3010 4284 3063 4324 ue

476 4346 541 4394 ab
577 4346 661 4395 illo
691 4346 887 4408 scripta
922 4353 1084 4402 erant,
1127 4347 1292 4392 relata
1330 4359 1441 4394 esse
1477 4344 1708 4394 videntur
1884 4359 1981 4406 quo
2028 4345 2165 4392 uenit
2209 4353 2477 4393 conuertas
2519 4346 2632 4394 AB
2686 4361 2783 4408 quo
2823 4347 2967 4397 uenit
3016 4348 3081 4393 εἰ·

478 4423 740 4463 conuertas
778 4415 858 4464 Ch
1038 4416 1100 4464 14
1138 4415 1450 4478 eonsturgim
1487 4414 1594 4464 Bc
1768 4414 1830 4464 15
1868 4413 2001 4478 apud
2033 4415 2343 4479 consturgim
2376 4414 2482 4464 BG
2643 4431 2742 4477 quo
2779 4417 2871 4465 iste
2909 4416 3059 4466 Bon

478 4486 612 4546 quod
651 4485 744 4532 iste
783 4486 829 4533 A
1002 4483 1066 4533 16
1098 4500 1207 4532 sum
1238 4501 1329 4535 om.
1371 4482 1539 4533 ABG
1693 4482 1782 4548 ad]
1825 4484 1893 4546 cf.
1938 4483 2140 4534 Cledon.
2166 4502 2221 4548 p.
2263 4484 2393 4536 1934
2563 4484 2628 4536 19
2660 4483 2844 4551 prima]
2899 4486 3054 4548 Very.

477 4556 606 4607 Aen,
652 4554 666 4601 Ι
706 4555 772 4602 24
984 4555 1049 4604 20
1089 4555 1249 4602 decim
1293 4554 1418 4603 BC:
1472 4554 1571 4604 Cic.
1613 4555 1662 4601 in
1710 4555 1865 4606 Verr.
1911 4560 2007 4600 act.
2052 4555 2072 4602 1
2112 4555 2176 4616 8,
2222 4557 2289 4602 22
2467 4555 2530 4601 ad
2577 4553 2821 4621 Marcum]
2868 4554 2970 4603 Cic.
3013 4558 3060 4603 in

478 4625 626 4674 Catil.
670 4625 683 4671 l
726 4623 776 4681 8,
820 4622 884 4673 19
1025 4627 1090 4674 22
1125 4640 1312 4689 ponere
1345 4625 1525 4686 priore
1555 4624 1664 4672 loco
1694 4639 1784 4672 om.
1827 4624 1873 4672 R
2013 4639 2141 4684 quae
2181 4634 2228 4672 et
2266 4624 2312 4671 in
2351 4625 2711 4673 dubitationem
2752 4626 2858 4674 Ac?
2995 4627 3062 4672 26

478 4709 574 4742 non
615 4703 783 4758 potest
820 4693 868 4740 A
1011 4695 1130 4742 item
1182 4695 1265 4757 qui
1305 4694 1432 4741 male
1467 4693 1836 4742 Lindemanmes
1875 4694 1988 4741 item
2027 4708 2125 4755 quo
2176 4694 2326 4742 modo
2368 4696 2495 4743 male
2537 4693 2705 4744 ABG
2842 4693 2910 4744 30
2961 4709 3058 4744 non

477 4765 798 4829 coniungitur
838 4763 879 4810 G
912 4765 1236 4828 coniungitur
1275 4779 1410 4815 corr.
1450 4779 1543 4812 non
1583 4764 1907 4828 coniungitur
1946 4762 1992 4808 Α
2169 4764 2232 4815 31
2275 4765 2336 4811 ad
2380 4762 2562 4830 usque]
2620 4766 2776 4828 Verq.
2818 4766 2948 4814 Aen.
2990 4763 3060 4813 Xl

476 4832 579 4882 262
718 4833 785 4882 33
817 4848 929 4880 esse
968 4848 1059 4885 om.
1094 4833 1259 4884 ABG
1393 4834 1437 4881 si
1473 4847 1572 4882 non
1611 4842 1780 4900 potest.
1808 4837 1951 4898 (esse
1981 4833 2103 4886 add,
2135 4833 2196 4896 a)
2231 4835 2537 4899 praepositio
2574 4835 2623 4883 A

581 4921 932 4964 cautam-iel
963 4923 1140 4964 mrim
1169 4924 1224 4966 v.
2578 4916 2656 4981 18
