3541 5564
1410 339 1882 402 COMMENTVM
2818 334 2945 401 215

2574 459 2617 501 p.
2644 447 2822 489 εστ-το
2848 444 2895 486 1..

360 530 614 592 necdum
647 537 764 601 est,
797 528 900 590 sed
933 529 1081 590 erit?
1127 548 1270 608 ergo
1302 529 1351 589 si
1383 536 1614 607 tempus
1645 529 1908 589 futurum
1940 527 1998 589 id
2030 529 2322 606 significat
2361 527 2515 609 quod
2549 525 2801 589 necdum
2834 534 2939 597 est,

359 652 477 713 quo
508 632 685 693 modo
716 638 912 712 potest
942 640 1142 692 tenere
1175 639 1404 711 tempus
1434 631 1730 691 futurum?
1774 648 1893 691 non
1924 638 2119 709 potest
2150 633 2307 701 lieri,
2355 633 2631 711 quoniam
2663 629 2942 709 quicquid

355 735 692 796 indicamus
735 735 1042 813 praeteriti
1072 742 1180 794 aut
1202 736 1540 810 praesentis
1569 741 1674 794 est.
1739 751 1878 794 ecce
1924 732 2207 812 numquid
2252 752 2490 814 possum
2524 733 2634 795 tibi
2676 733 2943 794 indicare

360 839 474 899 nisi
522 836 684 916 quod
716 839 822 898 scii
852 843 966 898 aut·
993 836 1150 917 quod
1184 838 1344 897 scio?
1392 854 1510 897 non
1544 834 1652 896 tibi
1691 853 1936 914 possum
1978 834 2242 897 indicare
2285 836 2442 917 quod
2490 835 2683 896 adhuc
2715 837 2937 904 nescio,

307 940 520 1019 squod
577 940 765 1002 futuri
824 946 915 999 est
970 939 1270 1018 temporis·
1362 956 1504 1017 ergo
1562 938 1908 998 indicativus
1974 937 2182 999 modus
2246 944 2479 1019 tempus
2540 937 2940 1020 praelteritum

357 1041 539 1104 habet
585 1050 644 1103 et
685 1059 996 1121 praesens;
1055 1041 1317 1102 futurum
1374 1048 1572 1101 autem
1627 1039 1849 1101 babere
1906 1059 2023 1101 non
2069 1046 2291 1119 potest,
2338 1043 2613 1121 quoniam
2659 1058 2806 1119 quae
2850 1041 2941 1100 iu-

361 1145 630 1206 dicamus
676 1152 777 1203 aut
817 1145 934 1204 iam
980 1144 1246 1203 novimus
1289 1149 1392 1203 aut
1433 1143 1550 1202 iam
1597 1144 1944 1204 scieramus.
2010 1143 2059 1202 si
2105 1151 2298 1203 autem
2343 1142 2572 1214 indico,
2619 1161 2738 1203 non
2784 1142 2939 1223 quod

358 1246 551 1308 adhuc
595 1248 828 1315 nescio,
876 1245 980 1306 sed
1026 1264 1162 1306 cum
1207 1243 1497 1313 didicero,
1554 1245 1672 1305 iam
1716 1263 1835 1305 non
1884 1246 1998 1305 erit
2040 1246 2149 1305 ista
2196 1263 2371 1306 causa
2417 1265 2453 1298 ι
2526 1246 2770 1305 retineri
2815 1263 2939 1304 mo-

359 1349 470 1410 dus
515 1350 915 1428 promissivus
979 1354 1223 1427 propter
1254 1365 1494 1408 causam
1539 1347 1710 1407 istam
1756 1346 2028 1426 plerique
2075 1365 2191 1408 non
2239 1366 2375 1408 eum
2420 1345 2733 1428 repellunt.
2796 1344 2939 1406 illud

281 1474 332 1515 10
361 1460 555 1513 autem
601 1450 759 1530 quod
789 1444 1045 1511 diximus
1090 1448 1162 1509 de
1208 1448 1528 1519 defectivo,
1576 1450 1854 1529 quoniam
1886 1468 2068 1511 unum
2117 1448 2295 1510 habet
2339 1457 2573 1529 tempus
2619 1457 2677 1510 et
2719 1448 2940 1509 idcirco

357 1552 695 1633 repellitur,
743 1570 856 1613 nec
899 1552 1012 1612 hoc
1057 1570 1261 1612 verum
1307 1558 1415 1611 est.
1478 1569 1617 1611 nam
1660 1552 1776 1611 iam
1822 1553 1871 1612 si
1918 1551 2049 1612 ideo
2096 1551 2449 1613 defectivum
2496 1559 2612 1621 est,
2662 1551 2941 1628 quoniam

357 1675 542 1717 unum
590 1653 769 1715 habet
813 1663 1075 1734 tempus,
1124 1661 1183 1713 et
1223 1655 1608 1733 imperativus
1652 1670 1797 1731 ergo
1852 1652 2064 1714 deficit.
2139 1654 2336 1715 deficit
2380 1655 2509 1715 sine
2552 1651 2763 1721 dubio:
2822 1672 2939 1713 non

357 1761 514 1820 enim
560 1756 741 1818 habet
784 1758 893 1817 tria
939 1765 1235 1835 tempora,
1283 1755 1388 1816 sed
1433 1755 1645 1816 deficit.
1722 1774 1924 1817 verum
1970 1762 2169 1817 tamen
2223 1764 2420 1837 potest
2470 1757 2722 1817 inveniri
2782 1754 2940 1834 quod

356 1861 591 1922 deficiat
635 1861 695 1919 in
739 1866 1026 1939 tempora.
1094 1860 1362 1919 novimus
1409 1860 1564 1919 enim
1609 1857 1858 1920 verbum
1906 1858 2063 1936 quod
2109 1858 2425 1939 aliquando
2469 1861 2532 1920 in
2577 1856 2807 1919 duobus
2853 1865 2940 1918 est

283 1986 332 2025 15
359 1961 751 2042 temporibus,
799 1958 1112 2041 aliquando
1155 1962 1218 2021 in
1262 1960 1470 2021 tribus
1563 1977 1705 2039 ergo
1750 1962 1800 2022 si
1847 1962 1961 2021 iam
2009 1960 2298 2022 admissus
2344 1968 2432 2022 est
2475 1961 2742 2022 delectus
2787 1968 2935 2021 tem-

353 2082 600 2144 porum,
663 2063 787 2124 noli
842 2079 1158 2142 quaerere,
1221 2071 1420 2124 utrum
1476 2063 1536 2122 in
1601 2080 1718 2122 uno
1775 2062 2033 2132 deficiat,
2091 2070 2287 2125 utrum
2338 2066 2399 2124 in
2458 2062 2715 2132 duobus,
2765 2062 2931 2123 dum-

355 2166 533 2228 modo
579 2166 828 2227 deficiat.
917 2182 1058 2243 ergo
1102 2166 1214 2226 iste
1259 2172 1346 2225 est
1389 2165 1791 2243 promissivus.
2672 2212 2675 2215 .

523 2267 802 2348 Sequitur
847 2269 1155 2346 optativus,
1218 2269 1509 2347 optativus
1556 2273 1671 2336 est,
1720 2265 1822 2327 ubi
1866 2265 2207 2327 adverbium
2254 2274 2342 2328 est
2385 2269 2642 2347 optantis
2685 2269 2930 2338 utinam,
2957 2276 3169 2340 411‚31

351 2378 493 2450 puta
559 2371 785 2431 utinam
854 2368 1102 2431 diceres,
1192 2372 1460 2451 sequitur
1534 2370 1966 2430 coniunctivus:
2029 2370 2439 2430 coniunctivus
2504 2370 2744 2440 dicitur,
2815 2388 2933 2431 non
2959 2346 3078 2407 504,
3104 2348 3136 2395 3

277 2495 327 2536 κο
355 2473 512 2553 quod
560 2471 739 2533 habet
773 2471 1127 2551 ,particulam
1171 2490 1326 2533 cum.
1381 2489 1516 2532 nam
1561 2472 1610 2531 si
1654 2471 1791 2531 ideo
1837 2472 2137 2533 diceretur
2182 2473 2607 2543 coniunctivus‚
2658 2474 2934 2550 quoniam

353 2574 534 2636 habet
585 2573 934 2654 particulam
991 2593 1154 2643 eum,
1214 2579 1273 2634 et
1327 2574 1620 2653 optativus
1675 2573 1972 2635 diceretur
2038 2575 2474 2649 coniunctivuS‚
2538 2576 2815 2654 quoniam
2880 2582 2939 2636 et

350 2678 479 2757 ipse
524 2675 704 2737 babet
746 2678 986 2737 utinam.
1080 2693 1221 2754 ergo
1266 2677 1543 2756 quoniam
1590 2672 1598 2754 Ι
1647 2678 1953 2755 coniungit
2007 2676 2120 2737 sibi
2176 2676 2527 2756 particulam
2572 2696 2739 2748 cum,
2798 2677 2933 2738 ideo

349 2779 567 2842 dicitur
612 2779 1062 2841 coniunctivus?
1109 2799 1226 2841 non
1275 2778 1431 2856 (nam
1477 2786 1535 2840 et
1590 2780 1880 2859 optativus
1923 2787 2120 2860 posset
2167 2779 2284 2841 dici
2327 2781 2781 2860 coniunctivus)‚
2829 2779 2973 2841 sed·

348 2890 595 2963 propter
635 2881 797 2943 illam
843 2883 1161 2953 rationem,
1221 2884 1501 2962 quoniam
1545 2900 1664 2943 non
1710 2889 1905 2961 potest
1958 2884 2068 2944 iste
2113 2881 2325 2944 modus
2368 2883 2627 2963 proferri
2672 2883 2800 2943 sine
2844 2885 2933 2943 in-

272 3009 326 3050 25
354 2985 608 3045 dicativo
662 2984 857 3045 modo.
948 2987 1357 3047 coniunctivus
1410 2984 1620 3045 modus
1675 2985 1803 3045 sine
1857 2982 2170 3046 indicativo
2226 3003 2545 3065 numquam
2611 2986 2929 3064 profertur.

350 3094 492 3166 puta
538 3092 713 3147 ‘cum
755 3087 986 3156 secero,
1033 3085 1188 3162 ibo’,
1235 3087 1408 3148 ‘eum
1442 3087 1677 3155 dixero,
1726 3086 2024 3148 audiam':
2074 3105 2213 3148 ecce
2258 3090 2430 3148 ‘cum
2458 3088 2716 3158 secero’,
2763 3090 2932 3150 ‘cum

350 3188 614 3258 dixe'ro',
663 3188 857 3249 solum
903 3188 1015 3250 boc
1061 3189 1155 3250 dic
1202 3198 1259 3250 et
1303 3188 1424 3249 noli
1470 3188 1626 3251 aliud
1672 3188 1911 3250 addere.
2000 3189 2329 3260 videamuS,
2389 3192 2437 3250 si
2482 3197 2679 3271 potest
2722 3189 2934 3268 aliquis

348 3290 465 3352 hoc
510 3289 876 3370 intellegere.
963 3290 1102 3371 quid
1151 3299 1240 3351 est
1283 3297 1453 3352 ‘cum
1499 3291 1772 3351 lecero’?
1828 3291 2001 3371 quid?
2067 3291 2258 3353 adhuc
2303 3291 2538 3371 pendet.
2631 3297 2798 3354 ‘cum
2845 3293 2931 3354 di-

349 3397 552 3463 xero’,
599 3401 700 3453 aut
753 3391 986 3454 ‘scribo
1031 3391 1174 3453 tibi’
1228 3401 1330 3455 aut
1383 3393 1571 3455 ‘dabo
1616 3392 1776 3454 tibi’.
1869 3411 2012 3472 ergo
2055 3393 2190 3455 ideo
2236 3394 2426 3455 dictus
2470 3401 2561 3455 est
2605 3396 2932 3456 coniuncti-

266 3513 481 3564 mvus,
545 3494 701 3574 quod
756 3496 1065 3574 coniungit
1118 3494 1232 3556 sibi
1297 3495 1673 3557 indicativum
1744 3496 1988 3557 modum
2044 3496 2114 3557 ad
2185 3496 2634 3576 exprimendum
2690 3515 2929 3558 sensum

346 3615 544 3658 suum.
606 3605 664 3657 et
704 3596 865 3657 unde
910 3599 1131 3659 scimus
1178 3600 1455 3677 quoniam
1501 3599 1806 3677 coniungit
1847 3597 1961 3658 sibi
2006 3597 2216 3669 alium,
2262 3597 2419 3660 unde
2466 3600 2754 3679 exprimat
2797 3619 2929 3661 sen-

344 3717 479 3761 sum
524 3701 733 3760 suum?
792 3701 1072 3779 quoniam
1129 3698 1227 3760 alii
1280 3699 1439 3760 modi
1494 3719 1604 3781 per
1657 3685 1723 3760 se
1778 3699 2230 3779 intelleguntur,
2288 3719 2409 3784 per·
2453 3720 2518 3761 se
2562 3699 2722 3780 pleni
2768 3711 2925 3763 sunt.

347 3818 490 3861 ecce
533 3799 699 3878 lego,
747 3800 1030 3882 numquid
1077 3820 1231 3881 opus
1276 3812 1365 3864 est
1407 3809 1471 3863 ut
1496 3804 1708 3881 iungas
1751 3802 2009 3883 aliquid?
2055 3801 2212 3880 lege,
2260 3805 2374 3864 iam
2420 3805 2535 3864 scis
2579 3804 2717 3884 quid
2766 3804 2925 3865 dieo:

344 3905 573 3965 utinam
619 3901 908 3982 legerem,
957 3905 1072 3964 iam
1116 3906 1234 3965 scis
1279 3904 1416 3983 quid
1464 3905 1616 3967 dico.
1703 3908 1877 3967 ‘cum
1923 3905 2161 3984 legero’
2210 3911 2403 3966 autem
2449 3905 2670 3985 pendet
2713 3906 2924 3976 adhuc,

272 4032 325 4072 ³5
352 4005 512 4086 quod
558 4004 631 4066 ad
677 4001 1163 4085 significationem
1208 4008 1494 4086 pertinet;
1542 4008 1717 4069 ‘cum
1761 4010 2056 4088 scripsero
2074 4013 2110 4078 ’,
2158 4014 2296 4088 puta
2342 4008 2602 4080 ‘faciam
2648 4008 2923 4079 scribam,

344 4107 608 4176 dicam';
670 4108 776 4168 sed
831 4109 1110 4179 ‘laciam,
1169 4108 1454 4180 scribam,
1519 4110 1744 4171 dicam’
1799 4110 2097 4171 indicativi
2167 4110 2328 4171 modi
2398 4117 2504 4170 est.
2597 4129 2738 4189 ergo
2793 4111 2928 4171 ideo

344 4209 564 4271 dicitur
619 4211 1025 4272 coniunctivus
1080 4211 1318 4282 moduS,
1378 4211 1534 4292 quod
1591 4214 1894 4292 coniungit
1949 4212 2059 4274 sibi
2115 4212 2491 4274 indicativum
2552 4212 2792 4273 modum
2850 4212 2922 4273 ad

343 4312 800 4393 exprimendum
845 4331 1083 4374 sensum
1129 4333 1319 4376 suum.

514 4414 838 4476 Infinitivus
882 4415 1097 4477 dicitur
1141 4416 1353 4478 modus
1397 4416 1471 4477 ab
1518 4436 1617 4487 eo,
1665 4417 1823 4497 quod
1860 4415 1867 4500 Ι
1903 4436 2022 4477 non
2068 4417 2309 4478 definiat
2350 4436 2652 4498 personas.
2716 4436 2924 4480 omnes
2948 4434 3066 4497 411,
3092 4437 3158 4487 37

2946 4504 3065 4565 504,
3094 4505 3159 4555 ιο

477 4638 511 4688 3
547 4646 639 4687 aut
673 4638 954 4702 praesentis
989 4653 1081 4687 om.
1124 4637 1292 4687 ABG
1400 4638 1433 4688 8
1470 4636 1606 4705 curn]
1652 4638 1789 4702 quod
1826 4637 1868 4686 C
1981 4639 2075 4687 ista
2113 4652 2267 4687 causa
2298 4648 2526 4688 retenere
2561 4637 2610 4687 A
2643 4638 2740 4688 ista
2767 4643 2921 4690 causz‘i

338 4709 557 4759 reteneri
595 4707 658 4756 a*
694 4707 813 4757 talis
849 4721 1001 4758 causa
1037 4709 1242 4758 retineri
1268 4708 1348 4759 Gb
1382 4711 1430 4758 15
1457 4711 1608 4759 eausa
1634 4708 1837 4759 retineri
1864 4706 1912 4757 B
2020 4707 2083 4758 13
2110 4707 2276 4757 deficit
2313 4709 2478 4766 (defici
2503 4708 2552 4758 A
2579 4724 2714 4759 corr.
2741 4711 2830 4758 ·cit
2863 4714 2921 4776 a)

336 4787 507 4844 potest
543 4779 767 4827 inueniri
805 4787 1149 4827 uerumtamen
1187 4779 1321 4841 quod
1353 4779 1512 4828 ABG
1617 4779 1679 4828 15
1717 4780 1757 4826 si
1787 4794 1877 4832 om.
1911 4777 1981 4838 A,
2008 4778 2130 4830 add.
2164 4794 2197 4827 α
2306 4779 2370 4830 16
2403 4781 2452 4829 in
2488 4794 2644 4828 unum
2674 4779 2823 4828 ABG
2894 4833 2901 4840 ‚

336 4849 576 4901 deficiant
613 4857 781 4899 utrum
827 4848 878 4897 in
914 4847 1111 4898 duobus
1139 4849 1392 4913 quomodo
1431 4848 1667 4898 deficiant
1704 4848 1751 4899 A
1894 4852 1961 4902 22
1998 4863 2109 4898 cum
2145 4865 2237 4901 om.
2281 4850 2331 4900 Α
2466 4849 2535 4901 23
2567 4850 2732 4920 possit
2768 4849 2818 4902 A
