3541 5564
1575 348 1716 413 ARS
2852 343 2934 410 27

2556 466 2600 511 p.
2626 456 2739 498 1881.
2765 456 2816 497 82
2841 454 2887 496 P.

379 540 659 611 Euandri,
703 541 953 610 invenit,
998 546 1064 601 ut
1105 538 1204 599 alii
1248 538 1477 608 dicunt,
1526 538 1871 600 Mercurius.
1913 571 1983 584 --
2017 537 2474 600 Consonantium
2520 537 2671 598 duae
2714 537 3172 616 species367,10

378 652 536 713 sunt,
595 645 727 721 quia
787 661 856 703 ex
916 643 1055 722 ipsis
1108 641 1486 702 semivocales
1541 643 1686 703 fiunt
1740 647 1800 701 et
1843 648 2069 701 mutae:
2129 638 2536 710 semivocaleS,
2585 640 2717 717 quia
2763 640 2940 699 semis

379 765 581 807 sonum
640 745 798 805 vocis
850 745 1109 823 inplent;
1171 753 1365 805 mutae
1410 762 1549 804 vero
1594 761 1712 804 non
1756 751 1999 811 sonant,
2063 744 2172 803 nisi
2219 761 2250 803 a
2297 741 2482 802 vocali
2527 743 2795 822 spiritum
2842 759 2937 800 ac-

380 849 657 928 ceperint.
722 880 791 890 —
857 846 1118 907 Harum
1174 845 1385 914 duae,
1448 846 1466 905 i
1526 853 1589 905 et
1649 865 1715 914 u,
1786 852 2182 906 transeunt
2221 846 2319 920 gin
2377 844 3028 905 consonantium12

330 956 846 1033 spotestatem:
911 946 937 1030 ΙΙ
984 948 1221 1027 quando
1276 966 1384 1027 pro
1441 948 1896 1009 consonantibus
1955 955 2256 1027 ponuntur
2303 952 2361 1007 et
2417 948 2615 1007 iuvant
2657 945 2935 1005 vocalem.

378 1086 449 1097 -·
499 1052 645 1112 Hae
702 1052 923 1111 etiam
979 1049 1262 1111 mediae
1317 1049 1701 1119 dicuntur,
1763 1051 1930 1129 quia
1987 1027 2422 1129 quibusdan]
2478 1046 2942 1108 dictionibus
2970 1051 3034 1099 14

377 1172 799 1233 expressum
854 1170 1108 1213 sonum
1166 1171 1308 1212 non
1367 1151 1661 1212 habent:
1711 1152 1966 1223 mediae,
2015 1153 2147 1230 quia
2193 1152 2284 1213 vel
2329 1153 2488 1230 ipsae
2535 1168 2643 1229 pro
2687 1166 2750 1209 se
2794 1149 2941 1208 invi-

378 1275 501 1317 cem
546 1263 867 1335 ponuntur,
913 1254 1004 1315 vel
1038 1256 1174 1332 quia
1219 1272 1563 1333 expressum
1608 1273 1817 1315 sonum
1866 1272 1983 1315 non
2029 1253 2250 1314 hahent
2291 1256 2352 1313 in
2399 1250 2691 1332 aliquibus
2733 1250 2940 1310 dictio—

378 1358 577 1427 nibuS,
638 1366 700 1417 ut
755 1376 1028 1418 maxume
1082 1375 1190 1436 pro
1247 1357 1515 1416 maxime.
1581 1353 1680 1440 [—
1741 1355 2021 1417 Mediae
2078 1354 2462 1416 dicuntur:
2524 1352 2751 1413 mediae
2807 1350 2942 1411 ideo

310 1479 356 1517 ιο
379 1460 680 1530 dicuntur,
729 1461 861 1536 quia
909 1468 969 1520 et
1010 1458 1237 1519 vocales
1276 1468 1420 1519 >sunt
1466 1465 1524 1518 et
1562 1464 1959 1519 'consonantes
2005 1465 2063 1519 et
2104 1460 2165 1518 in
2212 1455 2562 1535 quibusdam
2608 1451 2945 1515 nominibus

384 1562 392 1645 l
439 1581 557 1624 non
603 1569 828 1622 certum
876 1563 1215 1640 exprimunt
1257 1579 1483 1629 sonum,
1529 1562 1566 1631 i,
1614 1567 1676 1620 ut
1708 1562 1813 1629 vir,
1861 1560 2036 1620 modo
2081 1561 2101 1620 i
2145 1560 2529 1640 opprimitur;
2577 1576 2633 1626 u,
2680 1563 2746 1617 ut
2774 1562 2943 1635 optu-

380 1684 539 1734 muS,
597 1663 773 1725 modo
828 1683 866 1723 u
923 1663 1397 1745 perdit„sonum.
1461 1697 1530 1706 —
1595 1662 1618 1723 1
1665 1671 1735 1724 et
1780 1682 1847 1723 u:
1905 1662 1978 1722 de
2033 1661 2125 1723 his
2185 1660 2414 1721 duabus
2457 1659 2760 1720 vocalibus
2802 1658 2948 1719 baec
2977 1663 3037 1711 12

381 1768 529 1827 ratio
575 1774 690 1827 est:
748 1768 765 1826 i
822 1776 881 1826 et
934 1769 1057 1845 ipsa
1116 1764 1331 1825 vocalis
1387 1772 1478 1826 est
1533 1772 1590 1825 et
1634 1772 1768 1844 post
1814 1763 2071 1824 vocalem
2120 1764 2294 1824 etiam
2338 1763 2527 1841 posita
2573 1779 2608 1815 ιι
2659 1780 2793 1821 cum
2839 1759 2949 1820 alia

384 1876 745 1930 consonante
791 1869 1053 1948 ponitur,
1102 1886 1216 1928 non
1263 1886 1373 1946 pro
1418 1865 1665 1936 duabus,
1713 1870 1868 1928 sicut
1909 1865 1974 1948 i.]
2009 1901 2083 1909 —
2134 1864 2512 1925 interdum
2556 1882 2687 1924 nec
2731 1879 2947 1922 voca·
2977 1867 3038 1916 16

313 1971 473 2032 islis
518 1990 648 2032 nec
694 1988 1108 2031 consonans
1153 1969 1500 2030 habetur:
1548 1970 1632 2029 sic
1664 1972 1940 2046 quoniam
1975 1987 2108 2029 cum
2140 1965 2448 2027 scribimus
2479 1984 2544 2044 q,
2594 1983 2711 2026 non
2756 1969 2955 2043 potest

384 2075 493 2133 nisi
538 2092 575 2133 u
619 2074 811 2152 sequi,
870 2072 951 2133 ac'
993 2091 1100 2151 per
1158 2072 1271 2131 hoc
1326 2070 1501 2132 modo
1560 2070 1779 2132 vocalis
1835 2070 2091 2151 perdidit
2133 2071 2193 2129 in
2239 2076 2431 2129 metro
2476 2069 2589 2128 vim
2636 2085 2822 2127 suam.
2878 2097 2945 2109 —-

383 2175 464 2236 Et
508 2173 826 2254 aliquam
860 2174 1180 2234 vocalem
1227 2174 1761 2242 constituitur,
1797 2184 1870 2233 ut
1912 2173 2254 2251 quoniam
2301 2168 2625 2248 quidem:
2675 2168 2950 2247 quoniam
2978 2176 3039 2224 17

386 2284 480 2337 aut
540 2295 618 2356 qu
682 2283 852 2336 sonat
915 2283 1015 2336 aut
1068 2295 1130 2345 o,
1188 2277 1423 2350 quidem
1480 2282 1579 2336 aut
1634 2294 1710 2355 qu
1768 2282 1867 2335 aut
1923 2276 1959 2333 i.
2014 2307 2081 2317 —
2137 2270 2204 2352 [u
2248 2268 2501 2350 scilicet]
2549 2271 2734 2331 Huic
2778 2271 2954 2329 item
2982 2278 3043 2326 18

386 2378 798 2457 digammon
845 2377 1175 2438 adscribi
1220 2377 1443 2438 solet:
1491 2377 1589 2438 alii
1633 2379 1716 2438 sic
1762 2375 1964 2436 volunt
1995 2393 2122 2435 esse
2154 2374 2509 2451 digammon,
2557 2373 2618 2432 in
2663 2372 2954 2448 geminata

313 2496 422 2541 sou
467 2496 733 2559 gammae
778 2478 929 2540 duae
974 2498 1220 2558 graecae
1278 2479 1508 2540 litterae
1553 2485 1855 2559 ponuntur
1885 2477 1997 2538 hoc
2041 2477 2245 2547 modo,
2293 2483 2352 2537 ut
2387 2493 2504 2535 non
2535 2472 2955 2552 intellegantur

388 2590 691 2662 separatae
744 2581 848 2641 sed
903 2583 1166 2649 iunctae,
1225 2599 1299 2641 ne
1353 2580 1561 2659 uulgus
1616 2580 1906 2640 dicamus:
1969 2584 1981 2654 Ι
2041 2578 2153 2640 hoc
2209 2578 2283 2639 ab
2338 2576 2588 2640 Aeolicis
2643 2575 2948 2655 processit.

393 2719 460 2728 -
509 2684 678 2745 Nam
723 2684 743 2742 i
789 2683 1122 2743 litteram
1169 2683 1534 2761 geminari
1578 2684 1647 2742 in
1693 2701 1839 2744 una
1886 2680 2171 2763 syllaba
2219 2698 2434 2760 posse
2478 2676 2785 2758 plurimi
2831 2688 3048 2737 ηιξ-19

388 2794 592 2867 gant:
652 2786 878 2847 nullum
937 2787 1091 2846 enim
1149 2804 1368 2846 nomen
1422 2787 1677 2846 inveniri
1731 2793 1955 2864 potest,
2011 2784 2164 2862 quod
2221 2785 2280 2843 in
2331 2801 2444 2843 una
2487 2779 2704 2861 syllaba
2752 2779 2896 2840 duas
2938 2778 2959 2838 i
3113 2853 3118 2858 .

387 2889 617 2950 habeat.
672 2920 740 2932 ·-
793 2886 1099 2948 Latinae
1145 2886 1466 2949 vocales:
1535 2889 1666 2967 quia
1715 2886 2037 2948 dichronae
2081 2893 2247 2953 sunt;
2296 2882 2505 2944 breves
2548 2900 2699 2962 quae
2742 2882 3052 2942 fuerint20

316 2990 616 3069 ‹zssingula
671 2997 938 3069 tempora
995 2988 1244 3058 habent,
1301 2988 1509 3067 longae
1555 2988 1711 3050 bina.
1777 3023 1845 3032 -
1909 2992 2143 3066 Atque
2189 2986 2304 3049 his
2349 2986 2534 3046 solis
2579 2984 3049 3063 adspirarim

391 3092 684 3171 quidam
742 3093 1203 3153 existimant:
1265 3090 1680 3170 adspirationis
1738 3098 1936 3151 notam
1994 3093 2297 3169 accipere,
2354 3087 2413 3147 id
2473 3095 2560 3147 est
2601 3087 2670 3156 h,
2720 3093 2786 3147 ut
2825 3092 2962 3165 post

390 3189 842 3274 adspirationem
898 3193 1092 3254 statim
1147 3194 1365 3254 vocalis
1419 3199 1716 3272 sequatur.
1782 3227 1850 3237 -
1918 3191 2112 3263 Quae
2154 3209 2286 3271 per
2330 3210 2402 3251 se
2449 3188 2739 3270 quidem
2784 3206 2961 3267 pro-

393 3297 773 3357 feruntur:
834 3294 1041 3355 falsum
1088 3302 1191 3355 est.
1279 3295 1583 3374 profertur
1626 3302 1821 3355 autem
1866 3313 2047 3355 sonus
2103 3313 2132 3354 a
2192 3292 2492 3354 vocalibus
2547 3299 2606 3351 et
2658 3291 2857 3351 linitur
2900 3291 2962 3349 in

392 3398 746 3467 naturalem,
805 3397 862 3457 id
921 3403 1008 3457 est
1059 3399 1119 3458 in
1178 3398 1486 3478 proprium
1541 3415 1770 3457 sonum.
1838 3432 1907 3441 —
1967 3396 2065 3456 Ex
2124 3396 2237 3457 his
2296 3415 2431 3456 una
2488 3391 2761 3471 duplex
2822 3397 3160 3466 est2368‚1

321 3499 525 3560 acideo
581 3498 803 3579 duplex
858 3498 1102 3568 dicitur,
1163 3501 1297 3577 quia
1354 3509 1489 3578 post
1539 3497 1799 3561 vocalem
1847 3500 2030 3578 posita
2076 3517 2186 3577 pro
2231 3495 2457 3559 duabus
2501 3491 2964 3555 consonantibus

395 3601 543 3663 valet
601 3609 660 3662 et
713 3602 1004 3680 positione
1063 3620 1190 3662 eam
1247 3602 1480 3681 longam
1537 3600 1695 3661 facit.
1787 3619 1822 3660 x
1876 3602 1937 3660 in
1995 3602 2223 3678 graecis
2277 3597 2527 3677 simplex
2597 3605 2684 3656 est
2745 3595 2961 3663 littera,

396 3704 620 3764 Xerxes
664 3702 946 3764 Xanthus
1002 3737 1072 3747 —
1123 3701 1404 3781 Liquidae
1448 3702 1583 3763 ideo
1628 3702 1846 3772 dictae,
1895 3703 2029 3781 quia
2075 3702 2407 3781 liquescunt
2449 3702 2510 3759 in
2554 3707 2747 3760 metro
2800 3697 2808 3777 Ι
2861 3695 2963 3756 ali-

397 3807 666 3884 quotiens
713 3814 791 3865 et·
814 3813 1082 3884 pereunt.
1147 3824 1279 3865 nam
1328 3803 1629 3885 [quotiens
1662 3812 1719 3864 et
1759 3801 2042 3883 pereunt]
2077 3804 2347 3881 quotiens
2378 3820 2509 3862 cum
2543 3810 2701 3860 muta
2733 3801 2964 3859 iunctae

397 3910 643 3978 fuerint,
690 3913 824 3986 post
869 3931 906 3966 «-
964 3906 1220 3969 vocalem
1279 3906 1514 3985 longam
1569 3907 1795 3968 faciunt
1840 3915 1897 3967 et
1941 3905 2178 3976 urbem,
2240 3913 2304 3967 ut
2347 3903 2577 3973 Atrida,
2624 3921 2657 3963 a
2702 3919 2964 3962 commu-

531 4112 653 4165 eod.
695 4113 851 4162 Ber-n.
894 4113 963 4162 1v
999 4108 1204 4165 6—7*.
1345 4112 1377 4162 5
1430 4119 1729 4176 potestatem
1779 4113 1897 4176 quia
1941 4110 2243 4174 quibusdam
2290 4109 2591 4160 dictionibus
2639 4121 2965 4173 expraessum

398 4198 574 4234 sonum
620 4197 717 4232 non
768 4181 955 4230 habent
1000 4182 1202 4240 qnando
1246 4197 1338 4247 pro
1376 4183 1770 4232 consonantibus
1820 4192 2075 4248 ponuntur
2113 4190 2159 4230 et
2195 4182 2370 4230 iuuant
2417 4178 2642 4228 uocalem
2679 4176 2774 4225 hae
2819 4176 2966 4225 etiam

397 4252 593 4304 mediae
624 4253 859 4301 dicuntur
893 4252 1091 4301 mediae
1130 4253 1249 4314 quia
1282 4252 1363 4301 uel
1534 4251 1569 4302 8
1606 4253 1692 4314 qui
1731 4266 2066 4317 expraessum
2242 4251 2303 4303 11
2359 4250 2626 4315 oprimitur
2669 4263 2700 4295 a
2743 4256 2796 4294 ut
2871 4251 2881 4262 '

403 4325 463 4374 14
499 4324 796 4373 consonanti
940 4322 1003 4371 15
1042 4321 1256 4372 habetur
1289 4321 1374 4372 hic
1410 4322 1644 4385 quoniam
1671 4338 1784 4372 cum
1825 4322 2095 4371 scribimus
2125 4335 2251 4385 qnae
2285 4335 2381 4369 non
2422 4326 2585 4384 potest
2623 4317 2719 4365 nisi
2743 4326 2796 4364 ιιι
2824 4317 2966 4377 sequi

539 4392 603 4444 18
638 4403 724 4441 aut
760 4407 857 4455 que
903 4401 1050 4442 sonat
1080 4401 1166 4443 aut
1204 4409 1232 4443 o
1269 4401 1355 4441 aut
1398 4408 1495 4455 que
1539 4402 1626 4441 aut
1673 4394 1687 4441 i
1829 4392 1895 4441 20
1937 4391 2108 4457 graeci
2250 4392 2310 4440 21
2354 4388 2449 4438 hoc
2487 4385 2762 4436 habeolicis
2903 4387 2970 4437 24

400 4465 605 4514 dici-one
744 4464 812 4513 25
850 4461 1038 4529 longae
1174 4463 1341 4527 adque
1480 4461 1548 4512 26
1582 4462 1942 4528 abspirationis
2085 4457 2215 4526 post]
2254 4474 2345 4524 pro
2484 4459 2550 4507 27
2589 4463 2832 4518 sequutus

400 4534 466 4585 28
500 4536 552 4583 in
589 4533 806 4582 naturali
946 4530 1009 4583 31
1043 4534 1349 4599 positionem
1382 4545 1494 4580 eam
1633 4531 1699 4582 32
1735 4547 1912 4580 xerses
2052 4529 2119 4582 33
2155 4546 2270 4578 cum
2299 4529 2452 4578 multa
2483 4542 2616 4577 corr.
2654 4541 2768 4576 cum
2800 4535 2937 4576 muta

543 4706 603 4756 1³
640 4709 868 4755 lacunam
903 4721 1001 4770 qua
1036 4720 1071 4754 u
1100 4707 1303 4755 litterae
1339 4703 1564 4766 definitio
1590 4704 1779 4753 excidit
1814 4704 2030 4754 indicavi
2166 4701 2233 4752 33
2268 4716 2382 4750 uam
2422 4699 2568 4749 toties
2605 4710 2820 4763 pereunt
2846 4700 2966 4748 Put-

400 4775 579 4825 sclaeius.
619 4777 683 4825 de
717 4776 920 4840 liquidis
956 4774 1045 4825 hoc
1072 4775 1270 4825 videtur
1289 4775 1613 4839 praeceptae
1635 4776 2003 4836 grammaticus,
2037 4773 2345 4835 postpositas
2366 4770 2509 4818 mutis
2534 4771 2750 4821 vocalem
2778 4770 2970 4835 longam

397 4847 594 4906 facere,
618 4854 670 4895 uc
690 4846 884 4905 urbem,
910 4847 1222 4911 antepositas
1243 4858 1530 4893 communem
1549 4843 1790 4906 syllabam
1810 4844 2005 4905 facere,
2028 4849 2082 4891 ut
2101 4841 2294 4895 Atrida.
2315 4854 2474 4906 quare
2494 4841 2720 4889 lacunam
2739 4839 2968 4889 indicavi.
