<?xml version="1.0" encoding="UTF-8"?>
<!DOCTYPE html PUBLIC "-//W3C//DTD XHTML 1.0 Transitional//EN"
    "http://www.w3.org/TR/xhtml1/DTD/xhtml1-transitional.dtd">
<html xmlns="http://www.w3.org/1999/xhtml" xml:lang="en" lang="en">
 <head>
  <title>
</title>
<meta http-equiv="Content-Type" content="text/html;charset=utf-8" />
  <meta name='ocr-system' content='tesseract 3.04.00' />
  <meta name='ocr-capabilities' content='ocr_page ocr_carea ocr_par ocr_line ocrx_word'/>
</head>
<body>
  <div class='ocr_page' id='page_1' title='image "./grammaticilatin10keilgoog_0186.png"; bbox 0 0 3541 5564; ppageno 0'>
   <div class='ocr_carea' id='block_1_1' title="bbox 616 306 2055 372">
    <p class='ocr_par' dir='ltr' id='par_1_1' title="bbox 616 306 2055 372">
     <span class='ocr_line' id='line_1_1' title="bbox 616 306 2055 372; baseline 0 -2"><span class='ocrx_word' id='word_1_1' title='bbox 616 306 735 372; x_wconf 79' lang='lat'>178</span> <span class='ocrx_word' id='word_1_2' title='bbox 1749 309 2055 371; x_wconf 85' lang='grc' dir='ltr'>ΡΟΜΡΕΙΙ</span> 
     </span>
    </p>
   </div>
   <div class='ocr_carea' id='block_1_2' title="bbox 602 416 3227 1191">
    <p class='ocr_par' dir='ltr' id='par_1_2' title="bbox 662 416 982 471">
     <span class='ocr_line' id='line_1_2' title="bbox 662 416 982 471; baseline -0.003 -13"><span class='ocrx_word' id='word_1_3' title='bbox 662 429 704 471; x_wconf 86' lang='lat' dir='ltr'>p.</span> <span class='ocrx_word' id='word_1_4' title='bbox 735 419 911 458; x_wconf 55' lang='lat' dir='ltr'>led—88</span> <span class='ocrx_word' id='word_1_5' title='bbox 939 416 982 457; x_wconf 86' lang='lat' dir='ltr'>L.</span> 
     </span>
    </p>

    <p class='ocr_par' dir='ltr' id='par_1_3' title="bbox 602 496 3227 1191">
     <span class='ocr_line' id='line_1_3' title="bbox 779 496 3185 578; baseline 0.001 -21"><span class='ocrx_word' id='word_1_6' title='bbox 779 498 1091 559; x_wconf 85' lang='lat' dir='ltr'>Praeterea</span> <span class='ocrx_word' id='word_1_7' title='bbox 1148 507 1285 559; x_wconf 91' lang='lat' dir='ltr'>sunt</span> <span class='ocrx_word' id='word_1_8' title='bbox 1340 496 1532 575; x_wconf 90' lang='lat' dir='ltr'>aliqua</span> <span class='ocrx_word' id='word_1_9' title='bbox 1591 497 1829 558; x_wconf 89' lang='lat' dir='ltr'>uomina</span> <span class='ocrx_word' id='word_1_10' title='bbox 1875 497 2279 558; x_wconf 77' lang='lat' dir='ltr'>enuntiatione</span> <span class='ocrx_word' id='word_1_11' title='bbox 2323 496 2673 574; x_wconf 81' lang='lat' dir='ltr'>singularia,</span> <span class='ocrx_word' id='word_1_12' title='bbox 2720 497 3022 559; x_wconf 88' lang='lat' dir='ltr'>intellectu</span> <span class='ocrx_word' id='word_1_13' title='bbox 3066 497 3185 578; x_wconf 91' lang='lat' dir='ltr'>plu-</span> 
     </span>
     <span class='ocr_line' id='line_1_4' title="bbox 608 583 3186 680; baseline 0 -20"><span class='ocrx_word' id='word_1_14' title='bbox 608 597 776 668; x_wconf 88' lang='lat' dir='ltr'>ralia,</span> <span class='ocrx_word' id='word_1_15' title='bbox 827 607 890 661; x_wconf 91' lang='lat' dir='ltr'>ut</span> <span class='ocrx_word' id='word_1_16' title='bbox 935 607 1023 660; x_wconf 91' lang='lat' dir='ltr'>est</span> <span class='ocrx_word' id='word_1_17' title='bbox 1065 599 1322 680; x_wconf 87' lang='lat' dir='ltr'>populus</span> <span class='ocrx_word' id='word_1_18' title='bbox 1367 618 1512 678; x_wconf 85' lang='lat' dir='ltr'>gens</span> <span class='ocrx_word' id='word_1_19' title='bbox 1557 583 1754 660; x_wconf 89' lang='lat' dir='ltr'>contio</span> <span class='ocrx_word' id='word_1_20' title='bbox 1802 599 2133 662; x_wconf 88' lang='lat' dir='ltr'>multitudo.</span> <span class='ocrx_word' id='word_1_21' title='bbox 2227 601 2423 660; x_wconf 84' lang='lat' dir='ltr'>omnia</span> <span class='ocrx_word' id='word_1_22' title='bbox 2469 601 2580 661; x_wconf 90' lang='lat' dir='ltr'>ista</span> <span class='ocrx_word' id='word_1_23' title='bbox 2626 602 3031 662; x_wconf 77' lang='lat' dir='ltr'>enuntiatione</span> <span class='ocrx_word' id='word_1_24' title='bbox 3076 602 3186 662; x_wconf 89' lang='lat' dir='ltr'>sin-</span> 
     </span>
     <span class='ocr_line' id='line_1_5' title="bbox 605 700 3186 782; baseline 0.001 -21"><span class='ocrx_word' id='word_1_25' title='bbox 605 700 833 781; x_wconf 87' lang='lat' dir='ltr'>gularia</span> <span class='ocrx_word' id='word_1_26' title='bbox 889 712 1056 772; x_wconf 90' lang='lat' dir='ltr'>sunt,</span> <span class='ocrx_word' id='word_1_27' title='bbox 1114 701 1419 764; x_wconf 90' lang='lat' dir='ltr'>intellectu</span> <span class='ocrx_word' id='word_1_28' title='bbox 1475 701 1754 782; x_wconf 83' lang='lat' dir='ltr'>pluralia:</span> <span class='ocrx_word' id='word_1_29' title='bbox 1817 720 1939 763; x_wconf 91' lang='lat' dir='ltr'>non</span> <span class='ocrx_word' id='word_1_30' title='bbox 1997 704 2154 763; x_wconf 89' lang='lat' dir='ltr'>euim</span> <span class='ocrx_word' id='word_1_31' title='bbox 2212 709 2484 763; x_wconf 87' lang='lat' dir='ltr'>constant</span> <span class='ocrx_word' id='word_1_32' title='bbox 2541 701 2614 763; x_wconf 91' lang='lat' dir='ltr'>de</span> <span class='ocrx_word' id='word_1_33' title='bbox 2661 702 2926 782; x_wconf 79' lang='lat' dir='ltr'>singulis,</span> <span class='ocrx_word' id='word_1_34' title='bbox 3017 710 3120 764; x_wconf 90' lang='lat' dir='ltr'>aut</span> <span class='ocrx_word' id='word_1_35' title='bbox 3160 722 3186 763; x_wconf 90' lang='lat' dir='ltr'>e</span> 
     </span>
     <span class='ocr_line' id='line_1_6' title="bbox 604 802 3185 886; baseline 0 -21"><span class='ocrx_word' id='word_1_36' title='bbox 604 806 905 866; x_wconf 86' lang='lat' dir='ltr'>contrario</span> <span class='ocrx_word' id='word_1_37' title='bbox 962 807 1365 866; x_wconf 80' lang='lat' dir='ltr'>enuntiatione</span> <span class='ocrx_word' id='word_1_38' title='bbox 1422 802 1698 883; x_wconf 82' lang='lat' dir='ltr'>pluralia,</span> <span class='ocrx_word' id='word_1_39' title='bbox 1758 803 2059 866; x_wconf 87' lang='lat' dir='ltr'>intellectu</span> <span class='ocrx_word' id='word_1_40' title='bbox 2107 804 2455 882; x_wconf 84' lang='lat' dir='ltr'>singularia,</span> <span class='ocrx_word' id='word_1_41' title='bbox 2502 813 2567 865; x_wconf 93' lang='lat' dir='ltr'>ut</span> <span class='ocrx_word' id='word_1_42' title='bbox 2609 805 2870 866; x_wconf 79' lang='lat' dir='ltr'>Athenae</span> <span class='ocrx_word' id='word_1_43' title='bbox 2917 806 3185 886; x_wconf 80' lang='lat' dir='ltr'>Mycenae</span> 
     </span>
     <span class='ocr_line' id='line_1_7' title="bbox 603 905 3227 988; baseline 0 -20"><span class='ocrx_word' id='word_1_44' title='bbox 603 907 821 968; x_wconf 86' lang='lat' dir='ltr'>Cumae</span> <span class='ocrx_word' id='word_1_45' title='bbox 867 905 1108 968; x_wconf 87' lang='lat' dir='ltr'>Thebae</span> <span class='ocrx_word' id='word_1_46' title='bbox 1155 906 1404 969; x_wconf 84' lang='lat' dir='ltr'>Puteoli.</span> <span class='ocrx_word' id='word_1_47' title='bbox 1493 906 1639 967; x_wconf 84' lang='lat' dir='ltr'>baec</span> <span class='ocrx_word' id='word_1_48' title='bbox 1681 909 1767 969; x_wconf 85' lang='lat' dir='ltr'>sic</span> <span class='ocrx_word' id='word_1_49' title='bbox 1812 907 2116 978; x_wconf 88' lang='lat' dir='ltr'>dicuntur,</span> <span class='ocrx_word' id='word_1_50' title='bbox 2182 909 2347 988; x_wconf 88' lang='lat' dir='ltr'>quasi</span> <span class='ocrx_word' id='word_1_51' title='bbox 2393 905 2640 987; x_wconf 85' lang='lat' dir='ltr'>pluralia</span> <span class='ocrx_word' id='word_1_52' title='bbox 2685 909 2819 968; x_wconf 89' lang='lat' dir='ltr'>siut.</span> <span class='ocrx_word' id='word_1_53' title='bbox 2908 918 3045 968; x_wconf 91' lang='lat' dir='ltr'>sunt</span> <span class='ocrx_word' id='word_1_54' title='bbox 3089 923 3227 968; x_wconf 70' lang='lat' dir='ltr'>au-t»</span> 
     </span>
     <span class='ocr_line' id='line_1_8' title="bbox 603 1009 3184 1091; baseline -0.001 -19"><span class='ocrx_word' id='word_1_55' title='bbox 603 1020 720 1072; x_wconf 87' lang='lat' dir='ltr'>tem</span> <span class='ocrx_word' id='word_1_56' title='bbox 768 1011 1006 1071; x_wconf 91' lang='lat' dir='ltr'>nomina</span> <span class='ocrx_word' id='word_1_57' title='bbox 1052 1010 1287 1071; x_wconf 87' lang='lat' dir='ltr'>numeri</span> <span class='ocrx_word' id='word_1_58' title='bbox 1330 1016 1558 1070; x_wconf 87' lang='lat' dir='ltr'>tantum</span> <span class='ocrx_word' id='word_1_59' title='bbox 1603 1010 1782 1071; x_wconf 88' lang='lat' dir='ltr'>modo</span> <span class='ocrx_word' id='word_1_60' title='bbox 1825 1009 2101 1091; x_wconf 87' lang='lat' dir='ltr'>pluralis,</span> <span class='ocrx_word' id='word_1_61' title='bbox 2162 1018 2444 1090; x_wconf 86' lang='lat' dir='ltr'>quantum</span> <span class='ocrx_word' id='word_1_62' title='bbox 2502 1009 2574 1071; x_wconf 89' lang='lat' dir='ltr'>ad</span> <span class='ocrx_word' id='word_1_63' title='bbox 2619 1010 2857 1071; x_wconf 90' lang='lat' dir='ltr'>Latinos</span> <span class='ocrx_word' id='word_1_64' title='bbox 2899 1012 3184 1091; x_wconf 64' lang='lat' dir='ltr'>pertinen</span> 
     </span>
     <span class='ocr_line' id='line_1_9' title="bbox 602 1099 3189 1191; baseline 0 -18"><span class='ocrx_word' id='word_1_65' title='bbox 602 1119 868 1174; x_wconf 89' lang='lat' dir='ltr'>ceterum</span> <span class='ocrx_word' id='word_1_66' title='bbox 924 1112 1077 1191; x_wconf 88' lang='lat' dir='ltr'>apud</span> <span class='ocrx_word' id='word_1_67' title='bbox 1125 1113 1384 1172; x_wconf 89' lang='lat' dir='ltr'>Graecos</span> <span class='ocrx_word' id='word_1_68' title='bbox 1443 1114 1774 1175; x_wconf 83' lang='lat' dir='ltr'>invenimus</span> <span class='ocrx_word' id='word_1_69' title='bbox 1830 1099 2062 1183; x_wconf 69' lang='lat' dir='ltr'>aliter‚‘</span> <span class='ocrx_word' id='word_1_70' title='bbox 2093 1112 2205 1173; x_wconf 88' lang='lat' dir='ltr'>bae</span> <span class='ocrx_word' id='word_1_71' title='bbox 2249 1111 2490 1174; x_wconf 89' lang='lat' dir='ltr'>Thebae</span> <span class='ocrx_word' id='word_1_72' title='bbox 2547 1122 2604 1174; x_wconf 91' lang='lat' dir='ltr'>et</span> <span class='ocrx_word' id='word_1_73' title='bbox 2659 1113 2804 1174; x_wconf 87' lang='lat' dir='ltr'>baec</span> <span class='ocrx_word' id='word_1_74' title='bbox 2848 1112 3083 1183; x_wconf 84' lang='lat' dir='ltr'>Thebe,</span> <span class='ocrx_word' id='word_1_75' title='bbox 3133 1121 3189 1173; x_wconf 91' lang='lat' dir='ltr'>ut</span> 
     </span>
    </p>
   </div>
   <div class='ocr_carea' id='block_1_3' title="bbox 600 1213 2379 1295">
    <p class='ocr_par' dir='ltr' id='par_1_4' title="bbox 600 1213 2379 1295">
     <span class='ocr_line' id='line_1_10' title="bbox 600 1213 2379 1295; baseline -0.001 -20"><span class='ocrx_word' id='word_1_76' title='bbox 600 1223 691 1276; x_wconf 83' lang='lat' dir='ltr'>est</span> <span class='ocrx_word' id='word_1_77' title='bbox 733 1219 843 1277; x_wconf 71' lang='lat' dir='ltr'>‘te</span> <span class='ocrx_word' id='word_1_78' title='bbox 890 1232 1212 1295; x_wconf 89' lang='lat' dir='ltr'>quoque,</span> <span class='ocrx_word' id='word_1_79' title='bbox 1260 1215 1602 1294; x_wconf 88' lang='lat' dir='ltr'>peritura</span> <span class='ocrx_word' id='word_1_80' title='bbox 1644 1213 1959 1276; x_wconf 75' lang='lat' dir='ltr'>Thebe&#39;.</span> <span class='ocrx_word' id='word_1_81' title='bbox 2007 1215 2235 1276; x_wconf 86' lang='lat' dir='ltr'>variant</span> <span class='ocrx_word' id='word_1_82' title='bbox 2276 1214 2379 1275; x_wconf 89' lang='lat' dir='ltr'>illi.</span> 
     </span>
    </p>
   </div>
   <div class='ocr_carea' id='block_1_4' title="bbox 1696 1398 2096 1445">
    <p class='ocr_par' dir='ltr' id='par_1_5' title="bbox 1696 1398 2096 1445">
     <span class='ocr_line' id='line_1_11' title="bbox 1696 1398 2096 1445; baseline 0.005 -2"><span class='ocrx_word' id='word_1_83' title='bbox 1696 1399 1790 1445; x_wconf 83' lang='lat' dir='ltr'>DE</span> <span class='ocrx_word' id='word_1_84' title='bbox 1834 1398 2096 1445; x_wconf 79' lang='lat' dir='ltr'>FIGVRA</span> 
     </span>
    </p>
   </div>
   <div class='ocr_carea' id='block_1_5' title="bbox 359 1503 3323 3934">
    <p class='ocr_par' dir='ltr' id='par_1_6' title="bbox 359 1503 3323 3934">
     <span class='ocr_line' id='line_1_12' title="bbox 359 1503 3252 1585; baseline 0 -21"><span class='ocrx_word' id='word_1_85' title='bbox 359 1516 478 1578; x_wconf 84' lang='lat'>408,</span> <span class='ocrx_word' id='word_1_86' title='bbox 507 1518 574 1566; x_wconf 80' lang='lat'>20</span> <span class='ocrx_word' id='word_1_87' title='bbox 769 1505 984 1583; x_wconf 85' lang='lat' dir='ltr'>Figura</span> <span class='ocrx_word' id='word_1_88' title='bbox 1043 1505 1104 1564; x_wconf 93' lang='lat' dir='ltr'>in</span> <span class='ocrx_word' id='word_1_89' title='bbox 1161 1504 1502 1566; x_wconf 90' lang='lat' dir='ltr'>nominibus</span> <span class='ocrx_word' id='word_1_90' title='bbox 1561 1511 1662 1565; x_wconf 88' lang='lat' dir='ltr'>aut</span> <span class='ocrx_word' id='word_1_91' title='bbox 1714 1503 1964 1584; x_wconf 86' lang='lat' dir='ltr'>simplex</span> <span class='ocrx_word' id='word_1_92' title='bbox 2025 1511 2115 1565; x_wconf 90' lang='lat' dir='ltr'>est</span> <span class='ocrx_word' id='word_1_93' title='bbox 2159 1512 2261 1565; x_wconf 88' lang='lat' dir='ltr'>aut</span> <span class='ocrx_word' id='word_1_94' title='bbox 2305 1507 2631 1585; x_wconf 86' lang='lat' dir='ltr'>conposita.</span> <span class='ocrx_word' id='word_1_95' title='bbox 2726 1504 2975 1585; x_wconf 86' lang='lat' dir='ltr'>simplex</span> <span class='ocrx_word' id='word_1_96' title='bbox 3022 1515 3113 1567; x_wconf 86' lang='lat' dir='ltr'>est</span> <span class='ocrx_word' id='word_1_97' title='bbox 3155 1519 3252 1565; x_wconf 86' lang='lat' dir='ltr'>a1⁰</span> 
     </span>
     <span class='ocr_line' id='line_1_13' title="bbox 361 1586 3184 1688; baseline 0 -22"><span class='ocrx_word' id='word_1_98' title='bbox 361 1586 480 1644; x_wconf 81' lang='lat'>494,</span> <span class='ocrx_word' id='word_1_99' title='bbox 510 1587 574 1635; x_wconf 85' lang='lat'>34</span> <span class='ocrx_word' id='word_1_100' title='bbox 598 1612 838 1676; x_wconf 89' lang='lat' dir='ltr'>natura,</span> <span class='ocrx_word' id='word_1_101' title='bbox 896 1606 955 1666; x_wconf 89' lang='lat' dir='ltr'>id</span> <span class='ocrx_word' id='word_1_102' title='bbox 1012 1614 1097 1667; x_wconf 91' lang='lat' dir='ltr'>est</span> <span class='ocrx_word' id='word_1_103' title='bbox 1155 1625 1304 1686; x_wconf 88' lang='lat' dir='ltr'>quae</span> <span class='ocrx_word' id='word_1_104' title='bbox 1354 1605 1360 1687; x_wconf 91' lang='grc' dir='ltr'>Ι</span> <span class='ocrx_word' id='word_1_105' title='bbox 1409 1607 1482 1667; x_wconf 87' lang='lat' dir='ltr'>de</span> <span class='ocrx_word' id='word_1_106' title='bbox 1538 1625 1652 1668; x_wconf 87' lang='lat' dir='ltr'>una</span> <span class='ocrx_word' id='word_1_107' title='bbox 1698 1624 1763 1667; x_wconf 90' lang='lat' dir='ltr'>re</span> <span class='ocrx_word' id='word_1_108' title='bbox 1811 1613 2070 1677; x_wconf 87' lang='lat' dir='ltr'>constat,</span> <span class='ocrx_word' id='word_1_109' title='bbox 2120 1613 2184 1666; x_wconf 92' lang='lat' dir='ltr'>ut</span> <span class='ocrx_word' id='word_1_110' title='bbox 2228 1606 2467 1675; x_wconf 87' lang='lat' dir='ltr'>doctus;</span> <span class='ocrx_word' id='word_1_111' title='bbox 2536 1609 2870 1687; x_wconf 87' lang='lat' dir='ltr'>conposita,</span> <span class='ocrx_word' id='word_1_112' title='bbox 2919 1626 3068 1688; x_wconf 85' lang='lat' dir='ltr'>quae</span> <span class='ocrx_word' id='word_1_113' title='bbox 3116 1605 3184 1667; x_wconf 90' lang='lat' dir='ltr'>de</span> 
     </span>
     <span class='ocr_line' id='line_1_14' title="bbox 598 1707 3184 1789; baseline 0.001 -21"><span class='ocrx_word' id='word_1_114' title='bbox 598 1708 826 1769; x_wconf 89' lang='lat' dir='ltr'>duabus</span> <span class='ocrx_word' id='word_1_115' title='bbox 882 1715 1112 1769; x_wconf 89' lang='lat' dir='ltr'>constat</span> <span class='ocrx_word' id='word_1_116' title='bbox 1168 1707 1379 1780; x_wconf 81' lang='lat' dir='ltr'>rebuS,</span> <span class='ocrx_word' id='word_1_117' title='bbox 1442 1727 1592 1789; x_wconf 88' lang='lat' dir='ltr'>quae</span> <span class='ocrx_word' id='word_1_118' title='bbox 1647 1710 1863 1788; x_wconf 85' lang='lat' dir='ltr'>accipit</span> <span class='ocrx_word' id='word_1_119' title='bbox 1920 1717 2226 1778; x_wconf 88' lang='lat' dir='ltr'>ornatum,</span> <span class='ocrx_word' id='word_1_120' title='bbox 2282 1715 2347 1769; x_wconf 91' lang='lat' dir='ltr'>ut</span> <span class='ocrx_word' id='word_1_121' title='bbox 2400 1709 2692 1771; x_wconf 85' lang='lat' dir='ltr'>indoctus.</span> <span class='ocrx_word' id='word_1_122' title='bbox 2784 1708 3035 1789; x_wconf 84' lang='lat' dir='ltr'>simplex</span> <span class='ocrx_word' id='word_1_123' title='bbox 3083 1716 3184 1779; x_wconf 88' lang='lat' dir='ltr'>est,</span> 
     </span>
     <span class='ocr_line' id='line_1_15' title="bbox 597 1810 3184 1891; baseline -0.001 -19"><span class='ocrx_word' id='word_1_124' title='bbox 597 1830 747 1890; x_wconf 89' lang='lat' dir='ltr'>quae</span> <span class='ocrx_word' id='word_1_125' title='bbox 804 1829 978 1870; x_wconf 90' lang='lat' dir='ltr'>unam</span> <span class='ocrx_word' id='word_1_126' title='bbox 1037 1829 1165 1871; x_wconf 89' lang='lat' dir='ltr'>rem</span> <span class='ocrx_word' id='word_1_127' title='bbox 1222 1810 1427 1883; x_wconf 88' lang='lat' dir='ltr'>habet,</span> <span class='ocrx_word' id='word_1_128' title='bbox 1497 1810 1743 1890; x_wconf 85' lang='lat' dir='ltr'>duplex,</span> <span class='ocrx_word' id='word_1_129' title='bbox 1804 1830 1953 1891; x_wconf 89' lang='lat' dir='ltr'>quae</span> <span class='ocrx_word' id='word_1_130' title='bbox 2011 1811 2086 1872; x_wconf 92' lang='lat' dir='ltr'>de</span> <span class='ocrx_word' id='word_1_131' title='bbox 2142 1811 2372 1873; x_wconf 85' lang='lat' dir='ltr'>duabus</span> <span class='ocrx_word' id='word_1_132' title='bbox 2427 1811 2610 1873; x_wconf 88' lang='lat' dir='ltr'>rebus</span> <span class='ocrx_word' id='word_1_133' title='bbox 2665 1819 2922 1880; x_wconf 83' lang='lat' dir='ltr'>constat,</span> <span class='ocrx_word' id='word_1_134' title='bbox 2981 1811 3039 1871; x_wconf 91' lang='lat' dir='ltr'>id</span> <span class='ocrx_word' id='word_1_135' title='bbox 3102 1817 3184 1871; x_wconf 88' lang='lat' dir='ltr'>est</span> 
     </span>
     <span class='ocr_line' id='line_1_16' title="bbox 595 1897 3182 1993; baseline -0.001 -19"><span class='ocrx_word' id='word_1_136' title='bbox 595 1914 918 1992; x_wconf 89' lang='lat' dir='ltr'>conposita.</span> <span class='ocrx_word' id='word_1_137' title='bbox 1007 1910 1189 1974; x_wconf 88' lang='lat' dir='ltr'>habes</span> <span class='ocrx_word' id='word_1_138' title='bbox 1244 1897 1304 1973; x_wconf 88' lang='lat' dir='ltr'>in</span> <span class='ocrx_word' id='word_1_139' title='bbox 1362 1920 1488 1974; x_wconf 89' lang='lat' dir='ltr'>arte</span> <span class='ocrx_word' id='word_1_140' title='bbox 1545 1912 1752 1982; x_wconf 85' lang='lat' dir='ltr'>Probi,</span> <span class='ocrx_word' id='word_1_141' title='bbox 1813 1913 1871 1973; x_wconf 91' lang='lat' dir='ltr'>id</span> <span class='ocrx_word' id='word_1_142' title='bbox 1932 1922 2022 1975; x_wconf 87' lang='lat' dir='ltr'>est</span> <span class='ocrx_word' id='word_1_143' title='bbox 2076 1915 2357 1974; x_wconf 87' lang='lat' dir='ltr'>institutis</span> <span class='ocrx_word' id='word_1_144' title='bbox 2412 1915 2626 1993; x_wconf 88' lang='lat' dir='ltr'>ipsius,</span> <span class='ocrx_word' id='word_1_145' title='bbox 2682 1913 2795 1974; x_wconf 90' lang='lat' dir='ltr'>hoc</span> <span class='ocrx_word' id='word_1_146' title='bbox 2843 1922 3182 1974; x_wconf 86' lang='lat' dir='ltr'>tractatum:</span> 
     </span>
     <span class='ocr_line' id='line_1_17' title="bbox 596 2014 3256 2096; baseline -0 -21"><span class='ocrx_word' id='word_1_147' title='bbox 596 2017 676 2076; x_wconf 91' lang='lat' dir='ltr'>ait</span> <span class='ocrx_word' id='word_1_148' title='bbox 720 2016 840 2086; x_wconf 89' lang='lat' dir='ltr'>sic,</span> <span class='ocrx_word' id='word_1_149' title='bbox 899 2016 1136 2076; x_wconf 90' lang='lat' dir='ltr'>nomina</span> <span class='ocrx_word' id='word_1_150' title='bbox 1198 2017 1392 2076; x_wconf 90' lang='lat' dir='ltr'>omnia</span> <span class='ocrx_word' id='word_1_151' title='bbox 1449 2035 1623 2095; x_wconf 87' lang='lat' dir='ltr'>posse</span> <span class='ocrx_word' id='word_1_152' title='bbox 1669 2017 1926 2095; x_wconf 89' lang='lat' dir='ltr'>conponi</span> <span class='ocrx_word' id='word_1_153' title='bbox 1971 2015 2059 2076; x_wconf 84' lang='lat' dir='ltr'>vel</span> <span class='ocrx_word' id='word_1_154' title='bbox 2119 2035 2188 2076; x_wconf 89' lang='lat' dir='ltr'>ex</span> <span class='ocrx_word' id='word_1_155' title='bbox 2236 2036 2352 2077; x_wconf 92' lang='lat' dir='ltr'>non</span> <span class='ocrx_word' id='word_1_156' title='bbox 2399 2015 2812 2094; x_wconf 88' lang='lat' dir='ltr'>intellegendis</span> <span class='ocrx_word' id='word_1_157' title='bbox 2859 2015 2993 2096; x_wconf 92' lang='lat' dir='ltr'>(boc</span> <span class='ocrx_word' id='word_1_158' title='bbox 3040 2014 3181 2077; x_wconf 90' lang='lat' dir='ltr'>stul·</span> <span class='ocrx_word' id='word_1_159' title='bbox 3207 2029 3256 2068; x_wconf 84' lang='lat'>15</span> 
     </span>
     <span class='ocr_line' id='line_1_18' title="bbox 596 2114 3184 2197; baseline 0 -19"><span class='ocrx_word' id='word_1_160' title='bbox 596 2126 716 2179; x_wconf 89' lang='lat' dir='ltr'>tum</span> <span class='ocrx_word' id='word_1_161' title='bbox 780 2121 897 2194; x_wconf 86' lang='lat' dir='ltr'>est)</span> <span class='ocrx_word' id='word_1_162' title='bbox 944 2116 1032 2177; x_wconf 83' lang='lat' dir='ltr'>vel</span> <span class='ocrx_word' id='word_1_163' title='bbox 1090 2136 1161 2177; x_wconf 85' lang='lat' dir='ltr'>ex</span> <span class='ocrx_word' id='word_1_164' title='bbox 1217 2119 1467 2196; x_wconf 84' lang='lat' dir='ltr'>integris</span> <span class='ocrx_word' id='word_1_165' title='bbox 1512 2114 1603 2177; x_wconf 84' lang='lat' dir='ltr'>vel</span> <span class='ocrx_word' id='word_1_166' title='bbox 1664 2137 1731 2177; x_wconf 87' lang='lat' dir='ltr'>ex</span> <span class='ocrx_word' id='word_1_167' title='bbox 1780 2119 2080 2197; x_wconf 86' lang='lat' dir='ltr'>corruptis</span> <span class='ocrx_word' id='word_1_168' title='bbox 2124 2117 2260 2194; x_wconf 88' lang='lat' dir='ltr'>(hoc</span> <span class='ocrx_word' id='word_1_169' title='bbox 2305 2117 2458 2179; x_wconf 89' lang='lat' dir='ltr'>bene</span> <span class='ocrx_word' id='word_1_170' title='bbox 2503 2117 2687 2197; x_wconf 86' lang='lat' dir='ltr'>dixit).</span> <span class='ocrx_word' id='word_1_171' title='bbox 2782 2123 2886 2178; x_wconf 82' lang='lat' dir='ltr'>‘ex</span> <span class='ocrx_word' id='word_1_172' title='bbox 2933 2136 3053 2178; x_wconf 90' lang='lat' dir='ltr'>non</span> <span class='ocrx_word' id='word_1_173' title='bbox 3099 2120 3184 2178; x_wconf 92' lang='lat' dir='ltr'>in-</span> 
     </span>
     <span class='ocr_line' id='line_1_19' title="bbox 597 2213 3183 2301; baseline 0 -22"><span class='ocrx_word' id='word_1_174' title='bbox 597 2213 979 2297; x_wconf 79' lang='lat' dir='ltr'>tellegendis&#39;</span> <span class='ocrx_word' id='word_1_175' title='bbox 1011 2217 1421 2280; x_wconf 89' lang='lat' dir='ltr'>stultissimum</span> <span class='ocrx_word' id='word_1_176' title='bbox 1456 2227 1560 2279; x_wconf 88' lang='lat' dir='ltr'>est.</span> <span class='ocrx_word' id='word_1_177' title='bbox 1625 2228 1765 2298; x_wconf 89' lang='lat' dir='ltr'>puta</span> <span class='ocrx_word' id='word_1_178' title='bbox 1798 2220 2103 2280; x_wconf 88' lang='lat' dir='ltr'>columna:</span> <span class='ocrx_word' id='word_1_179' title='bbox 2151 2220 2285 2282; x_wconf 91' lang='lat' dir='ltr'>colu</span> <span class='ocrx_word' id='word_1_180' title='bbox 2316 2228 2512 2301; x_wconf 87' lang='lat' dir='ltr'>potest</span> <span class='ocrx_word' id='word_1_181' title='bbox 2543 2220 2763 2282; x_wconf 85' lang='lat' dir='ltr'>habere</span> <span class='ocrx_word' id='word_1_182' title='bbox 2794 2218 3183 2290; x_wconf 89' lang='lat' dir='ltr'>intellectum,</span> 
     </span>
     <span class='ocr_line' id='line_1_20' title="bbox 596 2320 3183 2401; baseline 0.001 -20"><span class='ocrx_word' id='word_1_183' title='bbox 596 2320 764 2382; x_wconf 74' lang='lat' dir='ltr'>‘colu</span> <span class='ocrx_word' id='word_1_184' title='bbox 820 2322 1075 2381; x_wconf 79' lang='lat' dir='ltr'>feminea</span> <span class='ocrx_word' id='word_1_185' title='bbox 1132 2320 1453 2384; x_wconf 87' lang='lat' dir='ltr'>Parcarum</span> <span class='ocrx_word' id='word_1_186' title='bbox 1502 2322 1794 2401; x_wconf 89' lang='lat' dir='ltr'>dirupta&#39;,</span> <span class='ocrx_word' id='word_1_187' title='bbox 1845 2331 1900 2383; x_wconf 89' lang='lat' dir='ltr'>et</span> <span class='ocrx_word' id='word_1_188' title='bbox 1945 2329 2086 2401; x_wconf 90' lang='lat' dir='ltr'>puta</span> <span class='ocrx_word' id='word_1_189' title='bbox 2131 2325 2183 2383; x_wconf 88' lang='lat' dir='ltr'>si</span> <span class='ocrx_word' id='word_1_190' title='bbox 2227 2323 2387 2385; x_wconf 88' lang='lat' dir='ltr'>dicas</span> <span class='ocrx_word' id='word_1_191' title='bbox 2433 2322 2602 2384; x_wconf 84' lang='lat' dir='ltr'>‘colu</span> <span class='ocrx_word' id='word_1_192' title='bbox 2648 2323 3000 2391; x_wconf 84' lang='lat' dir='ltr'>Parcarum,</span> <span class='ocrx_word' id='word_1_193' title='bbox 3050 2341 3183 2401; x_wconf 89' lang='lat' dir='ltr'>per-</span> 
     </span>
     <span class='ocr_line' id='line_1_21' title="bbox 595 2421 3187 2503; baseline -0 -19"><span class='ocrx_word' id='word_1_194' title='bbox 595 2431 772 2484; x_wconf 91' lang='lat' dir='ltr'>eunte</span> <span class='ocrx_word' id='word_1_195' title='bbox 828 2421 1043 2492; x_wconf 72' lang='lat' dir='ltr'>colu&#39;;›</span> <span class='ocrx_word' id='word_1_196' title='bbox 1093 2441 1229 2483; x_wconf 87' lang='lat' dir='ltr'>ecce</span> <span class='ocrx_word' id='word_1_197' title='bbox 1286 2421 1470 2484; x_wconf 88' lang='lat' dir='ltr'>habes</span> <span class='ocrx_word' id='word_1_198' title='bbox 1525 2422 1894 2484; x_wconf 87' lang='lat' dir='ltr'>intellectum</span> <span class='ocrx_word' id='word_1_199' title='bbox 1955 2427 2097 2485; x_wconf 81' lang='lat' dir='ltr'>eiuS.</span> <span class='ocrx_word' id='word_1_200' title='bbox 2189 2444 2323 2486; x_wconf 84' lang='lat' dir='ltr'>mna</span> <span class='ocrx_word' id='word_1_201' title='bbox 2371 2424 2516 2486; x_wconf 89' lang='lat' dir='ltr'>nibil</span> <span class='ocrx_word' id='word_1_202' title='bbox 2563 2425 2870 2503; x_wconf 86' lang='lat' dir='ltr'>significat.</span> <span class='ocrx_word' id='word_1_203' title='bbox 2962 2423 3076 2483; x_wconf 87' lang='lat' dir='ltr'>hoc</span> <span class='ocrx_word' id='word_1_204' title='bbox 3139 2425 3187 2484; x_wconf 85' lang='lat' dir='ltr'>si</span> 
     </span>
     <span class='ocr_line' id='line_1_22' title="bbox 593 2525 3260 2607; baseline 0 -23"><span class='ocrx_word' id='word_1_205' title='bbox 593 2525 849 2586; x_wconf 88' lang='lat' dir='ltr'>volueris</span> <span class='ocrx_word' id='word_1_206' title='bbox 894 2526 1092 2604; x_wconf 81' lang='lat' dir='ltr'>sequi,</span> <span class='ocrx_word' id='word_1_207' title='bbox 1141 2526 1335 2585; x_wconf 90' lang='lat' dir='ltr'>omnia</span> <span class='ocrx_word' id='word_1_208' title='bbox 1370 2527 1604 2585; x_wconf 89' lang='lat' dir='ltr'>nomina</span> <span class='ocrx_word' id='word_1_209' title='bbox 1641 2528 1946 2606; x_wconf 87' lang='lat' dir='ltr'>conposita</span> <span class='ocrx_word' id='word_1_210' title='bbox 1996 2536 2189 2596; x_wconf 88' lang='lat' dir='ltr'>erunt,</span> <span class='ocrx_word' id='word_1_211' title='bbox 2237 2543 2639 2607; x_wconf 85' lang='lat' dir='ltr'>quaecumque</span> <span class='ocrx_word' id='word_1_212' title='bbox 2686 2532 2827 2586; x_wconf 91' lang='lat' dir='ltr'>sunt</span> <span class='ocrx_word' id='word_1_213' title='bbox 2870 2527 2932 2585; x_wconf 91' lang='lat' dir='ltr'>in</span> <span class='ocrx_word' id='word_1_214' title='bbox 2978 2544 3181 2586; x_wconf 87' lang='lat' dir='ltr'>rerum</span> <span class='ocrx_word' id='word_1_215' title='bbox 3209 2540 3260 2579; x_wconf 71' lang='lat'>20</span> 
     </span>
     <span class='ocr_line' id='line_1_23' title="bbox 591 2626 3185 2709; baseline -0 -20"><span class='ocrx_word' id='word_1_216' title='bbox 591 2635 819 2689; x_wconf 87' lang='lat' dir='ltr'>natura.</span> <span class='ocrx_word' id='word_1_217' title='bbox 880 2645 1202 2706; x_wconf 82' lang='lat' dir='ltr'>numquam</span> <span class='ocrx_word' id='word_1_218' title='bbox 1252 2629 1407 2687; x_wconf 90' lang='lat' dir='ltr'>enim</span> <span class='ocrx_word' id='word_1_219' title='bbox 1453 2626 1594 2688; x_wconf 90' lang='lat' dir='ltr'>licet</span> <span class='ocrx_word' id='word_1_220' title='bbox 1636 2627 1743 2687; x_wconf 89' lang='lat' dir='ltr'>tibi</span> <span class='ocrx_word' id='word_1_221' title='bbox 1791 2628 2020 2690; x_wconf 79' lang='lat' dir='ltr'>referre</span> <span class='ocrx_word' id='word_1_222' title='bbox 2064 2648 2190 2689; x_wconf 89' lang='lat' dir='ltr'>rem</span> <span class='ocrx_word' id='word_1_223' title='bbox 2238 2632 2424 2709; x_wconf 92' lang='lat' dir='ltr'>ipsam</span> <span class='ocrx_word' id='word_1_224' title='bbox 2470 2628 2544 2690; x_wconf 90' lang='lat' dir='ltr'>ad</span> <span class='ocrx_word' id='word_1_225' title='bbox 2591 2626 3023 2708; x_wconf 84' lang='lat' dir='ltr'>etymologiam,</span> <span class='ocrx_word' id='word_1_226' title='bbox 3072 2630 3185 2688; x_wconf 84' lang='lat' dir='ltr'>nisi</span> 
     </span>
     <span class='ocr_line' id='line_1_24' title="bbox 589 2727 3185 2811; baseline 0 -21"><span class='ocrx_word' id='word_1_227' title='bbox 589 2727 714 2810; x_wconf 80' lang='lat' dir='ltr'>ipsa</span> <span class='ocrx_word' id='word_1_228' title='bbox 773 2727 1122 2810; x_wconf 80' lang='lat' dir='ltr'>etymologia</span> <span class='ocrx_word' id='word_1_229' title='bbox 1182 2733 1473 2791; x_wconf 89' lang='lat' dir='ltr'>consentit</span> <span class='ocrx_word' id='word_1_230' title='bbox 1529 2732 1618 2792; x_wconf 91' lang='lat' dir='ltr'>rei</span> <span class='ocrx_word' id='word_1_231' title='bbox 1673 2730 2006 2811; x_wconf 88' lang='lat' dir='ltr'>principali.</span> <span class='ocrx_word' id='word_1_232' title='bbox 2099 2731 2230 2793; x_wconf 90' lang='lat' dir='ltr'>colu</span> <span class='ocrx_word' id='word_1_233' title='bbox 2292 2731 2450 2794; x_wconf 91' lang='lat' dir='ltr'>aliud</span> <span class='ocrx_word' id='word_1_234' title='bbox 2508 2738 2612 2793; x_wconf 88' lang='lat' dir='ltr'>est.</span> <span class='ocrx_word' id='word_1_235' title='bbox 2705 2730 2993 2811; x_wconf 89' lang='lat' dir='ltr'>numquid</span> <span class='ocrx_word' id='word_1_236' title='bbox 3049 2730 3185 2791; x_wconf 86' lang='lat' dir='ltr'>ideo</span> 
     </span>
     <span class='ocr_line' id='line_1_25' title="bbox 592 2831 3183 2913; baseline 0 -20"><span class='ocrx_word' id='word_1_237' title='bbox 592 2834 745 2894; x_wconf 89' lang='lat' dir='ltr'>dicta</span> <span class='ocrx_word' id='word_1_238' title='bbox 803 2831 1074 2894; x_wconf 88' lang='lat' dir='ltr'>columna</span> <span class='ocrx_word' id='word_1_239' title='bbox 1132 2839 1248 2902; x_wconf 89' lang='lat' dir='ltr'>est,</span> <span class='ocrx_word' id='word_1_240' title='bbox 1309 2832 1465 2912; x_wconf 88' lang='lat' dir='ltr'>quod</span> <span class='ocrx_word' id='word_1_241' title='bbox 1528 2831 1705 2895; x_wconf 91' lang='lat' dir='ltr'>habet</span> <span class='ocrx_word' id='word_1_242' title='bbox 1766 2835 2057 2911; x_wconf 88' lang='lat' dir='ltr'>originem</span> <span class='ocrx_word' id='word_1_243' title='bbox 2117 2853 2146 2894; x_wconf 94' lang='lat' dir='ltr'>a</span> <span class='ocrx_word' id='word_1_244' title='bbox 2205 2833 2377 2895; x_wconf 76' lang='lat' dir='ltr'>colu?</span> <span class='ocrx_word' id='word_1_245' title='bbox 2437 2853 2579 2913; x_wconf 87' lang='lat' dir='ltr'>ergo</span> <span class='ocrx_word' id='word_1_246' title='bbox 2639 2852 2774 2894; x_wconf 91' lang='lat' dir='ltr'>cum</span> <span class='ocrx_word' id='word_1_247' title='bbox 2831 2832 2977 2893; x_wconf 89' lang='lat' dir='ltr'>illud</span> <span class='ocrx_word' id='word_1_248' title='bbox 3024 2833 3183 2894; x_wconf 89' lang='lat' dir='ltr'>aliud</span> 
     </span>
     <span class='ocr_line' id='line_1_26' title="bbox 591 2932 3185 3020; baseline -0 -23"><span class='ocrx_word' id='word_1_249' title='bbox 591 2938 908 3014; x_wconf 79' lang='lat' dir='ltr'>significet,</span> <span class='ocrx_word' id='word_1_250' title='bbox 970 2934 1084 2994; x_wconf 87' lang='lat' dir='ltr'>boc</span> <span class='ocrx_word' id='word_1_251' title='bbox 1138 2932 1294 2997; x_wconf 87' lang='lat' dir='ltr'>aliud</span> <span class='ocrx_word' id='word_1_252' title='bbox 1354 2936 1668 3012; x_wconf 86' lang='lat' dir='ltr'>significet,</span> <span class='ocrx_word' id='word_1_253' title='bbox 1734 2955 1917 3015; x_wconf 88' lang='lat' dir='ltr'>quare</span> <span class='ocrx_word' id='word_1_254' title='bbox 1964 2936 2093 2996; x_wconf 91' lang='lat' dir='ltr'>dico</span> <span class='ocrx_word' id='word_1_255' title='bbox 2140 2937 2512 3016; x_wconf 90' lang='lat' dir='ltr'>conpositum</span> <span class='ocrx_word' id='word_1_256' title='bbox 2558 2942 2648 2996; x_wconf 89' lang='lat' dir='ltr'>est</span> <span class='ocrx_word' id='word_1_257' title='bbox 2690 2954 2907 2995; x_wconf 91' lang='lat' dir='ltr'>nomen</span> <span class='ocrx_word' id='word_1_258' title='bbox 2957 2954 3030 2996; x_wconf 85' lang='lat' dir='ltr'>ex</span> <span class='ocrx_word' id='word_1_259' title='bbox 3074 2933 3185 3020; x_wconf 63' lang='lat' dir='ltr'>inl·</span> 
     </span>
     <span class='ocr_line' id='line_1_27' title="bbox 592 3037 3261 3118; baseline -0.002 -21"><span class='ocrx_word' id='word_1_260' title='bbox 592 3045 759 3117; x_wconf 89' lang='lat' dir='ltr'>tegro</span> <span class='ocrx_word' id='word_1_261' title='bbox 806 3044 865 3098; x_wconf 88' lang='lat' dir='ltr'>et</span> <span class='ocrx_word' id='word_1_262' title='bbox 900 3044 1210 3117; x_wconf 83' lang='lat' dir='ltr'>corrupto,</span> <span class='ocrx_word' id='word_1_263' title='bbox 1259 3055 1391 3097; x_wconf 90' lang='lat' dir='ltr'>cum</span> <span class='ocrx_word' id='word_1_264' title='bbox 1437 3039 1632 3117; x_wconf 89' lang='lat' dir='ltr'>ipsum</span> <span class='ocrx_word' id='word_1_265' title='bbox 1681 3046 1937 3118; x_wconf 81' lang='lat' dir='ltr'>etymum</span> <span class='ocrx_word' id='word_1_266' title='bbox 1987 3055 2104 3097; x_wconf 91' lang='lat' dir='ltr'>non</span> <span class='ocrx_word' id='word_1_267' title='bbox 2153 3037 2368 3098; x_wconf 87' lang='lat' dir='ltr'>habeat</span> <span class='ocrx_word' id='word_1_268' title='bbox 2413 3055 2727 3098; x_wconf 86' lang='lat' dir='ltr'>commune</span> <span class='ocrx_word' id='word_1_269' title='bbox 2774 3056 2907 3097; x_wconf 90' lang='lat' dir='ltr'>cum</span> <span class='ocrx_word' id='word_1_270' title='bbox 2955 3039 3261 3117; x_wconf 74' lang='lat' dir='ltr'>princi-25</span> 
     </span>
     <span class='ocr_line' id='line_1_28' title="bbox 496 3138 3182 3221; baseline 0 -21"><span class='ocrx_word' id='word_1_271' title='bbox 496 3183 514 3189; x_wconf 91' lang='lat'>-</span> <span class='ocrx_word' id='word_1_272' title='bbox 589 3139 746 3220; x_wconf 76' lang='lat' dir='ltr'>pali?</span> <span class='ocrx_word' id='word_1_273' title='bbox 788 3148 862 3200; x_wconf 49' lang='lat' dir='ltr'>¹et</span> <span class='ocrx_word' id='word_1_274' title='bbox 917 3139 1072 3217; x_wconf 83' lang='lat' dir='ltr'>quod</span> <span class='ocrx_word' id='word_1_275' title='bbox 1133 3158 1253 3200; x_wconf 90' lang='lat' dir='ltr'>non</span> <span class='ocrx_word' id='word_1_276' title='bbox 1310 3138 1487 3199; x_wconf 83' lang='lat' dir='ltr'>babet</span> <span class='ocrx_word' id='word_1_277' title='bbox 1540 3158 1857 3202; x_wconf 88' lang='lat' dir='ltr'>commune</span> <span class='ocrx_word' id='word_1_278' title='bbox 1915 3157 2048 3199; x_wconf 91' lang='lat' dir='ltr'>cum</span> <span class='ocrx_word' id='word_1_279' title='bbox 2095 3139 2406 3220; x_wconf 87' lang='lat' dir='ltr'>principali</span> <span class='ocrx_word' id='word_1_280' title='bbox 2454 3149 2744 3221; x_wconf 80' lang='lat' dir='ltr'>etymum‚</span> <span class='ocrx_word' id='word_1_281' title='bbox 2808 3141 3182 3219; x_wconf 89' lang='lat' dir='ltr'>conpositum</span> 
     </span>
     <span class='ocr_line' id='line_1_29' title="bbox 593 3239 3180 3323; baseline 0 -21"><span class='ocrx_word' id='word_1_282' title='bbox 593 3261 710 3303; x_wconf 93' lang='lat' dir='ltr'>non</span> <span class='ocrx_word' id='word_1_283' title='bbox 771 3249 875 3302; x_wconf 89' lang='lat' dir='ltr'>est.</span> <span class='ocrx_word' id='word_1_284' title='bbox 966 3260 1106 3321; x_wconf 86' lang='lat' dir='ltr'>ergo</span> <span class='ocrx_word' id='word_1_285' title='bbox 1162 3241 1276 3302; x_wconf 88' lang='lat' dir='ltr'>hoc</span> <span class='ocrx_word' id='word_1_286' title='bbox 1332 3243 1666 3319; x_wconf 88' lang='lat' dir='ltr'>sequimur,</span> <span class='ocrx_word' id='word_1_287' title='bbox 1736 3248 1803 3301; x_wconf 91' lang='lat' dir='ltr'>ut</span> <span class='ocrx_word' id='word_1_288' title='bbox 1856 3239 1954 3300; x_wconf 90' lang='lat' dir='ltr'>illa</span> <span class='ocrx_word' id='word_1_289' title='bbox 2010 3241 2276 3302; x_wconf 88' lang='lat' dir='ltr'>dicamus</span> <span class='ocrx_word' id='word_1_290' title='bbox 2335 3249 2642 3323; x_wconf 88' lang='lat' dir='ltr'>corrupta,</span> <span class='ocrx_word' id='word_1_291' title='bbox 2711 3260 2860 3322; x_wconf 91' lang='lat' dir='ltr'>quae</span> <span class='ocrx_word' id='word_1_292' title='bbox 2919 3240 3180 3303; x_wconf 88' lang='lat' dir='ltr'>resoluta</span> 
     </span>
     <span class='ocr_line' id='line_1_30' title="bbox 590 3341 3178 3425; baseline -0 -20"><span class='ocrx_word' id='word_1_293' title='bbox 590 3353 838 3425; x_wconf 86' lang='lat' dir='ltr'>possunt</span> <span class='ocrx_word' id='word_1_294' title='bbox 891 3345 1019 3405; x_wconf 83' lang='lat' dir='ltr'>fieri</span> <span class='ocrx_word' id='word_1_295' title='bbox 1075 3346 1323 3422; x_wconf 87' lang='lat' dir='ltr'>integra.</span> <span class='ocrx_word' id='word_1_296' title='bbox 1397 3341 1598 3424; x_wconf 88' lang='lat' dir='ltr'>[aliae]</span> <span class='ocrx_word' id='word_1_297' title='bbox 1649 3345 1798 3404; x_wconf 73' lang='lat' dir='ltr'>fiunt</span> <span class='ocrx_word' id='word_1_298' title='bbox 1853 3345 2195 3423; x_wconf 89' lang='lat' dir='ltr'>conpositae</span> <span class='ocrx_word' id='word_1_299' title='bbox 2242 3345 2462 3422; x_wconf 82' lang='lat' dir='ltr'>figurae</span> <span class='ocrx_word' id='word_1_300' title='bbox 2510 3363 2579 3404; x_wconf 88' lang='lat' dir='ltr'>ex</span> <span class='ocrx_word' id='word_1_301' title='bbox 2626 3342 2859 3406; x_wconf 89' lang='lat' dir='ltr'>duobus</span> <span class='ocrx_word' id='word_1_302' title='bbox 2904 3346 3178 3422; x_wconf 81' lang='lat' dir='ltr'>integriS,</span> 
     </span>
     <span class='ocr_line' id='line_1_31' title="bbox 590 3445 3178 3526; baseline -0.001 -18"><span class='ocrx_word' id='word_1_303' title='bbox 590 3455 650 3507; x_wconf 88' lang='lat' dir='ltr'>ut</span> <span class='ocrx_word' id='word_1_304' title='bbox 697 3447 1133 3515; x_wconf 86' lang='lat' dir='ltr'>suburbanum;</span> <span class='ocrx_word' id='word_1_305' title='bbox 1196 3465 1265 3506; x_wconf 88' lang='lat' dir='ltr'>ex</span> <span class='ocrx_word' id='word_1_306' title='bbox 1312 3445 1544 3507; x_wconf 88' lang='lat' dir='ltr'>duobus</span> <span class='ocrx_word' id='word_1_307' title='bbox 1590 3446 1917 3525; x_wconf 88' lang='lat' dir='ltr'>corruptis,</span> <span class='ocrx_word' id='word_1_308' title='bbox 1967 3454 2030 3507; x_wconf 90' lang='lat' dir='ltr'>ut</span> <span class='ocrx_word' id='word_1_309' title='bbox 2076 3447 2311 3515; x_wconf 56' lang='lat' dir='ltr'>estinan</span> <span class='ocrx_word' id='word_1_310' title='bbox 2372 3465 2443 3506; x_wconf 89' lang='lat' dir='ltr'>ex</span> <span class='ocrx_word' id='word_1_311' title='bbox 2490 3453 2774 3526; x_wconf 87' lang='lat' dir='ltr'>corrupto</span> <span class='ocrx_word' id='word_1_312' title='bbox 2822 3454 2881 3506; x_wconf 84' lang='lat' dir='ltr'>et</span> <span class='ocrx_word' id='word_1_313' title='bbox 2924 3448 3178 3524; x_wconf 86' lang='lat' dir='ltr'>integro,</span> 
     </span>
     <span class='ocr_line' id='line_1_32' title="bbox 588 3545 3323 3629; baseline -0 -20"><span class='ocrx_word' id='word_1_314' title='bbox 588 3557 651 3609; x_wconf 93' lang='lat' dir='ltr'>ut</span> <span class='ocrx_word' id='word_1_315' title='bbox 696 3548 1110 3629; x_wconf 86' lang='lat' dir='ltr'>nugigerulus;</span> <span class='ocrx_word' id='word_1_316' title='bbox 1161 3568 1227 3609; x_wconf 83' lang='lat' dir='ltr'>ex</span> <span class='ocrx_word' id='word_1_317' title='bbox 1275 3548 1508 3626; x_wconf 88' lang='lat' dir='ltr'>integro</span> <span class='ocrx_word' id='word_1_318' title='bbox 1555 3555 1613 3608; x_wconf 89' lang='lat' dir='ltr'>et</span> <span class='ocrx_word' id='word_1_319' title='bbox 1657 3555 1971 3628; x_wconf 91' lang='lat' dir='ltr'>corrupto,</span> <span class='ocrx_word' id='word_1_320' title='bbox 2020 3556 2083 3608; x_wconf 92' lang='lat' dir='ltr'>ut</span> <span class='ocrx_word' id='word_1_321' title='bbox 2125 3545 2405 3609; x_wconf 90' lang='lat' dir='ltr'>insulsus.</span> <span class='ocrx_word' id='word_1_322' title='bbox 2497 3555 2556 3608; x_wconf 90' lang='lat' dir='ltr'>et</span> <span class='ocrx_word' id='word_1_323' title='bbox 2599 3567 2665 3609; x_wconf 90' lang='lat' dir='ltr'>re</span> <span class='ocrx_word' id='word_1_324' title='bbox 2710 3566 2849 3608; x_wconf 86' lang='lat' dir='ltr'>vera</span> <span class='ocrx_word' id='word_1_325' title='bbox 2895 3546 2992 3608; x_wconf 91' lang='lat' dir='ltr'>illa</span> <span class='ocrx_word' id='word_1_326' title='bbox 3039 3566 3175 3626; x_wconf 90' lang='lat' dir='ltr'>pos·</span> <span class='ocrx_word' id='word_1_327' title='bbox 3204 3562 3262 3601; x_wconf 77' lang='lat'>³0</span> <span class='ocrx_word' id='word_1_328' title='bbox 3320 3568 3323 3571; x_wconf 61' lang='grc'>“</span> 
     </span>
     <span class='ocr_line' id='line_1_33' title="bbox 588 3650 3179 3730; baseline -0 -19"><span class='ocrx_word' id='word_1_329' title='bbox 588 3659 726 3712; x_wconf 86' lang='lat' dir='ltr'>sunt</span> <span class='ocrx_word' id='word_1_330' title='bbox 770 3652 885 3712; x_wconf 87' lang='lat' dir='ltr'>dici</span> <span class='ocrx_word' id='word_1_331' title='bbox 931 3659 1236 3729; x_wconf 89' lang='lat' dir='ltr'>corrupta,</span> <span class='ocrx_word' id='word_1_332' title='bbox 1285 3669 1434 3730; x_wconf 88' lang='lat' dir='ltr'>quae</span> <span class='ocrx_word' id='word_1_333' title='bbox 1483 3651 1720 3711; x_wconf 78' lang='lat' dir='ltr'>suerunt</span> <span class='ocrx_word' id='word_1_334' title='bbox 1763 3652 2023 3729; x_wconf 87' lang='lat' dir='ltr'>integra;</span> <span class='ocrx_word' id='word_1_335' title='bbox 2084 3650 2143 3709; x_wconf 92' lang='lat' dir='ltr'>in</span> <span class='ocrx_word' id='word_1_336' title='bbox 2190 3650 2491 3710; x_wconf 90' lang='lat' dir='ltr'>communi</span> <span class='ocrx_word' id='word_1_337' title='bbox 2539 3651 2713 3710; x_wconf 90' lang='lat' dir='ltr'>etiam</span> <span class='ocrx_word' id='word_1_338' title='bbox 2757 3668 3036 3710; x_wconf 83' lang='lat' dir='ltr'>sermone</span> <span class='ocrx_word' id='word_1_339' title='bbox 3093 3651 3179 3711; x_wconf 87' lang='lat' dir='ltr'>sic</span> 
     </span>
     <span class='ocr_line' id='line_1_34' title="bbox 585 3751 3176 3837; baseline -0.001 -24"><span class='ocrx_word' id='word_1_340' title='bbox 585 3752 891 3815; x_wconf 62' lang='lat' dir='ltr'>habemus„</span> <span class='ocrx_word' id='word_1_341' title='bbox 981 3751 1266 3831; x_wconf 88' lang='lat' dir='ltr'>numquid</span> <span class='ocrx_word' id='word_1_342' title='bbox 1321 3771 1636 3837; x_wconf 86' lang='lat' dir='ltr'>possumus</span> <span class='ocrx_word' id='word_1_343' title='bbox 1693 3752 1893 3814; x_wconf 87' lang='lat' dir='ltr'>dicere</span> <span class='ocrx_word' id='word_1_344' title='bbox 1950 3752 2176 3813; x_wconf 90' lang='lat' dir='ltr'>birrum</span> <span class='ocrx_word' id='word_1_345' title='bbox 2234 3760 2582 3832; x_wconf 88' lang='lat' dir='ltr'>corruptum</span> <span class='ocrx_word' id='word_1_346' title='bbox 2643 3771 2801 3821; x_wconf 87' lang='lat' dir='ltr'>esse,</span> <span class='ocrx_word' id='word_1_347' title='bbox 2865 3754 2977 3812; x_wconf 87' lang='lat' dir='ltr'>nisi</span> <span class='ocrx_word' id='word_1_348' title='bbox 3038 3753 3176 3830; x_wconf 89' lang='lat' dir='ltr'>quia</span> 
     </span>
     <span class='ocr_line' id='line_1_35' title="bbox 587 3855 3175 3934; baseline -0.001 -18"><span class='ocrx_word' id='word_1_349' title='bbox 587 3856 700 3916; x_wconf 82' lang='lat' dir='ltr'>suit</span> <span class='ocrx_word' id='word_1_350' title='bbox 742 3855 1008 3934; x_wconf 77' lang='lat' dir='ltr'>integra?</span> <span class='ocrx_word' id='word_1_351' title='bbox 1053 3857 1137 3916; x_wconf 94' lang='lat' dir='ltr'>sic</span> <span class='ocrx_word' id='word_1_352' title='bbox 1183 3855 1358 3915; x_wconf 87' lang='lat' dir='ltr'>etiam</span> <span class='ocrx_word' id='word_1_353' title='bbox 1405 3873 1522 3916; x_wconf 93' lang='lat' dir='ltr'>non</span> <span class='ocrx_word' id='word_1_354' title='bbox 1569 3872 1887 3934; x_wconf 88' lang='lat' dir='ltr'>possumus</span> <span class='ocrx_word' id='word_1_355' title='bbox 1933 3855 2130 3916; x_wconf 88' lang='lat' dir='ltr'>dicere</span> <span class='ocrx_word' id='word_1_356' title='bbox 2175 3862 2375 3933; x_wconf 90' lang='lat' dir='ltr'>partes</span> <span class='ocrx_word' id='word_1_357' title='bbox 2405 3861 2717 3933; x_wconf 89' lang='lat' dir='ltr'>corruptas</span> <span class='ocrx_word' id='word_1_358' title='bbox 2762 3872 2888 3914; x_wconf 86' lang='lat' dir='ltr'>esse</span> <span class='ocrx_word' id='word_1_359' title='bbox 2933 3855 2996 3914; x_wconf 90' lang='lat' dir='ltr'>in</span> <span class='ocrx_word' id='word_1_360' title='bbox 3044 3871 3175 3914; x_wconf 88' lang='lat' dir='ltr'>ora-</span> 
     </span>
    </p>
   </div>
   <div class='ocr_carea' id='block_1_6' title="bbox 582 4038 3179 4882">
    <p class='ocr_par' dir='ltr' id='par_1_7' title="bbox 586 4038 3179 4177">
     <span class='ocr_line' id='line_1_36' title="bbox 725 4038 3176 4109; baseline -0.001 -15"><span class='ocrx_word' id='word_1_361' title='bbox 725 4046 757 4094; x_wconf 83' lang='lat'>5</span> <span class='ocrx_word' id='word_1_362' title='bbox 796 4042 1012 4108; x_wconf 79' lang='lat' dir='ltr'>pluralia</span> <span class='ocrx_word' id='word_1_363' title='bbox 1060 4057 1199 4096; x_wconf 83' lang='lat' dir='ltr'>corr.</span> <span class='ocrx_word' id='word_1_364' title='bbox 1240 4041 1390 4106; x_wconf 88' lang='lat' dir='ltr'>plura</span> <span class='ocrx_word' id='word_1_365' title='bbox 1422 4042 1470 4090; x_wconf 99' lang='lat' dir='ltr'><em>A</em></span> <span class='ocrx_word' id='word_1_366' title='bbox 1614 4040 1647 4092; x_wconf 83' lang='lat'>6</span> <span class='ocrx_word' id='word_1_367' title='bbox 1691 4041 2243 4109; x_wconf 77' lang='lat' dir='ltr'>pluraliSJ&#39;singularis</span> <span class='ocrx_word' id='word_1_368' title='bbox 2274 4041 2441 4093; x_wconf 80' lang='lat' dir='ltr'>ABG</span> <span class='ocrx_word' id='word_1_369' title='bbox 2577 4041 2610 4092; x_wconf 83' lang='lat'>8</span> <span class='ocrx_word' id='word_1_370' title='bbox 2648 4038 2717 4107; x_wconf 82' lang='lat' dir='ltr'>te]</span> <span class='ocrx_word' id='word_1_371' title='bbox 2755 4042 2886 4095; x_wconf 78' lang='lat' dir='ltr'>Stat.</span> <span class='ocrx_word' id='word_1_372' title='bbox 2933 4040 3086 4096; x_wconf 76' lang='lat' dir='ltr'>Theb.</span> <span class='ocrx_word' id='word_1_373' title='bbox 3128 4041 3176 4091; x_wconf 82' lang='lat' dir='ltr'>X</span> 
     </span>
     <span class='ocr_line' id='line_1_37' title="bbox 586 4110 3179 4177; baseline -0.002 -12"><span class='ocrx_word' id='word_1_374' title='bbox 586 4113 688 4165; x_wconf 75' lang='lat'>594</span> <span class='ocrx_word' id='word_1_375' title='bbox 727 4124 773 4163; x_wconf 89' lang='lat' dir='ltr'>te</span> <span class='ocrx_word' id='word_1_376' title='bbox 815 4123 980 4162; x_wconf 85' lang='lat' dir='ltr'>tamen</span> <span class='ocrx_word' id='word_1_377' title='bbox 1020 4111 1229 4171; x_wconf 73' lang='lat' dir='ltr'>infelix,</span> <span class='ocrx_word' id='word_1_378' title='bbox 1270 4112 1459 4177; x_wconf 85' lang='lat' dir='ltr'>inquit,</span> <span class='ocrx_word' id='word_1_379' title='bbox 1499 4113 1823 4177; x_wconf 82' lang='lat' dir='ltr'>perituraque</span> <span class='ocrx_word' id='word_1_380' title='bbox 1861 4112 2033 4162; x_wconf 84' lang='lat' dir='ltr'>Thebe</span> <span class='ocrx_word' id='word_1_381' title='bbox 2177 4113 2239 4163; x_wconf 76' lang='lat'>12</span> <span class='ocrx_word' id='word_1_382' title='bbox 2280 4113 2475 4177; x_wconf 82' lang='lat' dir='ltr'>accepit</span> <span class='ocrx_word' id='word_1_383' title='bbox 2504 4110 2618 4161; x_wconf 87' lang='lat' dir='ltr'>AB</span> <span class='ocrx_word' id='word_1_384' title='bbox 2761 4111 2824 4163; x_wconf 82' lang='lat'>13</span> <span class='ocrx_word' id='word_1_385' title='bbox 2854 4112 2918 4160; x_wconf 87' lang='lat' dir='ltr'>de</span> <span class='ocrx_word' id='word_1_386' title='bbox 2942 4128 3036 4164; x_wconf 85' lang='lat' dir='ltr'>om.</span> <span class='ocrx_word' id='word_1_387' title='bbox 3076 4111 3179 4161; x_wconf 83' lang='lat' dir='ltr'>BC</span> 
     </span>
    </p>

    <p class='ocr_par' dir='ltr' id='par_1_8' title="bbox 582 4179 3177 4882">
     <span class='ocr_line' id='line_1_38' title="bbox 732 4179 3177 4249; baseline -0.002 -16"><span class='ocrx_word' id='word_1_388' title='bbox 732 4185 792 4233; x_wconf 73' lang='lat'>14</span> <span class='ocrx_word' id='word_1_389' title='bbox 831 4184 880 4232; x_wconf 90' lang='lat' dir='ltr'>in</span> <span class='ocrx_word' id='word_1_390' title='bbox 910 4191 1015 4231; x_wconf 82' lang='lat' dir='ltr'>arte</span> <span class='ocrx_word' id='word_1_391' title='bbox 1053 4179 1221 4246; x_wconf 86' lang='lat' dir='ltr'>Probi]</span> <span class='ocrx_word' id='word_1_392' title='bbox 1262 4184 1415 4235; x_wconf 71' lang='lat' dir='ltr'>instit.</span> <span class='ocrx_word' id='word_1_393' title='bbox 1455 4190 1560 4233; x_wconf 76' lang='lat' dir='ltr'>art.</span> <span class='ocrx_word' id='word_1_394' title='bbox 1594 4198 1647 4246; x_wconf 83' lang='lat' dir='ltr'>p.</span> <span class='ocrx_word' id='word_1_395' title='bbox 1678 4182 1766 4245; x_wconf 83' lang='lat'>53,</span> <span class='ocrx_word' id='word_1_396' title='bbox 1808 4182 1871 4233; x_wconf 87' lang='lat'>18</span> <span class='ocrx_word' id='word_1_397' title='bbox 1975 4183 2040 4234; x_wconf 85' lang='lat'>18</span> <span class='ocrx_word' id='word_1_398' title='bbox 2077 4183 2282 4249; x_wconf 82' lang='lat' dir='ltr'>dirupta</span> <span class='ocrx_word' id='word_1_399' title='bbox 2313 4182 2478 4233; x_wconf 83' lang='lat' dir='ltr'>ABG</span> <span class='ocrx_word' id='word_1_400' title='bbox 2507 4183 2740 4246; x_wconf 84' lang='lat' dir='ltr'>disrupta</span> <span class='ocrx_word' id='word_1_401' title='bbox 2775 4198 2810 4231; x_wconf 86' lang='lat' dir='ltr'>a</span> <span class='ocrx_word' id='word_1_402' title='bbox 2843 4181 3023 4236; x_wconf 85' lang='lat' dir='ltr'>diurna</span> <span class='ocrx_word' id='word_1_403' title='bbox 3062 4181 3177 4232; x_wconf 86' lang='lat' dir='ltr'>colu</span> 
     </span>
     <span class='ocr_line' id='line_1_39' title="bbox 585 4252 3176 4317; baseline -0.001 -13"><span class='ocrx_word' id='word_1_404' title='bbox 585 4256 792 4304; x_wconf 80' lang='lat' dir='ltr'>coniecit</span> <span class='ocrx_word' id='word_1_405' title='bbox 830 4252 1215 4306; x_wconf 76' lang='lat' dir='ltr'>Lindemannus.</span> <span class='ocrx_word' id='word_1_406' title='bbox 1277 4254 1375 4302; x_wconf 84' lang='lat' dir='ltr'>duo</span> <span class='ocrx_word' id='word_1_407' title='bbox 1424 4255 1652 4315; x_wconf 74' lang='lat' dir='ltr'>exempla</span> <span class='ocrx_word' id='word_1_408' title='bbox 1698 4253 1764 4302; x_wconf 86' lang='lat' dir='ltr'>ab</span> <span class='ocrx_word' id='word_1_409' title='bbox 1812 4255 1921 4316; x_wconf 70' lang='lat' dir='ltr'>ipso</span> <span class='ocrx_word' id='word_1_410' title='bbox 1957 4255 2280 4317; x_wconf 71' lang='lat' dir='ltr'>¹qrammaticv</span> <span class='ocrx_word' id='word_1_411' title='bbox 2310 4255 2434 4315; x_wconf 79' lang='lat' dir='ltr'>ficta</span> <span class='ocrx_word' id='word_1_412' title='bbox 2476 4252 2705 4302; x_wconf 81' lang='lat' dir='ltr'>videntur</span> <span class='ocrx_word' id='word_1_413' title='bbox 2740 4252 3008 4314; x_wconf 43' lang='lat' dir='ltr'>adst-repta</span> <span class='ocrx_word' id='word_1_414' title='bbox 3046 4267 3176 4311; x_wconf 72' lang='lat' dir='ltr'>esse,</span> 
     </span>
     <span class='ocr_line' id='line_1_40' title="bbox 585 4321 3174 4390; baseline -0.002 -16"><span class='ocrx_word' id='word_1_415' title='bbox 585 4325 699 4374; x_wconf 87' lang='lat' dir='ltr'>colu</span> <span class='ocrx_word' id='word_1_416' title='bbox 738 4333 905 4390; x_wconf 87' lang='lat' dir='ltr'>potest</span> <span class='ocrx_word' id='word_1_417' title='bbox 944 4322 1131 4379; x_wconf 76' lang='lat' dir='ltr'>habere</span> <span class='ocrx_word' id='word_1_418' title='bbox 1171 4321 1507 4385; x_wconf 87' lang='lat' dir='ltr'>intellectum,</span> <span class='ocrx_word' id='word_1_419' title='bbox 1544 4333 1597 4372; x_wconf 88' lang='lat' dir='ltr'>ut</span> <span class='ocrx_word' id='word_1_420' title='bbox 1634 4331 1752 4388; x_wconf 83' lang='lat' dir='ltr'>puta</span> <span class='ocrx_word' id='word_1_421' title='bbox 1794 4325 1837 4373; x_wconf 84' lang='lat' dir='ltr'>si</span> <span class='ocrx_word' id='word_1_422' title='bbox 1880 4324 2020 4372; x_wconf 78' lang='lat' dir='ltr'>dicas</span> <span class='ocrx_word' id='word_1_423' title='bbox 2056 4323 2206 4375; x_wconf 81' lang='lat' dir='ltr'>‘colu</span> <span class='ocrx_word' id='word_1_424' title='bbox 2249 4322 2469 4372; x_wconf 74' lang='lat' dir='ltr'>feminea</span> <span class='ocrx_word' id='word_1_425' title='bbox 2506 4322 2827 4383; x_wconf 83' lang='lat' dir='ltr'>Parcarum’‚</span> <span class='ocrx_word' id='word_1_426' title='bbox 2867 4323 3174 4370; x_wconf 71' lang='lat' dir='ltr'>‘Parcarum</span> 
     </span>
     <span class='ocr_line' id='line_1_41' title="bbox 582 4392 3176 4461; baseline -0.001 -17"><span class='ocrx_word' id='word_1_427' title='bbox 582 4402 826 4461; x_wconf 87' lang='lat' dir='ltr'>pereunte</span> <span class='ocrx_word' id='word_1_428' title='bbox 859 4393 1002 4442; x_wconf 88' lang='lat' dir='ltr'>colu’</span> <span class='ocrx_word' id='word_1_429' title='bbox 1108 4394 1173 4444; x_wconf 84' lang='lat'>22</span> <span class='ocrx_word' id='word_1_430' title='bbox 1202 4392 1517 4444; x_wconf 83' lang='lat' dir='ltr'>consenserit</span> <span class='ocrx_word' id='word_1_431' title='bbox 1555 4395 1597 4445; x_wconf 84' lang='lat'><em>0</em></span> <span class='ocrx_word' id='word_1_432' title='bbox 1733 4393 1896 4442; x_wconf 89' lang='lat' dir='ltr'>colum</span> <span class='ocrx_word' id='word_1_433' title='bbox 1929 4394 2066 4444; x_wconf 83' lang='lat' dir='ltr'>aliud</span> <span class='ocrx_word' id='word_1_434' title='bbox 2108 4405 2183 4445; x_wconf 80' lang='lat' dir='ltr'>est</span> <span class='ocrx_word' id='word_1_435' title='bbox 2219 4393 2383 4444; x_wconf 85' lang='lat' dir='ltr'>ABG</span> <span class='ocrx_word' id='word_1_436' title='bbox 2499 4395 2567 4444; x_wconf 82' lang='lat'>24</span> <span class='ocrx_word' id='word_1_437' title='bbox 2597 4393 2826 4455; x_wconf 76' lang='lat' dir='ltr'>fortasse</span> <span class='ocrx_word' id='word_1_438' title='bbox 2853 4395 3176 4458; x_wconf 80' lang='lat' dir='ltr'>conpositum</span> 
     </span>
     <span class='ocr_line' id='line_1_42' title="bbox 583 4462 3176 4529; baseline -0.002 -14"><span class='ocrx_word' id='word_1_439' title='bbox 583 4481 697 4515; x_wconf 85' lang='lat' dir='ltr'>esse</span> <span class='ocrx_word' id='word_1_440' title='bbox 735 4478 916 4513; x_wconf 86' lang='lat' dir='ltr'>nomen</span> <span class='ocrx_word' id='word_1_441' title='bbox 1094 4465 1161 4515; x_wconf 79' lang='lat'>25</span> <span class='ocrx_word' id='word_1_442' title='bbox 1197 4464 1465 4529; x_wconf 84' lang='lat' dir='ltr'>principali</span> <span class='ocrx_word' id='word_1_443' title='bbox 1497 4479 1631 4514; x_wconf 82' lang='lat' dir='ltr'>corr.</span> <span class='ocrx_word' id='word_1_444' title='bbox 1674 4464 1957 4529; x_wconf 85' lang='lat' dir='ltr'>principale</span> <span class='ocrx_word' id='word_1_445' title='bbox 1987 4464 2036 4513; x_wconf 88' lang='lat' dir='ltr'><em>A</em></span> <span class='ocrx_word' id='word_1_446' title='bbox 2214 4464 2280 4514; x_wconf 83' lang='lat'>26</span> <span class='ocrx_word' id='word_1_447' title='bbox 2317 4472 2364 4512; x_wconf 85' lang='lat' dir='ltr'>et</span> <span class='ocrx_word' id='word_1_448' title='bbox 2401 4463 2534 4527; x_wconf 87' lang='lat' dir='ltr'>qnod</span> <span class='ocrx_word' id='word_1_449' title='bbox 2575 4477 2674 4512; x_wconf 89' lang='lat' dir='ltr'>non</span> <span class='ocrx_word' id='word_1_450' title='bbox 2720 4462 2869 4512; x_wconf 86' lang='lat' dir='ltr'>habet</span> <span class='ocrx_word' id='word_1_451' title='bbox 2906 4478 3176 4512; x_wconf 87' lang='lat' dir='ltr'>commune</span> 
     </span>
     <span class='ocr_line' id='line_1_43' title="bbox 584 4532 3173 4601; baseline -0.001 -18"><span class='ocrx_word' id='word_1_452' title='bbox 584 4552 696 4584; x_wconf 82' lang='lat' dir='ltr'>cum</span> <span class='ocrx_word' id='word_1_453' title='bbox 727 4533 1009 4601; x_wconf 87' lang='lat' dir='ltr'>principale</span> <span class='ocrx_word' id='word_1_454' title='bbox 1041 4549 1154 4583; x_wconf 87' lang='lat' dir='ltr'>cum</span> <span class='ocrx_word' id='word_1_455' title='bbox 1205 4532 1437 4583; x_wconf 86' lang='lat' dir='ltr'>ethoemo</span> <span class='ocrx_word' id='word_1_456' title='bbox 1479 4535 1529 4584; x_wconf 89' lang='lat' dir='ltr'><em>B</em></span> <span class='ocrx_word' id='word_1_457' title='bbox 1575 4543 1623 4584; x_wconf 86' lang='lat' dir='ltr'>et</span> <span class='ocrx_word' id='word_1_458' title='bbox 1664 4536 1800 4598; x_wconf 91' lang='lat' dir='ltr'>quod</span> <span class='ocrx_word' id='word_1_459' title='bbox 1841 4549 1940 4584; x_wconf 91' lang='lat' dir='ltr'>non</span> <span class='ocrx_word' id='word_1_460' title='bbox 1980 4535 2130 4584; x_wconf 85' lang='lat' dir='ltr'>habet</span> <span class='ocrx_word' id='word_1_461' title='bbox 2166 4548 2431 4584; x_wconf 88' lang='lat' dir='ltr'>commuue</span> <span class='ocrx_word' id='word_1_462' title='bbox 2467 4532 2748 4599; x_wconf 84' lang='lat' dir='ltr'>principale</span> <span class='ocrx_word' id='word_1_463' title='bbox 2789 4548 2902 4582; x_wconf 86' lang='lat' dir='ltr'>cum</span> <span class='ocrx_word' id='word_1_464' title='bbox 2940 4533 3173 4582; x_wconf 82' lang='lat' dir='ltr'>aethemo</span> 
     </span>
     <span class='ocr_line' id='line_1_44' title="bbox 586 4601 3172 4670; baseline -0 -14"><span class='ocrx_word' id='word_1_465' title='bbox 586 4606 628 4656; x_wconf 86' lang='lat' dir='ltr'><em>C</em></span> <span class='ocrx_word' id='word_1_466' title='bbox 660 4621 772 4655; x_wconf 87' lang='lat' dir='ltr'>eum</span> <span class='ocrx_word' id='word_1_467' title='bbox 812 4614 1008 4654; x_wconf 87' lang='lat' dir='ltr'>etoemo</span> <span class='ocrx_word' id='word_1_468' title='bbox 1040 4603 1097 4655; x_wconf 19' lang='lat' dir='ltr'>,A</span> <span class='ocrx_word' id='word_1_469' title='bbox 1133 4614 1181 4654; x_wconf 88' lang='lat' dir='ltr'>et</span> <span class='ocrx_word' id='word_1_470' title='bbox 1220 4603 1354 4667; x_wconf 88' lang='lat' dir='ltr'>quod</span> <span class='ocrx_word' id='word_1_471' title='bbox 1392 4618 1493 4653; x_wconf 88' lang='lat' dir='ltr'>non</span> <span class='ocrx_word' id='word_1_472' title='bbox 1528 4603 1680 4655; x_wconf 83' lang='lat' dir='ltr'>habet</span> <span class='ocrx_word' id='word_1_473' title='bbox 1713 4620 1945 4655; x_wconf 87' lang='lat' dir='ltr'>commun</span> <span class='ocrx_word' id='word_1_474' title='bbox 1973 4647 1984 4659; x_wconf 84' lang='lat'><strong>.</strong></span> <span class='ocrx_word' id='word_1_475' title='bbox 2014 4648 2024 4658; x_wconf 86' lang='lat'>,</span> <span class='ocrx_word' id='word_1_476' title='bbox 2056 4646 2068 4659; x_wconf 85' lang='lat'>,</span> <span class='ocrx_word' id='word_1_477' title='bbox 2107 4608 2398 4667; x_wconf 84' lang='lat' dir='ltr'>(commune</span> <span class='ocrx_word' id='word_1_478' title='bbox 2436 4618 2552 4653; x_wconf 88' lang='lat' dir='ltr'>cum</span> <span class='ocrx_word' id='word_1_479' title='bbox 2591 4601 2684 4667; x_wconf 55' lang='lat'>2¹³)</span> <span class='ocrx_word' id='word_1_480' title='bbox 2724 4604 3007 4670; x_wconf 77' lang='lat' dir='ltr'>principale</span> <span class='ocrx_word' id='word_1_481' title='bbox 3046 4604 3172 4656; x_wconf 82' lang='lat' dir='ltr'>add.</span> 
     </span>
     <span class='ocr_line' id='line_1_45' title="bbox 582 4673 3175 4742; baseline -0.001 -18"><span class='ocrx_word' id='word_1_482' title='bbox 582 4693 615 4724; x_wconf 81' lang='grc' dir='ltr'>ιι</span> <span class='ocrx_word' id='word_1_483' title='bbox 755 4674 824 4725; x_wconf 83' lang='grc'>28</span> <span class='ocrx_word' id='word_1_484' title='bbox 855 4673 953 4723; x_wconf 87' lang='lat' dir='ltr'>alie</span> <span class='ocrx_word' id='word_1_485' title='bbox 988 4676 1037 4723; x_wconf 81' lang='lat' dir='ltr'>in</span> <span class='ocrx_word' id='word_1_486' title='bbox 1071 4677 1226 4724; x_wconf 79' lang='lat' dir='ltr'>litura</span> <span class='ocrx_word' id='word_1_487' title='bbox 1260 4675 1343 4726; x_wconf 82' lang='lat' dir='ltr'>A:</span> <span class='ocrx_word' id='word_1_488' title='bbox 1379 4676 1519 4724; x_wconf 85' lang='lat' dir='ltr'>uarie</span> <span class='ocrx_word' id='word_1_489' title='bbox 1563 4677 1642 4725; x_wconf 81' lang='lat' dir='ltr'>vel</span> <span class='ocrx_word' id='word_1_490' title='bbox 1676 4685 1729 4723; x_wconf 85' lang='lat' dir='ltr'>ut</span> <span class='ocrx_word' id='word_1_491' title='bbox 1769 4683 1888 4742; x_wconf 85' lang='lat' dir='ltr'>puta</span> <span class='ocrx_word' id='word_1_492' title='bbox 1926 4678 2035 4725; x_wconf 72' lang='lat' dir='ltr'>olim</span> <span class='ocrx_word' id='word_1_493' title='bbox 2067 4677 2304 4738; x_wconf 77' lang='lat' dir='ltr'>scriptum</span> <span class='ocrx_word' id='word_1_494' title='bbox 2336 4675 2500 4735; x_wconf 75' lang='lat' dir='ltr'>fuisse</span> <span class='ocrx_word' id='word_1_495' title='bbox 2528 4674 2725 4724; x_wconf 74' lang='lat' dir='ltr'>videtur</span> <span class='ocrx_word' id='word_1_496' title='bbox 2864 4690 2928 4723; x_wconf 83' lang='lat' dir='ltr'>ex</span> <span class='ocrx_word' id='word_1_497' title='bbox 2974 4675 3175 4724; x_wconf 79' lang='lat' dir='ltr'>duobus</span> 
     </span>
     <span class='ocr_line' id='line_1_46' title="bbox 582 4741 3175 4812; baseline 0 -19"><span class='ocrx_word' id='word_1_498' title='bbox 582 4746 797 4811; x_wconf 82' lang='lat' dir='ltr'>integris</span> <span class='ocrx_word' id='word_1_499' title='bbox 834 4741 900 4795; x_wconf 79' lang='lat' dir='ltr'>a*</span> <span class='ocrx_word' id='word_1_500' title='bbox 937 4759 1001 4793; x_wconf 85' lang='lat' dir='ltr'>ex</span> <span class='ocrx_word' id='word_1_501' title='bbox 1035 4746 1233 4794; x_wconf 80' lang='lat' dir='ltr'>duabus</span> <span class='ocrx_word' id='word_1_502' title='bbox 1270 4746 1478 4812; x_wconf 81' lang='lat' dir='ltr'>integris</span> <span class='ocrx_word' id='word_1_503' title='bbox 1515 4747 1743 4812; x_wconf 85' lang='lat' dir='ltr'>partibus</span> <span class='ocrx_word' id='word_1_504' title='bbox 1780 4744 1950 4795; x_wconf 85' lang='lat' dir='ltr'>ABG</span> <span class='ocrx_word' id='word_1_505' title='bbox 2088 4745 2156 4796; x_wconf 78' lang='lat'>29</span> <span class='ocrx_word' id='word_1_506' title='bbox 2195 4744 2519 4794; x_wconf 83' lang='lat' dir='ltr'>suburbanus</span> <span class='ocrx_word' id='word_1_507' title='bbox 2554 4744 2663 4796; x_wconf 84' lang='lat' dir='ltr'>BG</span> <span class='ocrx_word' id='word_1_508' title='bbox 2795 4741 2865 4793; x_wconf 82' lang='lat'>30</span> <span class='ocrx_word' id='word_1_509' title='bbox 2897 4746 3175 4812; x_wconf 78' lang='lat' dir='ltr'>nugigero-</span> 
     </span>
     <span class='ocr_line' id='line_1_47' title="bbox 582 4813 2839 4882; baseline -0.001 -18"><span class='ocrx_word' id='word_1_510' title='bbox 582 4815 660 4864; x_wconf 83' lang='lat' dir='ltr'>lus</span> <span class='ocrx_word' id='word_1_511' title='bbox 699 4816 801 4864; x_wconf 79' lang='lat' dir='ltr'>AC</span> <span class='ocrx_word' id='word_1_512' title='bbox 940 4813 1004 4865; x_wconf 85' lang='lat'>31</span> <span class='ocrx_word' id='word_1_513' title='bbox 1044 4813 1266 4882; x_wconf 77' lang='lat' dir='ltr'>suerunt]</span> <span class='ocrx_word' id='word_1_514' title='bbox 1304 4824 1421 4866; x_wconf 87' lang='lat' dir='ltr'>sunt</span> <span class='ocrx_word' id='word_1_515' title='bbox 1455 4815 1616 4866; x_wconf 76' lang='lat' dir='ltr'>ABG</span> <span class='ocrx_word' id='word_1_516' title='bbox 1754 4814 1823 4867; x_wconf 85' lang='lat'>32</span> <span class='ocrx_word' id='word_1_517' title='bbox 1849 4818 2077 4881; x_wconf 78' lang='lat' dir='ltr'>sortasse</span> <span class='ocrx_word' id='word_1_518' title='bbox 2107 4814 2362 4882; x_wconf 76' lang='lat' dir='ltr'>myrrham</span> <span class='ocrx_word' id='word_1_519' title='bbox 2403 4823 2690 4879; x_wconf 81' lang='lat' dir='ltr'>corruptam</span> <span class='ocrx_word' id='word_1_520' title='bbox 2725 4828 2839 4864; x_wconf 80' lang='lat' dir='ltr'>esse</span> 
     </span>
    </p>
   </div>
  </div>
 </body>
</html>
