3541 5564
1637 390 1779 454 ARS
2920 378 2999 446 15

2612 505 2656 547 p.
2687 493 2800 535 1867.
2830 494 2881 534 68
2905 491 2952 532 Ρ.

416 582 571 641 linita
617 579 912 642 absentes,
1004 578 1121 640 hoc
1164 598 1492 660 pronomen
1538 582 1598 641 in
1644 583 1843 661 ipsum
1888 581 2095 649 mittit,
2144 596 2263 640 non
2307 578 2370 637 in
2415 575 2618 657 ipsud,
2666 592 2781 654 quo
2827 573 3003 634 modo

413 682 553 744 illud
600 690 659 743 et
701 682 871 744 istud.
950 699 1084 742 nam
1130 683 1214 743 sic
1247 681 1533 760 Vergilius
1579 682 1756 751 dixit,
1805 680 2072 760 ‘adque
2116 682 2136 739 i
2152 682 2413 760 psum’,
2460 696 2579 739 non
2626 696 2734 757 per
2778 676 2869 737 d'.
2927 711 2994 719 —

415 784 596 844 Item
641 782 1081 845 articulare:
1140 783 1450 845 articulare
1494 784 1630 845 ideo
1675 783 1905 856 dicitur,
1954 784 2086 861 quia
2134 781 2363 843 articuli
2408 781 2588 841 huius
2632 779 3004 858 pronominis
3029 784 3146 846 357,
3173 783 3240 833 35

415 885 750 948 nominibus
796 887 1258 963 coniunguntur.
1350 905 1486 947 nam
1534 887 1688 946 inter
1732 884 2012 947 articulos
2058 892 2117 944 et
2161 884 2513 964 pronomina
2561 881 2676 941 lnoc
2719 882 2999 942 interest:

363 1010 388 1048 5
415 990 760 1066 pronomina
805 986 927 1049 sola
974 985 1375 1057 declinantur,
1417 987 1648 1048 articuli
1690 989 1877 1049 iuncti
1913 990 1924 1061 1
1964 986 2332 1053 nominibus,
2381 992 2448 1046 ut
2475 983 2572 1046 hic
2616 985 2897 1062 magister
2944 990 3003 1043 et

411 1089 556 1149 haec
590 1090 780 1151 Musa:
829 1098 1027 1171 potest
1058 1091 1251 1158 etiam,
1285 1090 1337 1151 si
1383 1091 1607 1150 nomini
1653 1104 1772 1151 non
1819 1091 2111 1168 iungitur,
2159 1087 2413 1168 aliquem
2463 1085 2902 1154 demonstrare,
2935 1091 3004 1146 ut

409 1193 458 1250 si
488 1190 649 1252 dicas
681 1191 699 1222 ‘
719 1190 815 1252 hic
843 1196 986 1252 est'.
1027 1226 1097 1234 —
1146 1190 1310 1251 Hic:
1357 1191 1472 1252 hoc
1502 1210 1837 1271 pronomen
1869 1192 2008 1253 dum
2040 1198 2382 1269 correptum
2414 1189 2621 1257 fuerit,
2669 1204 3000 1268 pronomen

413 1300 526 1363 est,
572 1293 714 1354 dum
760 1293 1146 1374 productum,
1196 1293 1542 1355 adverbium
1591 1304 1698 1355 est.
1789 1294 1926 1355 ideo
1984 1291 2300 1355 articulare
2346 1291 2809 1372 praepositivum
2857 1289 3030 1350 dici„

410 1403 533 1464 tur,
596 1397 732 1475 quia
789 1397 1176 1476 praeponitur
1234 1396 1476 1456 nomini.
1571 1396 1713 1458 dum
1770 1396 1903 1457 dico
1960 1396 2056 1456 hic
2112 1395 2418 1473 magister,
2477 1394 2855 1473 praepositus
2917 1399 3006 1452 est

344 1520 388 1557 ιο
414 1497 697 1559 articulus
742 1499 985 1558 nomini.
1034 1533 1116 1542 —-
1163 1495 1291 1558 Vel
1335 1495 2033 1559 demonstrativum:
2083 1497 2605 1557 demonstrativum
2652 1494 2817 1564 ideo,
2866 1494 3003 1575 quia

411 1600 679 1661 videmur
710 1599 1152 1669 demonstrare,
1201 1598 1343 1659 dum
1386 1599 1638 1661 dicimus
1684 1600 1820 1661 ‘hic
1851 1604 1997 1668 est',
2046 1607 2111 1660 ut
2141 1596 2434 1676 Vergilius
2479 1597 2635 1657 ‘bic
2681 1604 2819 1665 est,
2868 1595 3005 1657 tibi

411 1721 621 1782 quem
665 1703 1009 1780 promitti
1055 1702 1355 1782 saepius
1400 1702 1662 1763 audis’.
1718 1736 1788 1746 —-
1834 1697 1863 1785 ss
1913 1701 2165 1761 Huius:
2213 1719 2354 1760 sane
2400 1698 2722 1761 notandum
2767 1699 2992 1776 geneti-
3021 1702 3087 1751 36

411 1823 542 1864 vum
588 1821 964 1865 communem
1020 1822 1151 1864 esse
1209 1810 1327 1863 tam
1386 1803 1707 1864 masculino
1752 1821 1927 1883 quam
1972 1804 2257 1863 feminino
2305 1800 2395 1862 vel
2440 1808 2672 1862 neutro.
2749 1799 3002 1861 dicimus

412 1908 567 1967 enim
613 1906 788 1966 huius
834 1906 946 1966 viri
992 1913 1049 1966 et
1092 1906 1272 1968 huius
1317 1886 1587 1967 m'ulieris
1632 1915 1691 1967 et
1732 1905 1912 1967 huius
1956 1906 2201 1966 scamni.
2255 1939 2330 1948 -—
2391 1903 2993 1964 Subiunctivum:
3023 1905 3138 1968 358,
3166 1907 3199 1957 3

341 2026 388 2066 15
415 2008 850 2070 Subiunctivum
884 2007 1103 2068 dictum
1139 2016 1229 2069 est
1258 2017 1359 2070 aut
1400 2008 1742 2078 relativum,
1793 2007 1947 2085 quod
1981 2005 2358 2085 subiungitur
2389 2014 2489 2067 aut
2519 2006 2797 2067 refertur.
2866 2023 3004 2066 nam

408 2113 519 2171 ista
564 2112 917 2190 pronomina
962 2110 1377 2172 articularibus
1416 2116 1425 2191 Ι
1468 2110 1876 2191 praepositivis
1923 2108 2190 2171 subiecta
2234 2115 2388 2169 sunt.
2458 2126 2591 2168 nam
2639 2126 2774 2169 cum
2819 2106 3003 2168 verbo

408 2222 583 2275 tenus
625 2215 1059 2289 interrogamus
1105 2213 1236 2274 ‘hic
1277 2219 1363 2274 est
1408 2214 1785 2291 magister?’,
1833 2211 2163 2292 respondes
2206 2212 2274 2273 is.
2325 2229 2461 2272 nam
2518 2212 2567 2271 si
2621 2209 2718 2270 hic
2758 2209 3000 2285 dixeriS,

410 2316 684 2376 vitiosum
719 2321 826 2375 est.
880 2348 949 2358 —
1003 2313 1206 2376 Eius:
1256 2314 1578 2376 notandum
1613 2314 1767 2392 quod
1801 2315 2108 2393 genetivus
2139 2306 2414 2374 omnibus
2448 2312 2635 2373 tribus
2678 2311 3004 2392 generibus

411 2418 739 2477 communis
771 2422 877 2477 est.
932 2450 1000 2460 —
1051 2420 1096 2479 Α
1140 2437 1279 2496 quo
1321 2416 1431 2477 vel
1476 2435 1506 2476 a
1552 2418 1701 2496 qui:
1749 2415 2034 2477 ablativus
2065 2414 2382 2495 singularis
2414 2414 2630 2495 duplex
2666 2423 2785 2485 est,
2834 2415 3057 2476 cuius8

338 2538 386 2578 20
412 2519 547 2580 talis
591 2526 681 2580 est
718 2517 953 2598 regula,
1016 2536 1131 2596 qua
1174 2527 1232 2580 et
1274 2519 1588 2581 ablativum
1632 2517 1922 2599 pluralem
1967 2516 2260 2598 duplicem
2304 2537 2335 2579 a
2378 2520 2509 2598 quis
2556 2517 2644 2579 vel
2690 2537 2722 2578 a
2768 2516 3032 2598 quibus„

409 2623 561 2683 sicut
604 2642 634 2683 a
681 2621 855 2683 docto
900 2621 1118 2689 doctis;
1163 2621 1237 2682 ab
1281 2641 1350 2683 eo
1382 2622 1537 2701 quod
1574 2632 1665 2682 est
1705 2640 1735 2681 a
1769 2622 1872 2700 qui
1913 2621 2111 2681 facita
2145 2619 2390 2699 quibus,
2437 2621 2591 2680 sicut
2619 2639 2651 2681 a
2681 2619 2865 2680 nobili
2896 2638 3002 2679 no·

410 2722 644 2785 bilibus.
684 2759 753 2767 —
806 2723 1015 2795 Quis:
1065 2725 1460 2786 nominativus
1505 2723 1721 2803 duplex
1744 2731 1844 2784 est
1887 2724 1998 2784 iste
2044 2721 2379 2801 singularis,
2443 2721 2695 2782 dicimus
2740 2722 2896 2781 enim
2945 2727 3005 2781 et

412 2828 616 2906 ‘quis’
666 2833 723 2887 et
764 2827 899 2906 ‘qui
947 2829 1091 2886 est'.
1182 2828 1286 2888 sed
1334 2829 1435 2907 qui
1481 2827 1816 2888 communis
1862 2827 2097 2886 numeri
2143 2831 2263 2894 est,
2321 2825 2453 2903 quis
2506 2825 2840 2885 communis
2885 2842 3002 2884 non

413 2935 518 2989 est.
609 2947 760 3008 quae
817 2930 1150 2990 communis
1205 2930 1439 2990 numeri
1495 2936 1615 2997 est,
1678 2937 1740 2988 ut
1795 2946 1948 3007 quae
2002 2926 2217 2988 mulier
2274 2935 2333 2987 et
2375 2945 2525 3006 quae
2571 2925 2866 2987 mulieres,
2923 2961 2990 2969 —
3027 2932 3088 2981 13

337 3050 387 3087 25
415 3030 597 3091 Item
643 3031 1110 3110 possessiva:
1160 3032 1493 3110 possessiva
1540 3030 1724 3100 dicta,
1775 3032 1907 3109 quia
1955 3028 2260 3109 possident
2304 3027 2548 3096 nomenj
2619 3028 2779 3088 tinita
2824 3028 2998 3098 dicta,

413 3135 545 3211 quia
593 3135 963 3212 personativa
1009 3140 1195 3193 sunt.‘
1228 3131 1444 3193 borum
1490 3134 1915 3212 pronominum
1947 3138 2224 3211 quattuor
2266 3128 2453 3191 latera
2499 3137 2662 3190 sunt:
2711 3138 2811 3190 aut
2843 3137 2998 3190 utra·

412 3254 523 3313 que
562 3237 572 3309 1
612 3235 889 3315 pluralia,
938 3243 1004 3297 ut
1047 3236 1263 3302 nostri:
1311 3243 1413 3294 aut
1457 3241 1710 3314 utraque
1757 3233 2096 3312 singularia,
2146 3241 2212 3294 ut
2255 3249 2453 3299 meus;
2503 3239 2601 3292 aut
2645 3233 3001 3293 intrinsecus

348 3348 360 3360 ·
408 3336 633 3416 plurale
682 3346 740 3397 et
784 3340 1155 3416 estrinsecus
1202 3337 1521 3415 singulare,
1562 3346 1623 3397 ut
1654 3344 1878 3404 vester;
1927 3343 2028 3396 aut
2074 3335 2433 3395 intrinsecus
2478 3334 2776 3412 singulare
2809 3342 2868 3395 et
2899 3354 3000 3396 ex-

413 3440 708 3500 trinsecus
765 3437 1021 3519 plurale,
1083 3447 1148 3501 ut
1201 3441 1336 3500 mei.
1433 3436 1565 3518 [aut
1609 3457 1680 3498 ex
1739 3445 1992 3516 utraque
2046 3443 2214 3516 parte
2260 3438 2615 3516 possessiva,
2665 3436 2737 3496 ad
2783 3436 3001 3516 aliquid

336 3558 387 3598 :so
414 3559 476 3601 se
509 3539 817 3610 habentia,
850 3538 1102 3620 plurale,
1139 3548 1198 3602 ut
1230 3542 1451 3610 nostri,
1484 3543 1814 3615 sinqulare.
1848 3548 1911 3599 ut
1941 3557 2106 3599 meus
2137 3536 2378 3618 codex.]
2415 3573 2489 3581 —
2523 3538 2687 3599 inter
2731 3547 3002 3600 nostrum

413 3649 472 3702 et
515 3649 857 3703 nostrorum
903 3643 1017 3703 hoc
1063 3645 1336 3703 interest:
1387 3652 1651 3703 nostrum
1700 3642 1775 3702 de
1821 3640 1993 3702 nobis
2036 3641 2211 3720 ipsis,
2259 3650 2602 3702 nostrorum
2636 3641 2710 3701 (le
2749 3640 3002 3702 bomini·

411 3743 521 3805 bns
567 3746 803 3805 nostris,
894 3745 980 3805 sic
1029 3752 1086 3804 et
1130 3753 1390 3806 vestrum
1438 3752 1497 3805 et
1543 3752 1892 3805 vestrorum.

552 3983 1204 4035 Cod.Bern.113—4*.
1346 3984 1371 4034 1
1433 4000 1529 4035 non
1598 3987 1646 4033 iu
1707 3985 1847 4048 ipsut
1905 3984 2161 4047 quomodo
2216 3983 2327 4032 illut
2382 3991 2430 4032 et
2485 3984 2607 4034 istut
2656 3999 2792 4054 corr.
2851 3985 3004 4050 ipsud

410 4078 475 4090 -
515 4054 641 4103 illud
670 4081 739 4091 —
775 4054 910 4104 istud
1019 4056 1051 4104 2
1079 4054 1214 4103 sicut
1318 4070 1407 4119 per
1435 4051 1491 4119 d]
1537 4055 1717 4120 perdat
1823 4054 1855 4105 3
1893 4055 1988 4104 iter
2023 4053 2344 4120 articulatam
2382 4055 2596 4104 articula
2626 4055 2742 4105 ideo
2772 4047 3006 4104 dicuntur

412 4125 532 4188 qnia
570 4124 781 4173 articula
823 4125 975 4172 huius
1014 4123 1327 4188 pronominis
1357 4125 1744 4189 pronominibus
1775 4126 2157 4190 coniunguntur
2294 4126 2325 4174 7
2363 4123 2498 4173 dicat
2533 4123 2618 4172 hic
2655 4124 2738 4174 hio
2773 4122 2870 4174 hoc

410 4200 442 4245 8
480 4196 764 4243 articularis
800 4195 1131 4260 praepositiO,
1169 4201 1224 4243 ut
1256 4196 1466 4254 videtur,
1502 4209 1639 4248 corr.
1667 4195 1817 4244 -tium
1962 4195 2027 4245 10
2060 4193 2488 4244 demonstratiuus
2526 4193 2641 4244 ideo
2786 4195 2849 4245 12
2887 4209 3004 4260 pro·

411 4265 567 4314 mittis
710 4265 1008 4330 genetiuum
1037 4280 1186 4314 omne
1223 4272 1336 4315 esse
1374 4280 1404 4313 a
1439 4265 1718 4314 masculino
1754 4281 1905 4328 qnam
1941 4281 1971 4314 a
2006 4265 2250 4314 feminino
2394 4264 2455 4313 15
2482 4264 2806 4331 subiungitur
2843 4275 2891 4314 et
2927 4280 3006 4314 re·

413 4334 579 4384 fertur
728 4336 788 4385 17
829 4332 895 4398 is]
929 4334 1011 4384 his
1111 4336 1296 4385 dixerit
1441 4334 1503 4385 19
1540 4332 1846 4402 communis]
1889 4336 2052 4386 omnis
2192 4334 2253 4383 21
2299 4333 2361 4382 ab
2396 4331 2478 4399 eo]
2517 4334 2680 4384 habeo
2822 4335 2886 4385 27
2921 4345 3006 4384 aut

412 4406 731 4455 extrinsecus
777 4402 942 4468 (corr.
992 4405 1317 4465 intrinsecus)
1361 4404 1621 4471 singulare
1671 4417 1757 4455 aut
1810 4420 1857 4456 et
1908 4417 2229 4457 extrinsecus
2277 4404 2472 4469 plurale
2508 4413 2563 4454 ut
2601 4406 2697 4454 mei
2839 4406 2906 4456 29
2941 4406 3004 4455 ad

412 4475 591 4538 aliquit
624 4490 682 4525 se
720 4475 923 4524 abentia
1065 4474 1134 4525 30
1170 4475 1431 4542 singulare
1463 4490 1555 4529 om.
1701 4477 1759 4529 31
1803 4486 2034 4527 nostrum
2068 4475 2132 4528 de
2163 4474 2452 4524 hominibus

551 4684 583 4730 2
628 4680 909 4748 Vergilius]
956 4684 1082 4732 Aen.
1124 4684 1138 4730 1
1176 4681 1279 4733 486
1315 4692 1468 4745 utque
1506 4683 1671 4747 ipsum
1701 4698 1885 4750 corpus
1924 4684 2072 4732 amici
2217 4684 2276 4733 11
2312 4679 2592 4747 Vergilius]
2630 4681 2760 4732 Aen.
2800 4681 2864 4732 Vl
2907 4682 3006 4733 793

560 4753 625 4803 12
659 4755 939 4817 genuinum
979 4768 1296 4802 communem
1337 4767 1451 4801 esse
1488 4761 1587 4801 tam
1624 4755 1902 4803 masculino
1938 4769 2087 4816 quam
2121 4752 2362 4803 feminino
2398 4753 2663 4803 Pueselaius
2772 4754 2835 4805 19
2871 4769 3007 4803 com·

416 4823 586 4871 munis
624 4831 701 4872 est
739 4821 981 4887 Hayenus
1116 4823 1347 4884 fortasse
1383 4822 1527 4871 cuius
1564 4822 1679 4872 talis
1713 4834 1790 4873 est
1826 4825 2031 4889 regula,
2067 4838 2194 4887 quae
2228 4835 2277 4873 et
2313 4823 2587 4873 ablativum
2628 4823 2872 4888 pluralem
2911 4824 3005 4874 du·

416 4893 603 4960 plicem
644 4891 782 4956 facit,
813 4908 843 4940 a
881 4893 996 4956 quis
1033 4892 1109 4941 vel
1148 4909 1176 4941 a
1215 4892 1417 4957 quibus.
1476 4893 1538 4941 ab
1576 4908 1636 4941 eo
1674 4893 1808 4957 quod
1846 4902 1924 4945 est
1957 4908 1988 4942 a
2026 4909 2126 4955 quo
2162 4893 2282 4943 facit
2318 4894 2453 4958 quis,
2489 4894 2623 4943 sicut
2657 4908 2685 4943 a
2720 4895 2871 4944 docto
2908 4901 3004 4947 etc.
