3541 5564
476 321 602 388 272
1612 330 1919 392 POMPEI!

527 447 570 488 p.
598 436 776 476 aaa-95
802 433 847 475 L.
1334 484 1340 492 ‚

477 513 814 592 loquellaris
847 522 951 583 cst,
978 522 1041 574 ut
1070 524 1208 575 sunt
1235 514 1370 576 illae
1400 533 1523 585 sex,
1550 535 1664 577 con
1696 517 1756 578 di
1787 518 1879 579 dis
1908 537 1977 579 re
2007 537 2069 580 se
2093 537 2206 581 am.
2241 520 2502 599 exceptis
2528 519 2647 582 illis
2669 539 2771 582 sex
2794 521 3062 602 reliquae

477 634 684 678 omues
727 614 990 677 casuales
1020 623 1175 676 sunt.
1229 625 1541 697 praeterea
1570 619 1716 680 istae
1745 620 1914 699 ipsae
1944 620 2235 691 casuales,
2278 620 2339 680 id
2372 631 2461 709 est
2489 641 2639 702 quae
2668 623 2906 685 casibus
2934 643 3060 686 ser·

474 719 666 787 viunt,
714 717 866 780 hanc
911 716 1132 779 habent
1174 725 1472 789 naturam,
1519 730 1585 781 ut
1628 720 1946 801 aliquando
1985 724 2213 803 possint
2252 723 2605 794 cohaerere;
2650 733 2790 786 sunt
2830 724 3062 805 aliquae

273 830 395 894 420,
418 831 450 877 4
478 837 630 898 quae
662 838 982 900 numquam
1012 829 1263 901 possunt
1291 821 1632 883 cohaerere.
1665 842 1904 904 semper
1934 825 2256 888 cohaerent
2273 823 2410 886 illae
2432 828 2920 906 praepositiones,
2945 846 3059 888 con

475 921 535 982 di
587 922 680 983 dis
723 941 791 983 re
835 942 899 984 se
931 941 1057 983 am:
1104 942 1426 1004 numquam
1461 929 1619 986 enim
1651 927 2030 989 inveniuntur
2072 937 2433 1007 segregatae.
2481 932 2562 991 ita
2602 929 2871 1000 dicimus,
2915 949 3056 991 con·
3086 943 3112 982 ⁵

473 1023 646 1085 duco.
696 1024 980 1104 numquid
1012 1043 1251 1105 possum
1283 1026 1482 1088 dicere
1528 1032 1666 1088 ‘con
1699 1026 1896 1099 duco’,
1944 1036 2010 1089 ut
2035 1031 2156 1089 sint
2184 1028 2337 1092 duae
2368 1033 2608 1111 partes?
2639 1032 2799 1093 unde
2828 1031 3058 1093 intelle-

472 1128 703 1205 gimus?
750 1128 1029 1208 quoniam
1075 1146 1193 1207 non
1240 1147 1480 1207 possum
1526 1131 1911 1209 interponere
1960 1133 2215 1208 aliquid.
2279 1132 2546 1214 reliquae
2592 1137 3062 1214 praepositiones

471 1230 606 1290 ideo
636 1237 884 1309 apparet
926 1230 1202 1309 quoniam
1247 1238 1497 1310 possunt
1527 1233 1848 1311 segregari,
1897 1233 2176 1312 quoniam
2206 1237 2501 1315 recipiunt
2541 1235 2707 1297 verbi
2738 1238 3057 1317 interposi-

471 1332 714 1393 tionem.
761 1340 902 1411 puta
933 1331 1111 1411 ‘apud
1142 1334 1451 1394 amicum’:
1485 1335 1825 1413 interpono,
1858 1335 1907 1395 si
1940 1334 2088 1405 volo,
2120 1337 2315 1417 ‘apud
2343 1336 2507 1399 illum
2541 1340 2842 1408 amicum',
2877 1338 3058 1419 ‘apud

470 1442 529 1494 te
560 1436 868 1503 amicum';
901 1452 1040 1494 ecce
1071 1435 1400 1514 interposui
1442 1443 1672 1515 partem
1719 1437 2018 1497 orationis.
2078 1439 2140 1498 in
2185 1437 2301 1499 illis
2345 1439 2888 1519 praepositionibus
2934 1459 3052 1501 non
3082 1457 3132 1495 10

469 1554 709 1616 possum
755 1536 986 1598 facere:
1034 1537 1083 1597 si
1128 1536 1289 1597 dicas
1331 1539 1575 1618 recipio,
1624 1557 1745 1598 non
1790 1556 2031 1619 possum
2064 1537 2265 1602 dicere
2309 1545 2413 1602 ‘re
2444 1540 2607 1603 illum
2643 1543 2864 1622 cipio’;
2911 1560 3053 1602 con-

470 1639 641 1709 duco,
688 1657 808 1700 non
854 1657 1095 1718 possum
1141 1638 1340 1700 dicere
1385 1645 1534 1701 ‘con
1580 1639 1688 1701 tibi
1733 1641 1953 1712 duco’;
1999 1641 2238 1711 secubo,
2285 1661 2404 1705 non
2435 1663 2675 1724 possum
2720 1643 2919 1704 dicere
2963 1648 3051 1703 ‘se

469 1742 542 1804 ab
586 1741 689 1802 illo
735 1741 890 1803 cubo
906 1743 946 1802 '.
1038 1742 1176 1820 quia
1221 1756 1340 1803 non
1385 1750 1581 1822 potest
1625 1743 1927 1823 interponi
1972 1742 2222 1825 aliquid,
2288 1744 2429 1807 hinc
2472 1752 2719 1826 apparet
2772 1746 3048 1826 quoniam

470 1844 1090 1925 sempercohaerent.
1182 1862 1323 1923 ergo
1368 1854 1504 1905 sunt
1554 1845 1562 1924 Ι
1608 1847 2082 1925 praepositiones
2125 1865 2363 1926 semper
2413 1847 2818 1910 cohaerentes.
2908 1849 3050 1908 item

466 1966 704 2027 semper
748 1964 867 2007 non
914 1946 1318 2016 cohaerentes,
1364 1945 1424 2006 id
1473 1954 1564 2007 est
1607 1963 1929 2025 numquam
1974 1949 2377 2020 cohaerenteS,
2410 1958 2550 2011 sunt
2591 1950 2745 2020 illae,
2794 1950 2951 2031 apud
2996 1957 3055 2010 et
3081 1964 3130 2005 15

467 2068 671 2130 penes,
744 2051 824 2109 ita
871 2050 1028 2109 enim
1074 2048 1224 2118 dico,
1273 2047 1427 2128 apud
1474 2050 1759 2120 amicum,
1808 2069 1995 2130 penes
2038 2050 2320 2121 arbitros;
2365 2070 2485 2112 non
2529 2072 2845 2132 possumus
2874 2070 3052 2114 unam

465 2160 695 2232 partem
739 2152 1026 2212 orationis
1057 2149 1296 2220 iacere,
1344 2151 1790 2230 apudamichm‚
1839 2160 1903 2213 ut
1947 2156 2025 2215 sit
2067 2171 2185 2216 una
2228 2172 2369 2234 pars
2413 2155 2725 2227 orationiS,
2791 2174 2906 2217 nec
2948 2174 3053 2236 pe-

467 2253 830 2341 nesarbitros
872 2260 1069 2334 potest
1111 2252 1455 2315 cohaerere.
1538 2254 1804 2335 reliquae
1851 2272 1987 2315 vero
2048 2263 2107 2317 et
2150 2256 2474 2318 cohaerere
2532 2265 2784 2336 possunt
2828 2264 2887 2318 et
2929 2256 3049 2318 dis-

466 2359 645 2437 iungi,
692 2366 759 2417 ut
805 2363 895 2416 est
936 2363 1080 2435 puta
1126 2372 1265 2434 pro:
1329 2375 1440 2435 pro
1485 2358 1674 2417 amico
1720 2356 1949 2436 loquor,
1997 2377 2134 2419 ecce
2179 2359 2357 2420 modo
2402 2378 2522 2420 non
2567 2357 2862 2429 cohaesit3
2908 2377 3049 2439 pro-

463 2460 616 2529 tulit,
664 2457 839 2519 modo
885 2456 1170 2541 cohaesit.
1233 2457 1508 2519 similiter
1550 2478 1716 2539 prae,
1763 2477 1908 2538 prae
1952 2458 2173 2530 dolore,
2220 2459 2516 2541 praetulit.
2579 2459 2852 2522 similiter
2892 2468 3047 2531 ante,
3076 2478 3126 2518 20

463 2570 599 2623 ante
645 2559 948 2640 templum,
996 2562 1046 2619 si
1092 2559 1254 2620 dicas
1300 2559 1588 2630 antetulit,
1637 2568 1702 2623 ut
1746 2571 1836 2622 est
1881 2562 2274 2623 ‘antetulit
2326 2569 2721 2642 gressum’.
2803 2571 3049 2643 possunt

460 2663 595 2725 illae
641 2680 848 2724 omnes
892 2669 951 2722 et
995 2660 1320 2722 cohaerere
1365 2670 1425 2723 et
1467 2663 1741 2742 disiungi.
1835 2682 1979 2743 ergo
2034 2672 2174 2725 sunt
2228 2683 2379 2744 quae
2421 2684 2658 2746 semper
2703 2646 3044 2735 cohaerent,

462 2775 527 2828 ut
568 2764 868 2835 conduco;
914 2771 1053 2825 sunt
1096 2782 1246 2845 quae
1289 2782 1525 2844 semper
1569 2765 2008 2836 discernuntur,
2055 2775 2121 2827 ut
2163 2767 2320 2848 apud
2366 2775 2425 2829 et
2465 2787 2679 2849 penes;
2728 2775 2866 2828 sunt
2895 2784 3048 2846 quae

430 2878 521 2929 -et
564 2868 887 2931 cohaerent
944 2875 1002 2928 et
1044 2866 1487 2938 discernuntur,
1551 2877 1616 2929 ut
1669 2867 1935 2947 reliquae
1979 2888 2203 2931 omnes.
2292 2872 2440 2932 istae
2485 2879 2622 2933 sunt
2679 2888 2823 2948 ergo
2869 2889 3044 2951 prae-

459 2973 802 3053 positiones
1769 3011 1777 3016 -
3071 2992 3123 3034 25

226 3083 343 3147 517,
373 3084 433 3133 11
627 3074 1061 3154 Praepositioni
1106 3091 1292 3134 unum
1340 3072 1572 3142 accidit,
1620 3091 1793 3135 casus
1838 3082 2086 3146 tantum,
2136 3094 2246 3137 nec
2292 3095 2501 3138 omnes
2544 3094 2716 3138 casus
2746 3073 2903 3155 apud
2935 3073 3045 3135 La-

462 3179 634 3246 tinos,
681 3177 785 3238 sed
831 3175 950 3238 duo
995 3183 1244 3245 tantum,
1291 3178 1656 3237 accusativus
1701 3185 1760 3238 et
1813 3175 2115 3240 ablativus.
2205 3176 2453 3257 legimus
2506 3181 2738 3240 iunctas
2791 3195 3044 3258 praepo-

459 3281 702 3341 sitiones
746 3287 806 3340 et
847 3279 1266 3348 dativocasui,
1313 3279 1544 3339 iunctas
1587 3281 2056 3358 praepositiones
2101 3288 2161 3341 et
2201 3283 2474 3360 genetivo
2519 3282 2699 3342 casui.
2762 3279 2867 3341 sed
2914 3279 3042 3341 ubi-

458 3382 561 3443 ubi
602 3384 902 3451 inveneris
932 3380 1089 3462 apud
1120 3381 1362 3443 Latinos
1406 3382 1906 3461 praepositionem
1949 3386 2209 3444 iunctam
2256 3381 2344 3445 vel
2390 3383 2583 3444 dativo
2628 3382 2719 3443 vel
2750 3383 3041 3461 genetivo,

460 3485 714 3545 elocutio
760 3493 868 3554 est,
914 3502 1102 3562 genus
1148 3491 1239 3544 est
1284 3481 1654 3545 elocutionis
1747 3492 2011 3545 ceterum
2059 3562 2063 3566 ,
3066 3505 3118 3544 so

862 3605 1161 3647 crurum
1205 3592 1423 3647 tenus
1469 3605 1500 3647 a
1546 3594 1789 3648 mento
1833 3587 2162 3667 palearia
2208 3587 2568 3667 pendent:

457 3698 629 3750 tenus
694 3690 795 3769 qui
862 3690 1084 3751 nesciat
1146 3688 1644 3768 praepositionem
1711 3690 1878 3750 esse?
1950 3708 2191 3751 crurum
2249 3691 2350 3768 qui
2415 3690 2639 3751 nesciat
2704 3688 3040 3768 genetivum

457 3788 634 3853 esse?
678 3798 738 3851 et
779 3797 980 3852 tamen
1024 3807 1215 3869 genus
1260 3798 1348 3850 est
1394 3787 1782 3871 elocultionis.
1873 3810 2009 3852 nam
2053 3793 2152 3872 qui
2195 3799 2316 3853 tam
2360 3790 2576 3854 stultus
2621 3798 2729 3860 est,
2775 3799 2841 3851 ut
2884 3790 3043 3852 dicat

458 3893 956 3974 praepositionem
1012 3892 1431 3953 cohaerentem
1491 3895 1800 3968 genetivo?
1867 3892 1985 3954 duo
2038 3904 2178 3956 sunt
2233 3913 2375 3973 ergo
2431 3912 2602 3955 casus
2666 3893 2771 3972 qui
2834 3899 3042 3953 tenent

455 3996 983 4076 praepositionem,
1030 3995 1399 4056 accusativus
1445 4001 1503 4054 et
1547 3992 1850 4057 ablativus,
1916 3996 2069 4076 apud
2100 3997 2345 4058 Latinos
2387 3995 2525 4056 illae
2568 3996 3038 4075 praepositiones
3064 4013 3115 4053 35

460 4096 669 4179 [quae]
727 4106 865 4158 sunt
921 4098 1282 4160 accusativae
1335 4113 1447 4156 nec
1503 4106 1752 4175 possunt
1806 4098 1970 4176 iungi
2030 4096 2309 4168 ablativo,
2369 4106 2507 4177 puta
2561 4096 2635 4157 ad
2690 4096 2845 4177 apud
2901 4104 3036 4157 ante

456 4200 768 4262 adversum
812 4200 898 4261 cis
943 4200 1088 4259 citra
1135 4206 1195 4258 et
1238 4197 1521 4275 reliquae.
1583 4199 1729 4259 istae
1760 4217 1971 4260 omues
2018 4209 2132 4260 tam
2180 4199 2510 4279 singulares
2554 4218 2732 4279 quam
2777 4197 3036 4279 plurales

455 4310 621 4373 sunt,
679 4301 833 4381 apud
901 4302 1154 4363 amicum
1219 4299 1378 4380 apud
1447 4302 1696 4370 amicos,
1761 4320 1949 4381 penes
1993 4301 2285 4382 arbitrum
2339 4321 2524 4382 penes
2579 4301 2864 4372 arbitroS,
2928 4320 3034 4382 per

597 4543 629 4592 7
666 4542 860 4608 aliquid
895 4558 989 4592 om.
1029 4540 1202 4591 ABG
1295 4539 1331 4591 8
1369 4548 1580 4606 apparet
1610 4555 1747 4594 corr.
1785 4549 1898 4596 :ent
1929 4541 1980 4590 A
2016 4549 2263 4608 apparent
2300 4540 2400 4593 BC
2504 4541 2569 4592 14
2606 4540 2724 4591 item
2761 4555 2862 4590 non
2900 4555 3032 4590 sem-

456 4628 548 4678 per
574 4612 904 4665 cohaerentes
940 4611 1104 4662 ABG
1204 4611 1268 4662 21
1307 4608 1558 4676 antetulit]
1605 4611 1763 4676 Very.
1800 4612 1929 4663 Aen.
1968 4613 2038 4663 vt
2071 4612 2174 4664 677
2279 4610 2343 4661 31
2383 4608 2608 4678 crurum]
2661 4612 2817 4676 Vera.
2853 4626 3030 4677 year-9.

458 4684 523 4733 111
554 4683 622 4735 53
761 4683 927 4749 pende
964 4697 1099 4732 corr.
1136 4682 1328 4747 pendet
1360 4681 1410 4730 Α
1552 4680 1620 4731 32
1670 4696 1786 4731 esse
1827 4684 2003 4746 priore
2050 4685 2162 4736 loco
2196 4697 2289 4735 om·
2324 4681 2391 4745 A,
2424 4684 2704 4744 posteriore
2739 4697 2830 4735 om.
2870 4681 3038 4731 ABG

593 4751 663 4804 33
695 4762 798 4804 tam
831 4769 925 4805 om.
957 4751 1127 4802 ABG
1260 4751 1328 4802 36
1363 4766 1494 4814 quae
1533 4760 1653 4802 sunt
1687 4754 2009 4804 accusatiuae
2046 4762 2165 4804 sunt
2197 4752 2247 4802 A
2286 4766 2417 4817 quae
2443 4761 2562 4802 sunt
2594 4752 2914 4801 accusatiuae
2946 4766 3033 4802 ac-

453 4825 714 4875 cusatiuae
751 4832 870 4874 sunt
903 4839 937 4873 a
1075 4821 1188 4892 nee]
1236 4837 1335 4873 non
1365 4822 1409 4873 O
