3541 5564
585 332 712 399 446
1689 334 2057 396 EVTYCHIS

584 520 1017 602 existimavit,
1081 528 1298 585 utrum
1364 520 1827 605 grammaticus
1892 519 2157 585 natione
2210 519 2503 586 Graecus
2519 569 2538 603 ,
2604 544 2752 587 cum
2809 521 2890 586 de
2953 521 3161 589 latino

587 645 883 689 sermone
925 622 1273 704 scriberet,
1319 642 1553 687 nomen
1597 643 1786 687 suum
1827 622 1898 686 in
1940 619 2215 688 latinum
2270 644 2515 688 morem
2558 625 3021 707 convertisset,
3075 648 3164 689 an

585 723 856 790 latinum
922 723 1170 790 scilicet
1235 746 1468 790 nomen
1532 744 1772 808 graeca
1834 725 2287 790 terminatione
2352 726 2700 811 adsumpta
2753 726 3162 792 mutavisset.

585 928 992 1015 grammatici
1037 926 1486 994 confirmatum
1530 950 1725 1015 quam
1766 928 2094 994 inferioris
2126 928 2359 994 aetatis
2391 929 2924 995 consuetudinem
2955 933 3163 1017 sequi.

758 1031 1183 1117 Antiquiores
1228 1031 1388 1095 artis
1432 1032 1895 1115 grammaticae
1923 1040 2221 1097 auctores
2252 1054 2383 1097 non
2411 1032 2775 1098 nominavit
2802 1032 3163 1119 Eutyches,

586 1134 710 1198 nisi
762 1133 953 1221 quod¹
996 1131 1192 1198 semel
1250 1131 1658 1197 Priscianum
1711 1143 2203 1219 praeceptorem
2260 1155 2452 1198 suum
2504 1133 2804 1200 laudavit
2857 1157 2922 1221 p.
2970 1135 3160 1200 2154.

587 1234 881 1301 eiusdem
924 1233 1109 1300 libris
1155 1234 1234 1299 de
1279 1235 1480 1300 verbo
1525 1233 1853 1301 interdum
1896 1257 2056 1301 usus
2102 1244 2222 1300 est.
2296 1235 2478 1300 cuius
2522 1235 2617 1312 rei
2662 1236 3027 1301 certissima
3069 1236 3163 1301 in-

585 1337 758 1402 dicia
815 1345 969 1402 sunt
1021 1337 1088 1399 in
1142 1335 1223 1400 iis
1268 1357 1435 1423 quae
1479 1336 1560 1402 de
1604 1336 1823 1402 verbis
1867 1338 1935 1402 in
1978 1349 2039 1402 to
2096 1335 2538 1403 desinentibus
2583 1338 2850 1424 scripsit
2890 1361 2955 1424 p.
2998 1338 3167 1403 2185

589 1437 737 1505 coll.
795 1438 1004 1504 Prisc.
1061 1437 1103 1501 l.
1163 1438 1232 1502 X
1274 1460 1339 1524 p.
1383 1438 1531 1504 536.
1604 1460 1801 1525 saepe
1857 1439 2051 1504 etiam
2120 1437 2346 1504 iisdem
2409 1450 2704 1505 veterum
2771 1440 3164 1525 scriptorum

587 1538 901 1627 exemplis
946 1549 1219 1626 uterque
1262 1562 1417 1605 usus
1464 1547 1582 1605 est.
1643 1563 1678 1605 e
1722 1539 1959 1627 quibus
1991 1539 2310 1627 quaedam
2346 1540 2715 1629 Eutychem
2760 1565 2799 1607 a
2828 1541 3164 1606 Prisciano

588 1642 908 1729 recepisse
966 1641 1305 1728 probabile
1359 1650 1489 1725 est3
1545 1641 1675 1707 alia
1727 1664 1885 1708 vero
1940 1641 2045 1707 vel
2109 1664 2192 1707 ex
2250 1644 2619 1729 antiquiore
2674 1644 2854 1710 fonte
2914 1644 3021 1710 vel
3079 1665 3163 1709 ex

586 1744 877 1831 ipsorum
922 1745 1315 1831 scriptorum
1368 1741 1552 1809 libris
1597 1746 1807 1830 petita
1849 1766 1993 1809 esse
2037 1744 2398 1832 scripturae
2443 1745 2809 1812 differentia
2853 1745 3161 1811 ostendit.

587 1868 788 1928 quare
852 1846 922 1909 in
977 1846 1058 1910 iis
1111 1864 1278 1931 quae
1333 1844 1616 1911 maxime
1668 1846 2119 1913 memorabilia
2184 1868 2326 1913 esse
2397 1846 2788 1913 videbantur
2841 1847 3164 1911 Prisciani

588 1947 798 2029 locos,
845 1947 957 2012 ubi
1000 1945 1226 2012 eadem
1272 1947 1599 2032 leguntur,
1643 1947 1955 2015 indicavi.
