3541 5564
599 380 723 444 648
1711 385 1814 446 ΜΛ
1824 383 2075 447 CROBII

654 503 694 542 p.
724 494 810 533 166.
839 493 890 531 67
922 490 971 531 V.
1809 532 1812 533 γ

601 570 781 649 pudet
836 569 979 629 licet
1036 573 1306 639 miseret,
1370 569 1645 629 taedebat
1698 570 1941 648 pigebat
1985 570 2248 649 pudebat
2291 569 2510 630 licebat
2555 570 2899 639 miserebat,
2947 580 3179 631 tacsnm

602 680 690 731 est
744 673 887 741 suit,
949 672 1191 750 puduit,
1253 673 1468 749 piguit,
1528 671 1695 731 licuit
1750 673 1840 732 vel
1899 673 2131 732 licitum
2189 680 2280 731 est
2333 673 2474 740 fuit,
2536 675 2846 733 misertum
2904 681 2997 732 est
3041 675 3175 737 suit.

601 783 826 835 taesum
873 783 1001 835 erat
1044 777 1271 841 fuerat,
1317 774 1647 853 puduerat.
1697 777 1995 852 piguerat.
2046 773 2299 834 licuerat.
2349 777 2442 834 vel
2498 775 2726 835 licitum
2785 784 2916 835 erat
2959 776 3174 843 fuerat,

600 880 934 938 misertum
968 885 1095 937 erat
1148 877 1369 944 fuerat,
1433 875 1695 935 taedebit
1748 876 1981 955 pigebit
2023 876 2272 955 pudebit
2316 876 2523 936 licebit
2567 876 2892 937 miserebit.
2986 877 3072 936 sic
3118 885 3179 936 et

600 982 879 1039 ‘veritum
927 982 1038 1039 est’
1086 977 1545 1057 inpersonaliter
1577 980 1849 1055 figuravit
1880 979 2112 1039 Tullius
2147 979 2204 1037 in
2237 977 2496 1038 secundo
2528 978 2600 1038 de
2633 977 2851 1038 finibus
2885 977 3173 1038 bonorum
3205 1005 3232 1040 ς.

601 1082 1021 1150 etmalorum,
1082 1081 1460 1160 ‘primum’
1520 1082 1712 1157 inquit
1780 1081 2195 1159 ‘Aristippi
2254 1080 2982 1159 Cyrenaicorumque
3030 1098 3177 1140 om-

602 1186 827 1251 nium,
896 1202 1074 1262 quos
1143 1201 1281 1242 non
1350 1189 1468 1241 est
1532 1184 1851 1242 veritum
1907 1177 1981 1241 i‘u
2040 1201 2119 1241 ea
2175 1181 2587 1260 voluptate,
2645 1201 2824 1260 quae
2870 1185 3174 1243 maxima

601 1285 1000 1346 dulcedine
1057 1303 1347 1344 sensum
1394 1291 1749 1352 moveret,
1798 1302 2144 1344 summum
2191 1283 2452 1344 bonum
2499 1285 2837 1363 ponere’.
2889 1282 2896 1362 Ι
2944 1285 3041 1369 illa
3091 1292 3176 1343 ta-

602 1406 736 1446 men
779 1387 1016 1447 omuino
1063 1389 1314 1466 propria·
1350 1386 1725 1455 Latinorum,
1786 1405 1934 1465 quae
1984 1388 2042 1445 iu
2089 1394 2185 1445 tur
2230 1394 2448 1446 exeunt
2492 1394 2552 1445 et
2596 1404 2703 1464 per
2748 1385 2977 1463 singula
3027 1394 3177 1445 tcm-

603 1508 742 1567 pora
801 1491 864 1549 in
918 1488 1196 1549 omuibus
1249 1488 1441 1548 modis
1494 1480 1565 1547 ex
1621 1490 1798 1548 tertia
1845 1490 2088 1547 veniunt
2133 1506 2385 1566 persona
2432 1488 2843 1548 declinationis
2889 1491 3174 1566 passivae,
3210 1515 3257 1550 ω

603 1590 817 1651 Romae
866 1590 1014 1650 bene
1062 1591 1335 1661 docetur,
1386 1589 1536 1650 benc
1580 1597 1887 1669 spectatur
1932 1592 1995 1649 in
2041 1591 2221 1659 circo,
2271 1590 2504 1650 fortiter
2549 1590 2862 1649 dimicatur
2907 1592 2968 1648 in
3016 1589 3176 1650 ludo.

601 1693 711 1752 hoc
755 1691 1006 1772 amplius
1062 1695 1294 1771 species
1329 1695 1447 1782 ‘ista
1494 1692 1794 1771 procedit,
1854 1700 1918 1752 ut
1963 1694 2142 1752 etiam
2188 1711 2258 1751 cx
2307 1694 2536 1752 neutris
2579 1695 2639 1751 in
2687 1699 2785 1751 tur
2828 1693 3176 1771 inpersona-

600 1795 677 1854 lia
736 1797 1092 1872 figurentur,
1150 1797 1414 1855 curritur
1470 1802 1659 1854 statur
1716 1794 1959 1854 sedetur
2026 1793 2420 1855 discumbitur
2487 1794 2812 1873 prandetur
2878 1802 3179 1874 pugnatur

600 1899 720 1957 itur
765 1896 1020 1957 caletur:
1066 1897 1310 1958 Plautus
1354 1899 1414 1956 in
1461 1897 1723 1974 Captivis

899 2001 1107 2078 quasi
1153 2018 1307 2060 cum
1355 1999 1650 2059 caletur
1697 1998 1986 2058 coeliae
2029 2002 2097 2057 in
2146 2001 2441 2060 occulto
2485 1999 2755 2065 latent:
3207 2025 3255 2059 ις.

598 2110 807 2179 egetur
861 2101 1018 2161 idem
1076 2103 1136 2161 in
1192 2100 1509 2172 Pseudolo,
1571 2100 1867 2177 ‘egetur
1921 2107 2140 2175 atque
2196 2108 2479 2161 amatur
2536 2101 2945 2178 ampliter'.
3035 2119 3173 2161 cum

596 2207 777 2277 iqitnr
824 2221 937 2279 per
991 2210 1262 2279 tempora
1314 2209 1569 2263 currunt
1622 2210 1681 2262 et
1738 2202 1972 2272 modoS,
2030 2205 2159 2263 sine
2217 2206 2484 2281 personis
2538 2211 2732 2262 tamen
2789 2211 2848 2262 et
2905 2205 3176 2263 numeris

597 2306 995 2377 declinantur,
1054 2307 1314 2366 curritur
1359 2304 1713 2366 currebatur
1769 2323 2009 2365 cursum
2054 2312 2143 2364 est
2188 2305 2298 2363 fuit
2342 2322 2578 2363 cursum
2625 2312 2752 2364 erat
2794 2304 2991 2364 suerat
3035 2322 3174 2364 eur-

597 2417 779 2469 rctur.
872 2410 1022 2469 banc
1066 2407 1533 2486 inpersonalium
1580 2409 1842 2487 speciem
1896 2424 2146 2485 graecus
2190 2423 2386 2467 sermo
2431 2408 2669 2484 penitus
2716 2408 2968 2483 ignorat.
3060 2406 3173 2466 boc

596 2529 830 2590 quoquc
875 2511 1187 2571 latinitatis
1216 2518 1307 2570 est
1336 2511 1641 2589 proprium
1662 2556 1676 2578 ,
1724 2510 1882 2588 quod
1912 2510 2230 2589 quaedam,
2277 2526 2409 2568 cum
2444 2527 2515 2567 ex
2548 2510 2736 2567 activa
2768 2508 3172 2568 declinatione
3202 2534 3252 2568 »ιο

598 2597 946 2691 personalia*
985 2613 1129 2677 sint,
1188 2615 1249 2672 in
1306 2629 1557 2690 persona
1615 2613 1895 2690 patientis
1958 2613 2104 2671 fiunt
2158 2610 2574 2689 inpersonalia.
2663 2628 2795 2670 nam
2844 2611 3175 2671 ‘maledico

597 2715 738 2782 tibi,
785 2714 1022 2774 invideo
1070 2713 1209 2782 tibi,
1268 2732 1453 2773 noceo
1500 2713 1645 2773 tibi'
1704 2715 1833 2773 sine
1880 2712 2062 2773 dubio
2107 2715 2330 2772 activae
2377 2713 2825 2790 significationis
2871 2720 3040 2781 sunt;
3108 2715 3171 2773 in

594 2836 847 2897 persona
893 2835 1034 2876 vero
1078 2819 1360 2895 patieutis
1402 2835 1520 2876 non
1580 2825 1739 2875 recte
1799 2817 2022 2876 dicitur
2078 2816 2433 2876 ‘maledicor
2479 2835 2509 2874 a
2555 2824 2647 2883 te,
2697 2814 2965 2875 invideor
3010 2835 3041 2875 a
3089 2825 3171 2884 te,

595 2938 813 2980 noceor
868 2939 900 2979 a
961 2921 1073 2987 te',
1134 2918 1234 2978 sed
1283 2918 1697 2978 ‘maledicitur
1740 2918 1884 2977 mihi
1933 2937 1963 2977 a
1997 2926 2082 2985 te,
2142 2925 2388 2977 nocetur
2433 2917 2578 2976 mihi
2637 2937 2668 2976 a
2725 2924 2814 2984 te,
2864 2917 3173 2978 invidetur

594 3022 737 3083 mihi
785 3042 816 3082 a
862 3022 975 3088 tc',
1023 3040 1172 3099 quac
1221 3022 1406 3080 forma
1451 3013 1847 3099 inpersonalis
1893 3027 2001 3078 est.
3198 3045 3249 3082 25

357 3142 474 3198 6:213,
496 3141 559 3188 ‘28
766 3124 847 3183 Dc
902 3124 1260 3202 usurpativa.
1350 3123 1499 3182 hanc
1558 3121 1798 3201 quidam
1856 3122 2108 3199 gerundi
2167 3121 2407 3181 modum
2455 3121 2544 3181 vel
2591 3120 3023 3200 participialem
3073 3140 3171 3180 vo-

593 3234 753 3295 cant,
812 3229 950 3305 quia
996 3224 1174 3290 verba
1221 3227 1349 3285 eius
1403 3242 1588 3303 paene
1647 3225 1844 3283 omnia
1890 3222 2102 3283 similia
2149 3225 2485 3301 participiis
2528 3232 2665 3283 sunt
2709 3230 2769 3282 et
2813 3221 2932 3282 sola
2979 3225 3169 3300 signi·

590 3331 861 3389 ficatione
917 3327 1216 3388 distantia.
1306 3344 1439 3386 nam
1500 3325 1790 3386 salutandi
1847 3332 1907 3384 et
1951 3325 2259 3385 salutando
2306 3332 2365 3384 ct
2422 3325 2790 3386 salutandum
2836 3345 2904 3385 ac
2949 3325 3169 3384 saluta-

590 3440 743 3499 tum,
808 3447 939 3488 cum
997 3447 1107 3508 per
1162 3447 1224 3488 se
1282 3427 1595 3496 dicuntur,
1641 3428 1954 3507 participia
2003 3426 2277 3486 videntur
2322 3427 2558 3488 casibus
2601 3427 2982 3494 declinanda:
3031 3446 3168 3487 cum

587 3551 728 3592 vero
784 3550 889 3610 per
946 3531 1096 3592 hauc
1156 3531 1404 3590 formam
1450 3531 1868 3608 proferuntur,
1916 3529 2064 3588 duce
2110 3547 2285 3588 sensu
2334 3529 2490 3589 aliud
2538 3548 2665 3589 esse
2712 3529 3169 3607 deprehenden-
3198 3556 3249 3592 so

589 3643 703 3694 tur.
796 3652 929 3693 nam
977 3631 1156 3691 ‘vado
1202 3621 1552 3692 salutatum'
1598 3632 1709 3691 boc
1763 3640 1852 3691 est
1909 3631 2105 3690 dicere
2154 3631 2334 3692 ‘vado
2379 3630 2667 3691 salutarc'
2715 3639 2814 3690 aut
2862 3631 2966 3690 ‘ut
3009 3630 3168 3690 salu·

588 3740 773 3796 tem’:
822 3735 1115 3811 Vergilius

884 3844 1226 3896 venatum
1271 3837 1557 3895 Aeneas
1601 3853 1888 3914 unaque
1933 3837 2352 3896 miserrima
2398 3834 2580 3894 Dido

885 3940 960 3997 in
1007 3956 1254 3998 nemus
1302 3940 1412 3997 irc
1458 3944 1749 4015 parant,

591 4042 646 4101 id
705 4049 793 4101 est
850 4043 1049 4100 venari
1108 4048 1208 4099 aut
1262 4048 1329 4099 ut
1385 4048 1688 4100 venentur.
1782 4038 2036 4118 denique
2095 4041 2380 4115 figuratur
2438 4042 2614 4099 etiam
2673 4057 2742 4097 ex
2802 4038 2900 4098 his
2964 4038 3246 4101 verbis-35

587 4162 737 4223 quae
782 4145 1071 4222 passivam
1120 4141 1581 4201 declinationem
1628 4159 1743 4200 non
1793 4140 2040 4210 habent,
2089 4149 2154 4202 ut
2197 4149 2459 4202 natatum
2509 4160 2611 4206 eo,
2658 4138 3022 4200 ambulatum
3073 4159 3165 4206 co,

721 4404 753 4448 3
780 4399 857 4447 vel
879 4405 997 4462 pose
1023 4398 1231 4446 licuerat
1254 4412 1345 4446 om.
1380 4395 1425 4444 B
1561 4398 1595 4445 4
1620 4392 1904 4461 misertum]
1933 4404 2150 4444 mertum
2176 4395 2226 4444 B
2364 4395 2438 4443 sic
2464 4403 2513 4444 et
2537 4394 2748 4443 veritum
2777 4390 2879 4459 est]
2913 4394 3038 4443 Gen.
3069 4395 3166 4444 XV

591 4472 651 4519 13
788 4471 820 4516 5
846 4467 911 4515 de
934 4466 1122 4515 finibus
1149 4468 1193 4514 b.
1222 4473 1271 4513 et
1294 4479 1363 4513 m.
1390 4463 1468 4513 B.-
1496 4465 1537 4513 ll
1566 4466 1646 4522 13,
1672 4468 1737 4514 39
1874 4467 1905 4514 8
1931 4464 2188 4513 dulcidine
2215 4464 2265 4512 B
2403 4462 2468 4511 14
2492 4463 2660 4528 platus
2685 4461 2762 4510 B.-
2802 4462 2949 4526 Capt.
2980 4464 2994 4510 l
3027 4467 3072 4516 1,
3104 4466 3167 4512 12

724 4538 787 4586 15
821 4535 945 4584 cocli
972 4567 1229 4587 ........
1256 4532 1414 4581 latent
1436 4531 1515 4581 B.-
1550 4534 1802 4596 snppfevit
1840 4534 2007 4582 editor
2051 4532 2471 4586 Vindobona-usis,
2526 4535 2654 4580 sicut
2687 4531 2889 4594 reliqua
2924 4547 3056 4594 quae
3089 4534 3167 4580 in-

586 4606 785 4654 canatis
818 4604 1005 4653 litteris
1041 4616 1294 4667 expressa
1327 4608 1444 4649 sunt
1582 4602 1645 4649 16
1680 4601 1729 4648 iu
1768 4597 2043 4664 Pseudolo]
2087 4601 2102 4647 l
2137 4603 2186 4658 3,
2225 4602 2291 4649 39
2327 4597 2396 4661 (v.
2425 4601 2526 4648 273
2552 4598 2638 4662 lt.)
2781 4599 2843 4647 17
2882 4613 3087 4648 uomero
3118 4599 3167 4648 B

721 4675 786 4721 26
811 4672 883 4720 De
909 4668 1481 4736 usurpativa—649,25
1507 4669 1639 4717 lectu
1665 4667 1968 4733 αΙίεηοζΙοσο
1987 4670 2160 4732 posita
2180 4683 2291 4716 esse
2316 4668 2441 4717 vidit
2467 4668 2638 4722 Ianus,
2660 4681 2824 4730 eaque
2842 4670 3166 4731 transposuit

580 4749 706 4805 post
729 4743 846 4801 652,
863 4743 896 4789 4
921 4739 1086 4805 potuit
1110 4739 1353 4789 invenire.
1390 4739 1528 4786 nolui
1550 4743 1714 4786 tamen
1739 4739 1790 4785 r'n
1815 4737 1891 4785 ln's
1915 4739 2177 4798 excerptis
2200 4737 2265 4784 ab
2291 4737 2472 4785 ordine
2495 4736 2683 4785 codicis
2705 4736 2974 4788 recedere,
3009 4751 3168 4799 prae⁴

585 4811 756 4858 sertim
791 4825 897 4857 cum
927 4810 1082 4873 plura
1118 4808 1300 4857 omissa
1337 4820 1448 4855 esse
1483 4807 1747 4855 verisimile
1781 4808 1876 4854 sit.-
1911 4806 1981 4868 cf.
2019 4805 2184 4854 Diom.
2220 4821 2274 4865 p.
2312 4805 2437 4866 395,
2477 4806 2534 4854 11
2674 4803 2890 4865 gertrudi
2927 4805 3082 4854 modo
3118 4812 3170 4854 et

586 4876 953 4945 participialem
978 4874 1029 4923 B
1168 4876 1232 4925 27
1258 4873 1520 4941 participis
1547 4872 1596 4922 B
1732 4875 1799 4925 33
1836 4884 2071 4924 uenatum
2098 4872 2177 4922 B:
2222 4872 2379 4937 γαρ.
2416 4872 2547 4923 Aen.
2575 4871 2662 4921 llll
2690 4871 2788 4922 117
