3541 5564
1286 361 1383 422 DE
1429 362 1676 422 DVBllS
1722 361 2134 422 NOMINIBVS
2879 357 3003 422 593

2633 482 2673 520 p.
2708 470 2789 510 103.
2820 471 2871 509 04
2904 469 2951 507 ll.

594 552 808 611 Vertex
853 553 1092 628 generis
1137 550 1443 609 masculini
1518 572 1554 607 -κ
1600 558 1664 609 ut
1707 549 1851 610 illud
1899 548 2181 610 ‘floribus
2227 569 2329 610 ver
2375 569 2558 609 novus
2606 551 2906 610 ornatur’.

599 657 767 715 Vtres
812 655 1050 731 generis
1095 652 1436 721 masculini,
1485 660 1550 713 ut
1594 651 1876 729 Virgilius
1941 649 2018 726 (q.
2068 653 2117 712 ll
2162 649 2305 730 384)
2356 654 2597 713 ‘unctos
2642 652 2852 712 saliere
2899 671 3005 731 per

429 755 656 818 utres’,

597 861 804 919 Viscus
849 859 920 918 de
968 861 1194 917 viscere
1239 861 1476 934 generis
1524 860 1750 924 neutri,
1811 860 1948 937 quia
1997 861 2222 917 viscera
2270 859 2580 924 (licuntur,
2631 863 2694 916 ut
2742 856 3004 915 Pruden-

377 975 401 1010 5
433 966 548 1022 tius
597 959 814 1038 (steph.
863 957 932 1029 9,
978 956 1089 1040 56)
1139 962 1310 1039 ‘pars
1357 963 1551 1020 viscus
1596 961 1813 1020 intrat'
1871 968 1930 1019 et
1986 960 2343 1020 Fortunatus
2404 959 2509 1036 (de
2554 963 2654 1019 ve‘t.
2703 959 2765 1018 S.
2816 960 3002 1018 Mart.

432 1066 450 1124 Ι
497 1062 640 1144 399)
690 1064 886 1123 ‘vehit
930 1082 1033 1123 sua
1082 1066 1306 1122 viscera
1352 1064 1607 1122 secum'.

597 1184 804 1242 Viscus
858 1182 927 1242 ad
988 1182 1339 1260 capiendum
1399 1184 1636 1259 generis
1693 1181 2033 1250 masculini,
2094 1190 2157 1242 ut
2205 1182 2347 1242 illud
2395 1183 2491 1241 ‘in
2536 1200 2763 1261 quercu
2812 1183 3007 1239 viscus

432 1287 647 1346 extat'.
737 1284 837 1343 sed
885 1284 1251 1344 consuetudo
1299 1287 1522 1344 viscum
1567 1287 1734 1363 quasi
1784 1287 1979 1343 neutri
2029 1285 2187 1344 dicit.

602 1403 811 1464 Vomer
876 1405 1119 1481 generis
1186 1402 1526 1470 masculini,
1593 1411 1659 1463 ut
1723 1404 2041 1464 Lucretius
2088 1403 2141 1481 (l
2200 1401 2353 1481 314)
2425 1404 2751 1463 ‘decrescit
2812 1421 3009 1462 vomer

356 1525 403 1563 ιο
433 1511 493 1567 ἰη
539 1508 751 1567 arvis’.

604 1610 822 1669 Vrceus
887 1611 1124 1685 generis
1199 1608 1507 1668 masculini
1588 1621 1647 1667 et
1713 1611 1910 1674 urcei,
1987 1627 2100 1668 non
2171 1627 2367 1667 urcea.
2460 1628 2592 1668 uam
2653 1606 2659 1688 Ι
2722 1607 3010 1666 Iuvencus

437 1711 507 1786 (u
555 1707 699 1788 262)
750 1712 901 1771 dixit
947 1713 1195 1770 ‘urceus
1241 1718 1329 1770 est
1376 1710 1570 1770 nullus
1615 1729 1724 1769 nec
1769 1716 1908 1769 sunt
1956 1708 2062 1769 tibi
2110 1711 2339 1769 vincula
2388 1711 2651 1770 sunum’.

599 1830 819 1907 Vulgus
864 1833 1103 1907 generis
1149 1832 1375 1898 neutri,
1425 1837 1489 1888 ut
1520 1828 1801 1906 Virgilius
1851 1827 1997 1906 (A.1
2048 1824 2184 1907 149)
2235 1828 2533 1906 ‘ignobile
2580 1829 2839 1906 vulgus’.
2903 1847 3009 1888 nec

433 1933 655 1992 dicitur
700 1931 1028 2011 pluraliter.

362 2067 409 2106 15
605 2051 910 2111 Venenum
940 2052 1178 2126 generis
1210 2053 1436 2118 neutri,
1463 2059 1528 2110 ut
1559 2051 1853 2111 Salustius
1876 2049 2251 2129 ‘prohibebit
2285 2070 2496 2109 nocere
2531 2069 2818 2110 venenum
2850 2051 3007 2129 quod

438 2154 545 2213 tibi
593 2154 827 2214 datur’.
919 2160 979 2211 et
1023 2153 1121 2212 alii
1170 2153 1452 2212 dixerunt
1496 2172 1736 2213 venena.

607 2275 817 2331 Vrsum
876 2274 1102 2350 antiqui
1165 2291 1279 2331 non
1337 2270 1717 2331 declinabant
1778 2275 1836 2332 in
1896 2271 2249 2338 masculino,
2309 2279 2370 2331 ut
2418 2269 2699 2348 Virgilius
2748 2269 2914 2348 (Aen.
2966 2273 3007 2328 V

433 2373 537 2434 37.
597 2374 718 2433 Vlll
765 2369 920 2452 368)
970 2371 1156 2452 ‘pelle
1204 2373 1531 2452 Libystidis
1577 2392 1748 2434 ursae
1769 2375 1807 2434 ⁹.
1897 2373 1997 2432 sed
2060 2373 2243 2432 Varro
2300 2373 2449 2432 dixit
2505 2374 3009 2452 ‘conspectusque

437 2479 496 2536 in
546 2484 775 2536 montes
819 2476 1054 2535 horruit
1101 2476 1328 2534 ursus’.
1563 2469 1570 2474 ’

359 2612 409 2648 ‘20
607 2596 815 2653 Vectes
872 2597 1114 2671 generis
1158 2594 1499 2662 masculini,
1560 2601 1624 2654 ut
1671 2597 1728 2653 in
1778 2594 2021 2674 psalmis
2068 2590 2243 2672 (106,
2298 2590 2391 2671 16)
2450 2594 2681 2652 ‘vectes
2728 2595 3009 2652 sen-reos’.

437 2697 540 2756 sed
587 2696 818 2773 Trogus
863 2715 1083 2772 genere
1133 2698 1420 2756 feminino
1464 2697 1630 2756 dixit.

609 2817 823 2894 Vulpes
868 2818 1105 2893 generis
1151 2818 1456 2883 seminini,
1506 2825 1568 2875 ut
1612 2816 1972 2875 Prudentius
2019 2813 2264 2892 (enchir.
2314 2812 2412 2894 71)
2464 2813 2703 2875 ‘callida
2753 2816 3008 2894 vulpcs'.

610 2918 862 2977 Vmerus
905 2919 1145 2993 generis
1192 2918 1532 2985 masculini,
1582 2923 1644 2977 ut
1690 2916 1832 2977 illud
1881 2917 2228 2996 ‘subposuit
2274 2918 2562 2975 umeros’.

614 3019 790 3095 Vigor
874 3021 1110 3096 generis
1194 3018 1534 3087 masculini,
1624 3027 1688 3078 ut
1761 3020 2119 3079 Prudentius
2197 3016 2383 3092 (calle.
2449 3016 2518 3087 3,
2586 3015 2735 3097 186)
2813 3020 3014 3095 ‘vigor

363 3139 413 3178 25
441 3120 763 3195 igenolus’.

615 3239 809 3298 Vellus
853 3242 1090 3316 generis
1129 3243 1355 3307 neutri,
1406 3248 1469 3299 ut
1499 3240 1843 3301 Lactantius
1891 3238 2133 3317 (phoen.
2167 3237 2268 3319 23)
2319 3238 2510 3299 ‘nulla
2557 3258 2735 3318 super
2779 3258 3015 3319 campos

443 3341 648 3399 tendet
693 3359 793 3400 sua
843 3341 1058 3402 vellera
1101 3341 1344 3401 nubes’.

614 3458 836 3520 Vulnus
879 3462 1117 3537 generis
1164 3463 1388 3528 neutri,
1435 3468 1499 3519 ut
1531 3459 1810 3538 Virgilius
1858 3458 1946 3538 (Α.
1998 3461 2097 3521 llll
2144 3459 2204 3541 2)
2253 3461 2498 3521 ‘vulnus
2542 3459 2645 3520 alit
2690 3461 2909 3528 venis’‚
2958 3467 3017 3519 et

442 3560 584 3621 alibi
634 3561 912 3622 ‘vulnera
956 3561 1118 3622 mille
1144 3564 1182 3620 ’.

367 3701 417 3738 30
615 3679 882 3740 Vlulatus
926 3683 1165 3758 generis
1211 3681 1553 3747 masculini,
1602 3680 1984 3751 hiululatus.
2035 3680 2040 3733 Ι

522 3778 544 3807 0

614 3886 644 3932 2
684 3891 820 3931 utres
848 3884 980 3935 Non.
1009 3883 1108 3935 231
1283 3886 1313 3931 7
1350 3887 1521 3934 viscus
1570 3885 1721 3936 Char.
1763 3884 1856 3941 32,
1903 3885 1961 3933 14
2000 3885 2148 3937 Serv.
2188 3888 2235 3934 in
2285 3888 2437 3949 Very.
2476 3900 2652 3949 yeory.
2690 3886 2703 3932 l
2750 3885 2847 3936 139
2986 3885 3019 3933 9

445 3968 617 4001 vomer
655 3953 821 4005 Prisc.
863 3955 992 4014 249,
1035 3955 1098 4004 18
1141 3954 1295 4007 Prob.
1343 3956 1430 4009 15,
1475 3956 1536 4005 16
1575 3958 1717 4006 Serv.
1763 3958 1813 4003 in
1864 3957 2018 4017 [ἄτῃ.
2054 3971 2230 4019 geor-9.
2271 3956 2284 4002 l
2334 3957 2415 4005 46.
2465 3954 2559 4005 162
2739 3955 2795 4004 ll
2839 3969 3018 4003 urceus

453 4023 603 4072 Proh.
647 4023 766 4075 211.
808 4023 870 4072 15
1016 4023 1077 4073 13
1119 4023 1302 4088 vulgus
1345 4024 1497 4077 Char.
1538 4027 1621 4075 74.
1661 4026 1727 4073 20
1765 4024 1894 4075 Non.
1930 4025 2032 4073 230
2070 4024 2227 4077 Proh,
2267 4026 2348 4087 21,
2389 4028 2439 4079 7,
2479 4026 2599 4083 208,
2631 4027 2664 4073 8
2770 4025 2837 4073 20
2877 4034 3018 4072 vecte

445 4091 575 4140 Non.
612 4092 711 4141 2:31
754 4094 876 4153 Cap.
917 4094 1056 4141 2250
1197 4095 1262 4142 22
1303 4094 1477 4160 vulpes
1515 4097 1636 4157 Cap.
1674 4095 1813 4143 2250

625 4283 648 4332 l
693 4284 859 4330 uertix
898 4281 988 4330 M:
1040 4291 1212 4330 vertex
1253 4308 1318 4315 —
1357 4291 1563 4333 ornatur
1607 4298 1697 4335 om.
1750 4285 1817 4336 V,
1858 4281 2034 4331 deinde
2071 4281 2350 4330 observatio
2396 4284 2457 4329 de
2492 4299 2537 4330 v.
2582 4298 2666 4329 ver
2702 4283 2891 4330 excidit

588 4352 621 4399 5
661 4350 952 4407 furtunatus
990 4350 1053 4399 M
1195 4354 1224 4400 7
1265 4368 1449 4413 querco
1490 4352 1622 4400 MV
1755 4354 1790 4401 9
1828 4352 2055 4399 lucritius
2092 4352 2227 4399 MV
2368 4353 2428 4401 12
2466 4352 2530 4399 ibi
2573 4352 2750 4399 lint-ula
2792 4349 2923 4398 MV

451 4421 513 4471 13
555 4422 736 4485 vulgus
769 4448 831 4455 ——-
874 4418 1138 4485 pluraliter
1174 4436 1264 4473 om.
1309 4422 1400 4470 M:
1453 4421 1619 4470 vultus
1649 4426 1825 4483 priore
1865 4425 1971 4469 loco
2013 4423 2076 4478 V,
2108 4429 2161 4469 ut
2196 4422 2447 4469 excidisse
2484 4423 2711 4470 videatur
2746 4422 3024 4470 observatio

445 4493 510 4539 de
546 4508 593 4543 υ.
625 4492 823 4539 vultus:
860 4492 931 4552 cf.
971 4491 1099 4539 Non.
1133 4506 1186 4551 p.
1228 4491 1331 4540 230
1475 4494 1536 4542 15
1569 4493 1800 4557 prohibet
1845 4494 1894 4539 V
2037 4490 2097 4541 16
2136 4492 2219 4539 alii
2252 4492 2366 4539 d’d’
2410 4491 2469 4539 M
2504 4491 2585 4539 alii
2628 4493 2797 4539 dicunt
2844 4492 2893 4536 V

456 4561 513 4609 16
563 4576 710 4609 ursus
758 4577 877 4625 gen.
927 4577 1081 4610 masc.
1119 4564 1166 4611 L
1347 4562 1408 4610 18
1458 4561 1674 4627 pellibus
1724 4563 1840 4610 tidis
1890 4561 2023 4609 MV
2194 4558 2375 4626 Varro]
2430 4560 2567 4613 Ouid.
2609 4570 2795 4612 metam.
2844 4562 2882 4608 ll
2924 4562 3023 4609 494

450 4645 666 4692 ursaque
701 4641 998 4695 conspectos
1038 4633 1085 4679 iu
1127 4631 1380 4681 montibus
1417 4632 1609 4680 horruit
1648 4647 1793 4680 ursos
1977 4630 2034 4681 19
2072 4642 2363 4693 montesque
2404 4630 2467 4679 M
2605 4632 2671 4680 20
2711 4638 2878 4678 vectes
2912 4637 3027 4688 pose

451 4698 628 4763 vulpes
671 4700 820 4749 habet
853 4703 902 4751 L
1044 4712 1215 4750 nectos
1265 4700 1454 4750 ferreos
1493 4703 1556 4750 M
1690 4705 1755 4752 22
1796 4701 1967 4766 uulpis
2001 4703 2176 4763 priore
2212 4702 2319 4750 Ioco
2357 4702 2419 4749 M
2439 4702 2493 4748 V
2500 4702 2545 4749 L
2697 4699 2764 4747 23
2804 4697 3024 4762 umeros]

451 4782 647 4818 omerus
687 4771 762 4890 3¹11
782 4770 1020 4833 humeros
1067 4773 1118 4820 V
1288 4772 1354 4821 26
1392 4772 1548 4820 vellus
1580 4780 1628 4822 ec
1665 4771 1847 4821 vulnus
1884 4788 1975 4825 om.
2010 4773 2076 4835 L,
2118 4773 2202 4835 qui
2239 4771 2373 4820 ulnis
2408 4771 2554 4821 habet
2596 4777 2710 4835 post
2746 4770 2820 4817 vis
2959 4771 3022 4819 27

451 4853 543 4887 sua
571 4854 660 4891 om.
