3541 5564
590 1574 887 1644 Cledonii
930 1586 1139 1641 artem
1181 1575 1466 1663 primum
1512 1573 1725 1641 edidit
1754 1574 2104 1643 Putschius
2151 1583 2269 1641 ‘ex
2312 1574 2480 1642 libro
2522 1574 2617 1642 Ol.
2650 1576 2776 1642 viri
2806 1576 3007 1642 Fran·

425 1680 580 1745 cisci
622 1678 939 1762 Pithoei’,
986 1689 1059 1744 ut
1103 1678 1336 1744 scribit
1378 1678 1447 1742 in
1491 1677 1708 1742 indice
1754 1680 2142 1765 scriptorum
2186 1678 2583 1765 praefationi
2626 1679 2695 1742 in
2737 1700 3009 1764 gramm.

424 1781 536 1847 lat.
583 1791 755 1846 auct.
802 1789 937 1845 ant.
982 1781 1297 1846 subiect0.
1356 1779 1615 1846 Pithoei
1659 1789 1873 1845 autem
1921 1778 2132 1847 codex
2175 1791 2406 1866 postea
2446 1782 2516 1845 in
2543 1779 3011 1846 bibliothecam

422 1884 816 1949 Bernensem
848 1883 1201 1948 translatus
1231 1904 1406 1947 nunc
1433 1884 1606 1948 inter
1634 1881 1839 1948 libros
1870 1905 2065 1946 manu
2096 1882 2375 1968 scriptos
2406 1884 2544 1947 eius
2577 1882 3012 1948 bibliothecae

424 1996 526 2051 est
564 2009 626 2049 n.
660 1985 806 2050 380.
856 1984 1139 2071 scriptus
1185 1995 1287 2050 est
1329 1984 1566 2049 litteris
1611 1983 2017 2065 uncialibus,
2065 2006 2227 2071 quas
2271 1983 2489 2049 dicere
2531 1986 3009 2061 consuevimus,

423 2080 717 2169 saeculo,
762 2095 838 2150 ut
880 2086 1039 2150 mihi
1069 2086 1289 2151 visum
1335 2093 1463 2169 est',
1512 2095 1735 2170 sexto,
1781 2096 1855 2150 ut
1897 2088 1963 2151 in
2010 2086 2267 2151 Sinneri
2312 2086 2613 2173 catalogo
2659 2085 2804 2153 cod.
2849 2087 3011 2152 bibl.

421 2190 613 2254 Bern.
659 2187 696 2252 I
740 2211 804 2274 p.
848 2189 975 2253 342
1019 2186 1381 2254 indicatum
1425 2199 1555 2261 est,
1614 2188 1928 2275 septimo,
1986 2188 2502 2259 inmembranis
2548 2188 2800 2255 formae
2855 2212 3009 2276 qua-

422 2292 648 2357 dratae
675 2289 946 2356 minoris
970 2313 1240 2357 numero
1265 2299 1524 2356 centum
1548 2300 1613 2355 et
1637 2291 1942 2377 quinque.
1994 2299 2253 2355 constat
2275 2293 2447 2355 enim
2470 2290 3010 2377 quaternionibus

422 2392 731 2459 tredecim
755 2392 1029 2477 integris
1055 2404 1317 2478 praeter
1338 2391 1699 2458 secundum
1722 2393 2243 2479 quaternionem,
2270 2392 2454 2457 cuius
2477 2392 2757 2479 primum
2779 2392 3010 2458 folium

422 2495 625 2577 deest,
659 2503 725 2559 et
754 2494 1010 2559 duobus
1041 2494 1218 2565 foliis
1252 2518 1335 2560 ex
1365 2495 1549 2561 initio
1581 2494 1797 2583 quarti
1841 2493 2075 2559 decimi
2105 2495 2551 2580 quaternionis
2590 2496 2875 2579 relictis,
2917 2496 3010 2560 ita

418 2606 493 2662 ut
533 2619 654 2661 sex
696 2595 894 2679 folia,
940 2619 1107 2684 quae
1153 2607 1459 2683 quartum
1516 2596 1843 2662 decimum
1887 2597 2380 2683 quaternionem
2428 2597 2856 2685 conplebant,
2901 2596 3009 2662 vel

420 2696 639 2786 plures
685 2698 883 2762 etiam
926 2699 1376 2781 membranas,
1420 2698 1490 2762 in
1532 2698 1774 2786 quibus
1821 2708 2116 2764 extrema
2159 2721 2314 2787 pars
2360 2698 2511 2764 libri
2558 2700 2806 2788 scripta
2848 2710 3008 2778 erat,

419 2800 488 2864 in
516 2801 648 2866 fine
677 2800 920 2867 codicis
950 2804 1188 2888 periise
1213 2801 1546 2887 adpareat.
1592 2801 1660 2865 in
1692 2800 1968 2887 singulis
2000 2802 2257 2888 paginis
2289 2801 2670 2889 plerumque
2699 2802 2913 2867 viceni
2946 2813 3012 2868 et

422 2902 588 2967 terni
643 2925 875 2968 versus
937 2904 1162 2990 scrIpti
1219 2912 1372 2968 sunt
1424 2901 1697 2987 litteris,
1754 2913 1831 2969 ut
1883 2904 1954 2967 in
2006 2902 2130 2969 hoc
2172 2925 2409 2989 genere
2456 2905 2822 2990 scripturae
2864 2904 3011 2969 fieri

422 3001 615 3088 solet,
662 3015 966 3071 accurate
1012 3010 1091 3070 ει
1122 3003 1486 3093 aequaliter
1526 3004 1720 3092 pictis
1768 3027 1981 3093 neque
2025 3004 2176 3070 ullis
2223 3005 2601 3092 conpendiis
2648 3006 3011 3093 scripturae

422 3106 734 3174 adhibitis
780 3118 1039 3196 praeter
1080 3106 1196 3172 illa
1240 3106 1696 3194 antiquissima
1740 3129 1946 3193 eaque
1990 3129 2138 3174 raro
2192 3107 2444 3195 posita,
2501 3120 2542 3171 ιῖ
2597 3129 2716 3193 pro
2762 3129 2894 3190 nm,
2951 3130 3007 3188 q.

422 3232 538 3297 pro
570 3232 701 3289 que,
736 3215 789 3274 b.
823 3233 940 3296 pro
971 3215 1097 3276 bus.
1150 3208 1446 3295 singulae
1477 3207 1735 3274 litterae
1765 3209 1832 3272 in
1862 3210 2176 3275 continua
2205 3209 2532 3296 scriptura
2561 3211 2843 3275 omissae
2873 3232 3010 3274 sae-

421 3314 567 3400 pius
590 3335 632 3378 a
658 3324 882 3378 vetere
912 3310 1181 3377 librario
1212 3334 1408 3397 super
1438 3333 1667 3376 versus
1694 3310 2071 3396 adscriptae
2101 3321 2286 3394 sunt3
2317 3310 2509 3396 plura
2538 3312 2781 3376 recenti
2814 3334 3011 3376 manu

425 3424 748 3497 correcta,
794 3413 1123 3478 interdum
1168 3413 1367 3478 etiam
1412 3422 1631 3477 vetere
1675 3412 2001 3499 scriptura
2042 3412 2109 3477 in
2155 3412 2560 3498 marginibus
2604 3435 2832 3479 umore
2873 3436 3011 3479 cor—

424 3517 588 3581 rosis
649 3515 871 3581 deleta
927 3516 1184 3582 litterae
1239 3503 1611 3598 restitutae,
1672 3514 1788 3579 sed
1845 3524 1978 3578 tam
2033 3513 2201 3579 male
2246 3515 2459 3602 pictae
2506 3524 2687 3597 sunt,
2734 3526 2809 3580 ut
2853 3515 3012 3601 quid

425 3617 739 3705 scriptum
794 3618 997 3682 fuerit
1053 3638 1182 3681 non
1236 3627 1413 3684 certo
1462 3617 1802 3704 adpareat.
1890 3616 1992 3681 his
2038 3625 2255 3681 autem
2301 3618 2628 3704 exceptis,
2673 3639 2837 3704 quae
2884 3639 3011 3682 non

423 3719 517 3783 ita
573 3717 779 3784 multa
835 3729 1024 3800 sunt,
1080 3717 1348 3806 reliquis
1403 3718 1563 3784 locis
1620 3728 1810 3783 vetus
1868 3720 2194 3805 scriptura
2252 3719 2412 3783 satis
2471 3729 2652 3784 certa
2707 3730 2774 3784 et
2817 3719 3013 3808 plana

424 3831 544 3886 est.
634 3821 704 3885 in
760 3819 807 3883 f.
858 3822 889 3884 1
951 3821 1201 3908 scripta
1257 3833 1358 3886 est
1414 3819 1696 3908 epistula
1747 3820 2162 3906 grammatici
2207 3819 2292 3884 ad
2336 3819 2616 3886 amicum
2662 3822 3010 3907 quendam,

426 3925 529 3988 cui
587 3922 827 3987 librum
882 3922 1326 4008 inscripserat.
1416 3922 1533 3987 sed
1590 3922 1832 3987 detrita
1899 3923 2223 4009 scriptura
2289 3925 2358 3986 in
2424 3923 2758 4009 superiore
2822 3936 3013 4010 parte

424 4025 674 4112 primae
718 4026 1001 4111 paginae
1046 4025 1390 4113 inscriptio
1436 4022 1757 4112 epistulae
1803 4046 1948 4088 cum
1993 4024 2223 4110 primis
2270 4026 2573 4100 versibus
2619 4025 2875 4092 duobus
2920 4026 3015 4090 ita

428 4125 645 4192 deleta
698 4137 834 4207 est,
891 4135 965 4190 ut
1019 4148 1267 4213 paucae
1324 4126 1582 4191 litterae
1638 4125 2029 4212 adpareant,
2097 4149 2257 4213 quas
2314 4148 2444 4189 una
2498 4149 2646 4190 cum
2698 4128 2779 4191 iis
2846 4149 3013 4213 quae

427 4228 783 4294 recentiore
838 4239 1054 4293 aetate
1109 4227 1351 4292 addita*
1396 4240 1551 4292 sunt
1605 4230 1672 4293 in
1730 4229 2056 4315 scriptura
2110 4227 2353 4293 codicis
2401 4226 2675 4293 editioni
2719 4229 3022 4294 subiecta
3121 4239 3128 4246 ‘

428 4329 712 4395 exhibui.
805 4329 850 4393 f.
896 4331 937 4393 2
1007 4329 1187 4417 prior
1248 4330 1489 4417 pagina
1553 4328 1763 4396 solum
1834 4329 2094 4395 titulum
2148 4328 2399 4416 libris
2453 4341 2676 4395 vetere
2744 4327 3013 4395 librario

430 4431 742 4518 scriptum
785 4431 1107 4513 continet,
1156 4437 1319 4497 ARS
1354 4435 1751 4496 CLEDONII
1792 4436 2132 4497 ROMANI
2165 4435 2634 4496 SENATOBIS
2675 4436 3013 4497 COSTAN-

433 4537 1026 4599 TINOPOLITANI
1070 4538 1639 4605 GRAMMATJCJ,·
1693 4534 1942 4599 recenti
2003 4556 2201 4599 manu
2258 4535 2698 4620 subscriptum
2753 4545 2851 4600 est
2907 4541 3020 4599 AD

432 4641 719 4700 FIDUM.
764 4635 920 4701 inde
950 4637 1033 4701 ab
1065 4634 1271 4701 altera
1301 4639 1544 4723 pagina
1581 4637 1934 4728 ipse-liber
1964 4637 2246 4724 scriptus
2295 4647 2394 4700 est
2439 4659 2610 4702 nova
2655 4635 2881 4701 addita
2920 4637 3015 4700 in-

431 4737 801 4822 scriptione,
830 4742 1360 4804 EXPLANATIO
1398 4741 1694 4803 TOTJUS
1718 4742 1725 4824 l
1755 4742 2008 4803 ARTIS
2038 4743 2452 4803 COLLECTA
2486 4743 2611 4802 EX
2628 4743 2727 4802 DI
2730 4742 3024 4802 UERSIS

438 4845 445 4927 Ι
491 4844 661 4905 CUM
697 4844 1054 4905 CETERIS
1098 4848 1108 4918 1
1159 4846 1277 4905 DE
1311 4844 1731 4905 PARTIBUS
1778 4845 2229 4906 ORATJONJS
2259 4839 2439 4924 (ante
2484 4848 2844 4922 explanatio
2891 4838 3021 4903 alia

2530 4946 2612 5006 1*
2937 4959 2944 4968 ·
