3541 5564
656 303 775 366 108
1789 302 2092 364 POMI'EII

703 426 745 467 p.
771 415 922 454 27—29
953 412 994 452 1..

821 493 945 553 Hoc
994 500 1083 552 est
1128 491 1282 572 quod
1322 491 1466 551 dixit
1508 490 1580 550 de
1624 489 1940 551 vocalibus.
2029 501 2355 571 sequuntur
2400 499 2808 552 consonantes,
2903 509 3048 568 quas
3093 509 3236 551 con·

652 604 928 655 sonantes
983 594 1179 655 divisit
1232 595 1293 655 in
1350 593 1494 654 duas
1550 601 1779 679 partes,
1836 595 1896 654 in
1952 594 2332 654 semivocales
2377 602 2437 655 et
2479 595 2538 653 in
2586 603 2779 653 mutas
2845 614 2878 644 σε
2938 611 3092 671 quae
3150 594 3237 652 sic

419 710 537 773 42⁶2,
568 711 626 758 15
654 697 957 768 dicuntur,
1016 705 1084 758 ut
1140 697 1394 758 diximus
1449 697 1747 776 superiuS,
1808 696 1835 755 s
1876 695 1894 755 l
1938 714 1996 756 m
2044 715 2080 756 n
2126 716 2156 757 r
2201 715 2229 755 s
2273 715 2329 756 x.
2419 714 2623 756 omnes
2680 695 2899 756 debent
2951 694 3236 755 inchoare

409 2952 523 3010 422,
554 2953 617 3000 22

654 800 724 860 ab
772 819 804 860 e
848 799 1044 860 littera
1091 808 1149 859 et
1192 799 1465 860 desinere
1508 800 1569 858 in
1617 798 1945 859 naturalem
1990 817 2201 858 sonum
2250 807 2488 878 excepta
2535 817 2568 857 x
2618 798 2828 858 littera.
2920 799 3029 858 ista
3076 799 3236 857 enim

653 921 770 962 non
817 901 891 962 ab
939 921 971 961 e
1014 901 1278 969 inchoat,
1327 899 1428 961 sed
1486 900 1558 961 ab
1604 902 1641 959 i.
1733 899 1879 960 haec
1935 907 2129 960 autem
2185 919 2221 960 x
2276 900 2466 961 littera
2525 918 2632 978 pro
2689 900 2914 960 duabus
2967 900 3285 977 fungitur-5

653 1003 1130 1064 consonantibus.
1195 1004 1430 1082 penitus
1476 1002 1833 1080 ubicumque
1880 1004 2055 1064 suerit
2101 1021 2135 1062 x
2181 1002 2406 1073 littera,
2454 1004 2539 1062 sic
2586 1011 2702 1071 est,
2750 1020 2817 1061 ac
2861 1003 2909 1061 si
2955 1000 3106 1062 duae
3151 999 3235 1060 ibi

650 1107 782 1165 sint.
875 1103 1046 1165 multi
1103 1103 1308 1165 dicunt
1364 1107 1531 1165 istam
1589 1104 1875 1173 litteram,
1934 1103 2100 1165 multi
2159 1114 2394 1182 negant.
2487 1104 2735 1183 legimus
2780 1103 2933 1182 apud
2979 1105 3238 1164 maiores

651 1215 886 1268 nostros
941 1208 1164 1286 primas
1220 1207 1370 1287 apud
1430 1207 1726 1267 Romanos
1781 1206 1859 1266 XI
1916 1205 2139 1266 litteras
2195 1207 2379 1267 fuisse
2438 1215 2660 1267 tantum
2720 1204 2923 1271 modo,
2980 1214 3045 1264 ut
3089 1204 3238 1265 dicit

652 1310 865 1370 Caesar
908 1311 971 1368 in
1016 1307 1168 1368 libio
1215 1308 1614 1387 analogiarum
1660 1310 1885 1388 primo:
1934 1311 1996 1368 in
2042 1308 2194 1369 libro
2239 1308 2639 1387 analogiarum
2675 1308 2890 1369 Caesar
2921 1307 3036 1368 hoc
3067 1306 3233 1374 dicit,

652 1411 727 1471 XI
785 1411 978 1471 fuisse..
1069 1410 1254 1471 Varro
1313 1410 1486 1486 docet
1535 1413 1595 1470 in
1652 1409 1784 1470 aliis
1840 1409 2032 1480 libris,
2094 1428 2241 1487 quos
2298 1410 2368 1470 ad
2415 1411 2633 1471 Attium
2677 1412 2944 1490 scripsit,
2983 1402 3236 1470 ⁴litteras
3263 1425 3312 1464 10

652 1512 778 1572 XVI
834 1513 1047 1581 fuisse,
1106 1520 1309 1592 postea
1368 1523 1564 1574 tamen
1620 1514 1875 1573 crevisse
1933 1525 1991 1572 et
2048 1513 2234 1573 factas
2291 1531 2422 1574 esse
2467 1512 2670 1573 XXIII.
2759 1522 2958 1574 tamen
3001 1514 3236 1592 primae

651 1633 800 1694 quae
845 1616 1114 1675 inventae
1160 1622 1297 1675 sunt
1351 1615 1591 1676 suerunt
1633 1614 1738 1685 XI,
1786 1622 1989 1693 postea
2035 1634 2187 1694 quae
2242 1618 2513 1676 inventae
2572 1623 2740 1685 sunt,
2790 1615 3031 1675 suerunt
3072 1614 3234 1682 xvh

649 1724 854 1795 postea
909 1723 1101 1776 autem
1147 1715 1331 1776 XXIII
1386 1718 1573 1777 sactae
1630 1724 1782 1777 sunt.
1873 1717 1994 1776 illic
2039 1727 2571 1788 commemoratur,
2620 1717 2721 1794 qui
2765 1715 2924 1777 illam
2970 1714 3231 1776 litteram

651 1818 816 1886 fecit,
864 1819 959 1897 qui
1007 1817 1185 1878 illam.
1252 1817 1258 1899 1
1319 1836 1459 1895 ergo
1506 1820 1616 1879 ista
1674 1839 1706 1877 x
1765 1818 1958 1880 littera
2007 1819 2242 1899 quando
2289 1838 2406 1879 non
2452 1821 2592 1889 suit,
2650 1838 2825 1899 quem
2871 1818 2941 1878 ad
2990 1819 3232 1878 modum

649 1918 991 1981 scribebant
1033 1921 1169 1999 pix?
1236 1921 1380 2000 picS.
1474 1931 1531 1982 et
1577 1921 1735 1981 unde
1780 1924 2152 2001 suspicamur
2211 1924 2340 1998 quia
2399 1939 2507 2000 per
2562 1942 2594 1981 c
2651 1929 2708 1981 et
2749 1941 2778 1980 s
2824 1920 3234 1981 scribebatur?
3261 1933 3314 1972 15

648 2030 893 2101 propter
935 2024 1269 2100 genetivum
1318 2020 1568 2101 placuit;
1615 2023 1841 2084 idcirco
1886 2043 1993 2104 per
2040 2042 2071 2082 c
2118 2032 2176 2084 et
2220 2044 2247 2084 s
2292 2022 2648 2084 scribebant.
2719 2026 2858 2083 item
2905 2041 3012 2083 rex
3057 2022 3233 2083 aliter

648 2124 1012 2195 scribebant,
1059 2141 1212 2201 regS.
1308 2131 1366 2183 et
1408 2126 1458 2185 si
1505 2124 1616 2185 boc
1661 2124 1794 2186 loco
1839 2144 1906 2205 g,
1952 2134 2200 2206 propter
2244 2128 2578 2203 genetivum
2625 2125 2736 2185 hoc
2783 2123 3098 2185 faciebant.
3175 2135 3234 2186 et

647 2226 781 2288 ideo
826 2235 1179 2307 putaverunt
1222 2221 1375 2287 han'c
1419 2227 1675 2288 litteram
1721 2236 1995 2289 constare
2042 2236 2139 2288 aut
2184 2246 2290 2306 per
2337 2247 2368 2288 c
2415 2235 2474 2288 et
2519 2247 2547 2288 s
2596 2225 2689 2306 [ut
2720 2225 3082 2307 scriberent]
3132 2236 3234 2287 aut

646 2347 752 2410 per
797 2347 835 2406 g
881 2338 939 2388 et
980 2347 1037 2399 S,
1095 2337 1341 2408 propter
1395 2332 1748 2408 genetivum.
1841 2329 1945 2400 sed
2002 2330 2114 2390 boc
2160 2328 2401 2390 stultum
2449 2336 2553 2389 est.
2645 2330 3022 2389 inveniuntur
3070 2330 3229 2389 enim

645 2431 911 2500 nomina,
969 2428 1070 2490 ubi
1129 2448 1237 2490 nec
1294 2450 1325 2490 c
1382 2434 1457 2492 sit
1512 2451 1621 2492 nec
1666 2451 1719 2511 g.
1824 2441 1887 2492 ut
1931 2440 2067 2511 puta
2115 2450 2298 2491 senex
2358 2430 2500 2508 quid
2545 2429 2724 2490 habet
2778 2430 2975 2492 facere
3019 2432 3082 2490 in
3127 2446 3312 2509 gesto

644 2532 876 2594 netivo'?
934 2533 1163 2592 senecis
1220 2551 1336 2592 uon
1392 2540 1585 2613 potest
1628 2536 1858 2603 facere,
1907 2534 2010 2594 sed
2057 2535 2217 2594 senis
2260 2534 2416 2594 facit.
2508 2535 2648 2593 item
2696 2532 2853 2593 aliud
2898 2535 3026 2602 nix,
3079 2535 3228 2593 nivis

643 2635 811 2703 facit,
871 2652 989 2695 non
1046 2633 1185 2693 facit
1238 2635 1413 2702 uicis,
1471 2654 1589 2696 non
1635 2636 1775 2698 facit
1820 2637 1989 2716 nigis.
2078 2635 2238 2697 unde
2284 2645 2527 2715 apparet
2569 2637 2705 2714 quia
2748 2634 2963 2696 frustra
3010 2634 3228 2714 proba-

645 2745 856 2799 verunt
919 2737 1002 2797 sic
1057 2734 1277 2797 debere
1333 2737 1529 2798 scribi.
1619 2739 1859 2799 interim
1915 2739 2029 2799 hoc
2083 2739 2236 2799 scire
2284 2737 2490 2809 debes,
2541 2739 2677 2815 quia
2723 2736 2825 2799 ubi
2871 2747 2957 2798 est
3003 2756 3067 2807 x,
3114 2756 3226 2817 pro

644 2839 872 2900 duabus
917 2838 1380 2900 consonantibus
1427 2838 1696 2900 habetur.

814 2942 853 3001 S
910 2940 1105 3001 littera
1142 2940 1315 3000 ‘lianc
1370 2939 1549 3002 habet
1602 2950 1984 3021 potestatem,
2043 2951 2107 3004 ut
2165 2943 2266 3004 ubi
2321 2962 2469 3023 opus
2527 2944 2705 3003 luerit
2759 2942 3104 3003 excludatur
3149 2942 3307 3003 deza

646 3052 865 3111 metm,
916 3044 1209 3123 ‘ponite
1256 3062 1427 3122 spes
1471 3043 1616 3103 sibi
1662 3047 2029 3124 quisque'.
2091 3049 2293 3124 ponite
2326 3043 2591 3125 dactylus
2637 3051 2756 3115 est;
2803 3046 2909 3106 sed
2957 3046 3223 3123 sequitur

644 3165 672 3204 s
721 3152 778 3204 et
823 3164 888 3224 p,
950 3156 1009 3204 et
1059 3145 1199 3205 facit
1252 3144 1517 3221 longam,
1579 3155 1638 3206 et
1695 3149 1810 3207 iam
1870 3148 2075 3226 incipit
2131 3166 2259 3207 esse
2315 3148 2752 3226 amphimacrus
2808 3166 2916 3227 pro
2974 3147 3218 3227 dactylo.

650 3266 792 3326 ergo
837 3246 974 3324 quid
1020 3248 1322 3323 sequitur?
1380 3256 1443 3308 ut
1488 3250 1809 3326 proiciatur
1855 3268 1882 3307 s
1938 3248 2151 3309 littera.
2243 3268 2384 3326 ergo
2430 3251 2563 3311 talis
2608 3257 2697 3310 est
2740 3268 2796 3318 S,
2844 3249 3044 3329 quales
3088 3258 3223 3309 sunt

644 3348 940 3429 liquidae?
998 3366 1132 3408 nam
1190 3355 1246 3409 et
1299 3347 1560 3427 liquidae
1619 3349 2011 3411 excluduntur
2067 3350 2140 3411 de
2195 3360 2403 3411 metro,
2496 3349 2717 3430 duplici
2764 3348 2773 3433 Ι
2822 3352 3053 3411 ratione
3112 3351 3219 3411 boc

646 3454 837 3531 ipsum
894 3450 1113 3510 dicunt.
1188 3468 1302 3511 una
1359 3450 1504 3511 levis
1546 3461 1650 3549 ⁸est
1703 3454 1883 3522 ratio,
1942 3452 2049 3513 alia
2097 3451 2509 3514 valentissima.
2599 3452 2766 3512 multi
2811 3452 3013 3513 dicunt
3054 3452 3214 3522 illud,
3243 3466 3303 3506 ⁸0

781 3624 811 3670 2
849 3623 1075 3670 lacunam
1102 3621 1333 3683 indicavi,
1364 3638 1462 3687 qua
1498 3623 1716 3684 definitio
1752 3624 2107 3672 semivocalium
2144 3624 2397 3674 excidisse
2432 3625 2631 3674 videtur
2746 3627 2776 3673 4
2818 3634 3028 3689 excepta
3065 3640 3100 3673 x
3139 3626 3215 3673 lit-

644 3703 750 3741 tera
786 3706 915 3754 quae
951 3706 1114 3754 neque
1152 3690 1213 3739 ab
1250 3707 1277 3739 e
1315 3690 1516 3741 inchoat
1554 3707 1713 3753 neque
1751 3694 1800 3740 in
1841 3710 1867 3740 e
1898 3692 2082 3741 desinit
2112 3694 2200 3741 sed
2240 3697 2302 3743 ab
2337 3695 2352 3742 i
2390 3694 2429 3743 G
2565 3694 2597 3743 5
2627 3692 2854 3758 fungitur
2888 3694 3001 3742 AB
3037 3695 3214 3761 sunga—

645 3774 723 3810 tur
760 3762 807 3810 L
843 3762 1045 3825 ponitur
1083 3761 1123 3808 0
1258 3760 1290 3809 6
1331 3763 1530 3825 penitus
1568 3762 1871 3824 ubicumque
1903 3761 2015 3810 AB
2045 3764 2247 3827 penitus
2280 3764 2368 3813 ubi
2402 3765 2443 3814 C
2466 3764 2670 3831 ponitur
2705 3766 3006 3827 ubicumque
3032 3765 3081 3814 L

644 3832 717 3882 sic
755 3847 868 3881 esse
906 3832 1056 3880 debet
1101 3844 1161 3878 ac
1197 3832 1241 3879 si
1281 3830 1410 3879 dinae
1451 3832 1517 3879 ibi
1555 3832 1653 3879 sint
1690 3842 2026 3883 consonantes
2078 3832 2217 3881 multi
2258 3850 2285 3882 c
2321 3846 2368 3883 et
2410 3849 2434 3881 s
2466 3835 2639 3884 dicunt
2675 3834 2820 3884 istam
2859 3834 3074 3883 litte-ram
3105 3850 3214 3885 esse

645 3901 783 3950 multi
827 3910 1011 3965 negant
1052 3900 1092 3949 C
1230 3900 1263 3949 8
1310 3902 1496 3966 primas
1532 3902 1581 3949 A
1606 3901 1711 3949 BL
1760 3902 1940 3965 primis
1978 3903 2018 3952 G
2158 3914 2209 3951 ut
2254 3904 2378 3953 dicit
2414 3919 2591 3954 caesar
2638 3907 2688 3953 in
2724 3903 2851 3953 libro
2890 3903 2965 3954 cb
3006 3915 3060 3955 ut
3096 3905 3214 3954 dicit

642 3972 790 4036 (dicit
829 3987 922 4019 οηι.
968 3969 1044 4030 Α,
1084 3970 1206 4022 add.
1248 3970 1307 4034 a)
1344 3985 1519 4019 caesar
1563 3972 1690 4019 libro
1723 3971 1865 4022 AB:
1907 3981 1959 4020 ut
1999 3987 2168 4022 cessar
2216 3975 2266 4023 in
2321 3975 2448 4024 libro
2489 3974 2837 4040 analogiarum
2880 3975 3045 4038 primo
3093 3974 3215 4024 haee

643 4043 766 4091 dicit
802 4040 895 4102 Xl·
912 4039 1071 4088 fuisse
1117 4040 1159 4087 L
1300 4041 1365 4091 10
1402 4039 1534 4107 aliis]
1592 4040 1688 4089 alis
1728 4041 1777 4089 L
1917 4044 1979 4092 ad
2018 4043 2202 4091 actium
2248 4044 2475 4094 ABGL
2619 4045 2795 4094 scribit
2839 4060 2976 4097 corr.
3016 4047 3215 4111 scripsit

643 4113 691 4161 A
831 4110 887 4159 lit
924 4108 1036 4159 XUl
1078 4108 1237 4159 fuisse
1280 4111 1325 4158 L
1366 4152 1377 4164 .
1411 4148 1424 4160 .
1454 4151 1465 4162 .
1509 4111 1594 4173 (lit
1635 4111 1799 4173 fuisse
1842 4113 2061 4177 videtur)
2111 4112 2200 4163 ΧΠ
2251 4115 2413 4165 fuisse
2456 4116 2504 4164 A
2549 4114 2658 4165 XUI
2700 4113 2858 4164 fuisse
2900 4113 2947 4162 B
2995 4116 3210 4166 sedecim

642 4182 803 4232 fuisse
840 4181 881 4230 G
1054 4179 1114 4229 11
1153 4188 1317 4228 tamen
1363 4180 1432 4230 XI
1473 4182 1695 4230 creuisse
1731 4182 1777 4230 L
1954 4184 2017 4234 12
2053 4190 2170 4232 sunt
2200 4187 2375 4248 priore
2412 4188 2523 4237 loco
2561 4202 2652 4238 om.
2694 4184 2740 4232 L
2907 4185 3109 4235 suerunt
3145 4185 3212 4234 Xl

641 4251 905 4316 (undecim
943 4250 993 4306 c)
1028 4257 1206 4313 postea
1242 4264 1369 4312 quae
1405 4252 1637 4300 iuuentae
1678 4260 1795 4300 sunt
1831 4252 2032 4302 fuerunt
2063 4252 2178 4304 XUI
2217 4255 2461 4317 (sedecim
2488 4256 2541 4317 c)
2581 4255 2793 4305 ABLc
2831 4254 3032 4304 fuerunt
3070 4260 3211 4305 sede·

641 4325 739 4372 cim
776 4321 817 4372 C
952 4330 1131 4385 postea
1170 4317 1320 4387 quae]
1364 4331 1541 4385 postea
1575 4336 1725 4384 quam
1754 4320 2123 4374 Eluas-mannus
2159 4324 2337 4376 philol.
2379 4341 2424 4377 υ.
2468 4325 2562 4376 XII
2601 4328 2672 4390 (a.
2713 4323 2875 4379 1857)
2904 4339 2957 4386 p.
2999 4326 3098 4377 591

643 4392 707 4445 13
745 4401 922 4457 postea
962 4399 1128 4439 autem
1168 4389 1332 4439 XXIII
1370 4390 1420 4439 A
1460 4401 1636 4454 postea
1669 4392 1790 4441 item
1828 4391 1925 4442 XX
1955 4404 2002 4443 et
2037 4396 2103 4444 lll
2146 4396 2224 4457 (et
2262 4404 2362 4444 tres
2398 4394 2464 4458 C)
2500 4396 2582 4446 Ca
2620 4404 2798 4457 postea
2832 4394 2998 4444 xxm
3038 4395 3088 4445 B
3125 4409 3210 4462 po-

641 4474 748 4513 stea
782 4476 932 4524 quam
970 4458 1134 4508 xxm
1178 4460 1218 4508 L
1365 4461 1428 4511 14
1461 4460 1578 4511 fecit
1614 4463 1698 4525 qui
1740 4462 1877 4513 illam
1908 4464 2021 4513 AB
2059 4463 2176 4514 fecit
2213 4465 2300 4528 qui
2336 4464 2470 4513 illam
2506 4467 2591 4529 qui
2626 4464 2761 4515 illam
2792 4463 2878 4515 Ca
2916 4465 3037 4514 facit
3063 4465 3110 4513 L

642 4534 706 4585 15
730 4534 819 4598 pix
847 4531 956 4597 pies
992 4529 1114 4580 Cal»
1150 4532 1237 4595 pix
1262 4532 1393 4596 picis
1424 4532 1594 4583 ABL
1704 4533 1767 4583 16
1794 4533 2078 4583 scribebant
2111 4549 2229 4599 regs
2260 4534 2307 4584 B
2332 4535 2622 4584 scribebant
2656 4549 2771 4600 rega
2797 4534 2935 4600 regis
2967 4534 3009 4585 C
3033 4536 3211 4585 scribe-

641 4605 759 4653 bant
793 4602 932 4670 regis
954 4601 1068 4650 AL
1154 4602 1221 4651 ²0
1248 4600 1404 4651 habes
1428 4602 1594 4653 ABG
1683 4604 1747 4653 21
1779 4605 1975 4653 senecis
2005 4618 2103 4652 non
2142 4612 2307 4669 potest
2324 4602 2418 4652 BC
2442 4606 2627 4655 senicis
2650 4619 2746 4654 nou
2776 4615 2939 4670 potest
2961 4604 3005 4653 L
3034 4604 3209 4655 senicis
3262 4656 3275 4665 ,

639 4676 798 4731 (corr.
828 4673 1047 4732 senecia,
1075 4672 1261 4721 senicis
1286 4674 1410 4726 add.
1440 4672 1499 4736 a)
1532 4688 1630 4723 non
1655 4681 1820 4740 potest
1847 4673 1892 4721 A
2000 4675 2116 4724 item
2154 4674 2293 4724 aliud
2334 4673 2421 4722 nix
2458 4677 2592 4725 niuis
2631 4675 2751 4724 facit
2786 4689 2884 4724 non
2921 4676 3049 4725 nicis
3081 4675 3208 4725 unde

640 4752 853 4809 apparet
887 4744 933 4792 L
1052 4742 1119 4790 22
1157 4757 1255 4791 non
1290 4742 1409 4793 l'acit
1442 4743 1575 4809 nigis
1609 4745 1658 4792 A
1697 4758 1797 4793 uon
1837 4742 1958 4793 facit
1994 4745 2131 4806 nigis
2164 4746 2254 4793 sed
2291 4742 2412 4792 facit
2452 4747 2582 4795 uiuis
2623 4745 2765 4794 Rea
2870 4745 2938 4797 23
2970 4746 3088 4808 quia
3124 4746 3205 4794 ubi

640 4825 713 4861 cst
749 4829 782 4861 x
822 4813 990 4863 ABG
1025 4813 1144 4875 quia
1184 4814 1267 4861 ubi
1304 4814 1390 4863 ubi
1430 4823 1505 4863 est
1540 4830 1572 4862 x
1608 4830 1641 4863 a
1674 4815 1791 4878 quia
1827 4829 1861 4862 x
1901 4816 1947 4865 L
2088 4814 2154 4861 26
2193 4816 2382 4880 ponite]
2436 4816 2592 4882 Ver-9.
2632 4816 2761 4867 Aen.
2802 4814 2872 4864 xl
2906 4814 3007 4867 309
