3541 5564
649 395 766 459 138
1787 396 2088 458 ΡΟΜΙἘΙΙ

692 518 733 557 p.
760 506 909 545 92-94
942 505 984 544 1..

640 585 793 645 scire
853 584 1035 645 debes
1089 585 1366 666 quoniam
1424 585 1664 665 proprie
1710 583 1938 644 locutus
1994 592 2085 644 est
2137 582 2362 644 nullum
2421 602 2637 644 nomen
2697 601 2826 643 esse
2881 584 3012 643 sine
3057 602 3210 643 casu.

642 706 717 747 ne
747 687 911 748 dicas
943 687 1088 748 mibi
1135 687 1262 748 ‘sed
1311 695 1450 748 sunt
1494 686 1687 764 aliqua
1734 688 1975 747 nomina
2022 705 2169 766 quae
2216 685 2449 747 casibus
2494 687 2780 746 careant.’
2854 692 3048 765 potest
3088 687 3213 746 fieri

641 798 702 851 ut
759 788 1056 869 aliquibus
1113 797 1383 860 careant,
1443 809 1561 850 non
1622 798 1820 850 tamen
1874 797 1938 849 ut
1994 787 2270 850 omnibus
2326 795 2583 850 careant.
2672 806 2809 847 nam
2864 787 3211 871 invenitur}

641 911 886 961 nomen,
943 892 1045 953 ubi
1094 911 1210 952 non
1259 900 1347 950 est
1389 893 1450 953 in
1498 910 1604 952 usu
1663 893 2087 978 nominativus,
2142 901 2208 951 ut
2261 899 2348 952 est
2400 892 2602 952 lateris
2657 891 2827 952 lateri
2882 889 3128 952 laterem
3182 909 3213 950 a

639 993 853 1055 latere:
901 995 1259 1055 nominativo
1303 994 1451 1055 later
1482 1013 1601 1054 non
1649 993 1885 1065 dicitur,
1933 995 2198 1074 quamvis
2241 993 2397 1074 apud
2441 993 2700 1054 Probum
2745 993 3079 1053 invenimus
3121 992 3263 1053 bicf»

637 1095 815 1159 later:
867 1116 976 1157 nec
1023 1098 1175 1157 lovis
1220 1099 1280 1157 in
1328 1097 1686 1157 nominativo
1714 1096 2034 1165 similiter,
2084 1097 2234 1157 lovis
2279 1096 2397 1157 lovi
2441 1096 2635 1156 lovem
2683 1115 2716 1156 a
2762 1094 2913 1155 love.
2990 1096 3215 1156 inveni-

638 1207 816 1260 untur
861 1201 1128 1269 nomina,
1187 1206 1415 1260 tantum
1473 1198 1650 1259 modo
1709 1198 1806 1258 ubi
1853 1206 1977 1258 tres
2031 1205 2166 1259 sunt
2222 1218 2418 1268 casus,
2477 1198 2563 1258 l'as
2619 1197 2784 1258 nefas
2827 1216 3050 1276 nugas:
3109 1198 3218 1258 boc

639 1301 756 1371 laS,
805 1300 918 1361 hoc
965 1302 1079 1369 sas,
1128 1321 1163 1361 o
1208 1302 1320 1369 sas;
1368 1301 1479 1361 boc
1526 1302 1723 1370 nefas,
1772 1300 1886 1361 boc
1931 1301 2123 1368 nefas,
2173 1321 2206 1361 o
2253 1300 2447 1369 nesas;
2498 1319 2680 1379 nugas
2723 1299 3014 1361 similiter.
3064 1308 3215 1369 sunt,

636 1402 737 1463 ubi
782 1403 927 1474 duo,
975 1403 1071 1463 hic
1117 1402 1404 1483 luppiter,
1454 1423 1488 1463 o
1533 1403 1828 1483 luppiter;
1899 1401 1997 1463 ubi
2042 1422 2192 1463 unus
2238 1404 2315 1464 sit
2360 1410 2613 1471 tantum,
2659 1409 2874 1481 sponte
2905 1409 3048 1463 natu
3085 1402 3215 1463 tabo

636 1505 886 1565 dicione.
981 1523 1123 1583 ergo
1169 1514 1365 1583 potest
1408 1506 1535 1566 fieri
1580 1513 1644 1565 ut
1687 1503 1870 1583 aliqui
1915 1523 2083 1566 casus
2127 1505 2333 1567 deesse
2379 1505 2713 1575 videantur,
2761 1523 2881 1566 non
2925 1512 3124 1566 tamen
3156 1513 3290 1565 ut1⁰

636 1624 843 1668 omnes
887 1596 1098 1668 desint.
2061 1681 2069 1691 ·

815 1710 1050 1772 Nomini
1107 1707 1383 1770 accidunt
1439 1729 1572 1779 sex,
1632 1709 1881 1790 qualitas
1938 1711 2282 1790 conparatio
2327 1729 2515 1788 genus
2560 1728 2845 1770 numerus
2887 1711 3074 1787 ligura
3121 1728 3215 1769 ca-

632 1833 759 1873 sus:
848 1810 1017 1872 multi
1079 1813 1555 1892 vituperaverunt
1607 1813 1693 1895 in·
1725 1813 1838 1872 bac
1881 1831 1948 1873 re
2004 1810 2151 1873 tales
2208 1811 2598 1873 definitiones,
2691 1813 2792 1892 qui
2838 1812 3047 1872 definit
3089 1809 3218 1872 illas

634 1933 734 1975 res
778 1913 956 1974 debet
999 1913 1227 1984 dicere,
1276 1932 1426 1993 quae
1471 1931 1706 1993 semper
1753 1915 2136 1993 contingunt,
2184 1923 2284 1975 aut
2323 1913 2452 1974 illas
2484 1933 2581 1975 res
2613 1914 2831 1982 dicere,
2867 1921 3016 1994 quae
3048 1933 3218 1974 num·

636 2035 812 2097 quam
860 2018 1224 2094 contingunt.
1317 2016 1451 2076 vide
1510 2017 1688 2093 nequi
1748 2015 1856 2076 tibi
1912 2017 2087 2077 saciat
2131 2017 2539 2097 quaestionem
2585 2018 2648 2076 in
2693 2015 2803 2076 bac
2847 2034 2915 2076 re
2962 2023 3021 2075 et
3066 2015 3219 2077 dicat
3248 2028 3294 2067 15

636 2117 776 2179 tibi:
823 2138 1007 2199 quare
1052 2119 1313 2179 Donatus
1357 2120 1436 2179 ita
1483 2117 1657 2188 dixit,
1712 2115 1720 2199 Ι
1775 2120 1999 2179 nomini
2044 2118 2318 2180 accidunt
2361 2117 2473 2178 hae
2519 2136 2645 2186 res»,
2705 2116 2957 2196 qualitas
3001 2136 3217 2197 conpa-

633 2222 783 2281 ratio
828 2239 1013 2299 genus
1058 2239 1339 2280 numerus
1384 2223 1570 2298 ligura
1617 2222 1824 2281 casus?
1882 2222 1958 2281 ita
2017 2221 2278 2282 definivit
2322 2222 2614 2290 Donatus,
2663 2221 2888 2280 nomini
2944 2220 3222 2280 accidunt

633 2322 745 2383 hae
811 2342 935 2392 reS,
1008 2322 1255 2400 qualitas
1319 2324 1664 2402 conparatio
1726 2341 1918 2400 genus
1983 2342 2271 2385 numerus
2309 2313 2524 2402 *figura
2590 2341 2779 2383 casus.
2871 2330 2930 2382 et
2987 2320 3221 2383 Probus

632 2424 849 2486 adiecit
893 2423 1032 2484 ‘sed
1080 2425 1360 2485 accidunt
1405 2427 1579 2487 etiam
1627 2430 1954 2486 accentus.’
2017 2425 2304 2487 babemus
2347 2427 2408 2485 in
2440 2423 2638 2487 Probo
2683 2433 2992 2485 accentum
3041 2427 3216 2485 etiam

632 2529 859 2612 nomini
913 2526 1217 2596 accidere;
1274 2526 1453 2606 legite
1509 2534 1696 2588 artem
1753 2526 1933 2588 Probi
1992 2536 2049 2588 et
2103 2529 2436 2589 invenietis
2526 2528 2858 2607 quaeritur,
2916 2528 3020 2607 qui
3066 2526 3220 2587 bene
3248 2541 3297 2578 ευ

634 2628 944 2690 definierit.
1036 2630 1088 2689 si
1146 2648 1348 2690 verum
1407 2648 1687 2709 quaeras,
1748 2638 1808 2689 et
1861 2631 1970 2690 iste
2025 2632 2321 2709 peccavit,
2380 2629 2486 2690 sed
2552 2631 2612 2690 in
2679 2647 2796 2690 una
2849 2647 2948 2697 re,
3009 2636 3068 2689 et
3122 2627 3222 2689 ille

631 2731 693 2790 in
761 2729 874 2792 alia
939 2749 1026 2792 re.
1117 2730 1215 2792 ille
1277 2733 1340 2792 in
1404 2731 1521 2792 hoc
1594 2733 1886 2812 peccavit,
1972 2732 2130 2810 quod
2199 2731 2429 2794 adiecit.
2520 2732 2673 2809 siqui
2738 2741 2936 2793 tamen
3003 2731 3222 2793 obiciat

635 2833 690 2893 ei
755 2833 867 2895 hoc
924 2835 1147 2914 ipsum,
1217 2841 1411 2914 potest
1463 2833 1662 2894 dicere
1719 2833 1951 2895 Probus
2006 2835 2174 2896 ‘ideo
2234 2835 2355 2895 dixi
2414 2843 2724 2895 accentum
2784 2833 3060 2896 accidere
3114 2854 3220 2895 no-

634 2936 808 3005 mini,
868 2937 1032 3015 quia,
1103 2954 1276 3014 quem
1331 2936 1403 2996 ad
1474 2935 1714 2997 modum
1785 2934 2034 3016 qualitas
2096 2956 2333 3018 semper
2375 2939 2662 3015 =sequitur
2730 2955 2980 3005 nomen,
3042 2955 3219 3015 quem

635 3036 708 3096 ad
765 3038 1003 3098 modum
1070 3056 1256 3116 genus
1311 3056 1548 3118 semper
1617 3040 1887 3117 sequitur
1954 3057 2199 3108 nomen,
2259 3058 2433 3120 quem
2500 3039 2572 3099 ad
2640 3037 2884 3100 modum
2937 3053 3300 3100 numerus25

633 3158 866 3219 semper
910 3141 1178 3217 sequitur
1223 3158 1472 3210 nomen,
1533 3142 1619 3201 sic
1664 3160 1902 3220 semper
1946 3149 2226 3203 accentus
2286 3144 2552 3220 sequitur
2609 3146 2874 3203 nomen.'
2966 3160 3085 3202 non
3133 3150 3224 3203 est

636 3240 776 3311 boc,
825 3241 976 3302 male
1023 3242 1269 3302 definiit.
1361 3261 1497 3302 nam
1544 3244 1593 3304 si
1638 3242 1910 3323 placebat
1954 3246 2009 3303 ei
2055 3263 2123 3305 ea
2168 3244 2400 3313 dicere,
2449 3262 2602 3322 quae
2646 3261 2884 3323 semper
2915 3244 3218 3313 accidunt,

635 3342 840 3404 debuit
882 3344 1083 3404 dicere
1126 3343 1439 3406 ‘accidunt
1484 3347 1709 3406 nomini
1757 3344 2007 3423 qualitas
2041 3365 2227 3425 genus
2275 3365 2560 3409 numerus
2589 3347 2776 3424 figura
2808 3364 2981 3408 casus
3013 3365 3222 3409 accen-

634 3448 775 3506 tus?
856 3453 1163 3506 accentum
1220 3447 1393 3515 dixit;
1454 3447 1611 3509 dicat
1665 3467 1809 3527 ergo
1856 3457 1914 3510 et
1969 3447 2252 3509 litteram:
2315 3467 2448 3510 nam
2499 3446 2802 3528 numlquid
2849 3458 3046 3528 potest
3091 3469 3221 3510 esse

632 3566 849 3609 nomen
898 3550 1026 3609 sine
1070 3547 1316 3608 litteris?
1359 3549 1668 3628 syllabam:
1730 3570 1866 3612 nam
1913 3551 2199 3631 numquid
2244 3559 2440 3631 potest
2486 3569 2616 3612 esse
2662 3568 2880 3611 nomen
2928 3553 3061 3612 sine
3104 3552 3218 3631 syl·
3247 3569 3299 3607 ao

635 3649 803 3711 laba?
851 3658 907 3710 et
952 3649 1063 3710 boc
1109 3649 1311 3711 debuit
1356 3651 1573 3721 dicere,
1622 3661 1681 3713 et
1724 3655 1920 3715 omnia
1969 3671 2120 3731 quae
2165 3672 2402 3733 semper
2445 3652 2719 3714 accidunt
2763 3652 2967 3714 debuit
2996 3653 3220 3715 dicere.

633 3752 735 3813 sed
764 3751 1186 3827 ,stultissimum
1233 3765 1338 3815 est.
1400 3773 1515 3835 qua
1561 3757 1794 3816 ratione
1838 3756 2246 3817 stultissimum
2294 3757 2418 3817 est?
2463 3756 2744 3836 quoniam
2788 3754 2885 3816 illa
2933 3755 3223 3817 debemus

634 3854 832 3915 dicere
878 3854 1233 3925 accidentia,
1292 3876 1441 3936 quae
1498 3857 1834 3937 specialiter
1891 3858 2184 3920 accidunt.
2275 3858 2500 3919 litteras
2557 3865 2755 3918 autem
2809 3866 2913 3919 aut
2965 3857 3221 3938 syllabas

632 3975 752 4017 non
798 3957 1062 4018 videmus
1106 3958 1375 4019 accidere
1419 3958 1755 4038 specialiter
1802 3961 2057 4029 nomini,
2116 3960 2222 4021 sed
2266 3958 2625 4039 generaliter
2671 3966 2828 4020 totae
2876 3958 3217 4021 elocutioni.

636 4058 882 4140 [nomini
940 4061 1133 4119 omnia
1191 4060 1524 4139 specialiter
1581 4062 1852 4122 accidere
1897 4061 2128 4133 volunt,
2189 4081 2309 4123 non
2355 4061 2738 4141 generaliter:
2811 4080 2948 4122 nam
2993 4062 3298 4123 litterasas

636 4178 875 4240 semper
920 4160 1192 4221 accidere
1236 4164 1461 4223 nomini
1506 4166 1755 4233 scimus,
1818 4162 2071 4243 syllabas
2125 4182 2363 4243 semper
2408 4164 2678 4225 accidere
2725 4163 2997 4245 scimus]
3077 4183 3220 4243 ergo

772 4354 803 4398 4
841 4364 870 4397 a
908 4349 1063 4397 latere
1101 4350 1333 4411 quamuis
1364 4352 1500 4420 apud
1542 4353 1751 4417 probum
1791 4352 2076 4401 inuenimus
2115 4351 2197 4402 bie
2229 4352 2353 4401 later
2382 4351 2692 4401 nominatiuo
2729 4348 2845 4414 (-uo
2879 4367 3016 4405 corr.
3045 4355 3116 4404 αὖ
3145 4352 3217 4415 B)

635 4420 759 4469 later
800 4434 897 4469 non
942 4418 1065 4467 dicit
1104 4434 1195 4467 nec
1228 4420 1395 4470 ABG
1530 4424 1564 4473 5
1602 4422 1738 4486 apud
1778 4418 2015 4485 Probum]
2053 4423 2235 4475 cathol.
2271 4440 2325 4487 p.
2367 4422 2448 4481 17,
2488 4423 2520 4470 4
2663 4422 2728 4472 14
2771 4437 2900 4484 quae
2941 4438 3214 4486 numquam

636 4492 717 4541 Ga
755 4505 886 4552 quae
923 4503 1302 4551 nonnumquam
1339 4491 1448 4540 AB
1591 4493 1651 4543 17
1692 4494 1759 4540 ita
1799 4490 2028 4545 definiuit
2062 4493 2104 4542 G
2131 4493 2198 4540 ita
2236 4492 2410 4541 definit
2443 4492 2520 4539 A:
2561 4492 2628 4540 ita
2666 4521 2731 4531 —
2760 4491 2826 4542 18
2860 4507 3012 4541 casus
3048 4506 3140 4546 om.
3167 4493 3217 4542 B

780 4560 842 4611 18
880 4557 1094 4626 Probus]
1135 4563 1251 4613 inst.
1291 4571 1389 4614 art.
1427 4577 1480 4623 p.
1525 4564 1610 4625 51,
1642 4562 1704 4611 21
1815 4558 1882 4609 20
1918 4562 2188 4610 inuenietis
2219 4562 2364 4612 Bca
2402 4562 2637 4611 inuenitis
2675 4562 2722 4610 A
2864 4563 2933 4613 23
2965 4563 3079 4613 ideo
3107 4563 3214 4611 dixi

636 4631 683 4680 A
718 4632 833 4680 ideo
866 4630 995 4679 dixit
1023 4628 1151 4679 Ba*
1184 4630 1297 4681 ideo
1334 4632 1430 4679 dix·
1466 4633 1507 4681 C
1641 4632 1710 4683 29
1748 4638 2010 4679 accentum
2043 4632 2172 4680 dixit
2205 4633 2248 4682 C
2285 4643 2524 4681 accentus
2565 4633 2697 4681 dixit
2733 4630 2782 4679 A
2821 4634 2941 4695 quia
2983 4642 3215 4682 accentus

630 4701 799 4763 (corr.
833 4702 985 4761 -tnm)
1023 4699 1152 4748 dixit
1186 4700 1233 4748 B
1373 4712 1421 4750 et
1461 4702 1674 4752 litteram
1703 4700 1732 4748 b
1767 4710 1815 4748 et
1853 4698 2016 4749 littera
2046 4702 2212 4753 ABG
2345 4702 2414 4753 30
2444 4701 2688 4764 syllabam
2725 4717 2838 4750 nam
2876 4719 2971 4754 om.
3011 4703 3118 4755 BG

634 4770 696 4819 31
739 4772 909 4820 dicere
945 4770 1033 4819 sed
1075 4780 1123 4820 et
1153 4772 1322 4820 omnia
1361 4772 1407 4820 A
1550 4772 1617 4821 33
1653 4784 1782 4834 quae
1818 4771 2059 4833 specialia
2094 4772 2262 4821 ABG
2397 4770 2462 4820 34
2498 4782 2631 4822 totae
2657 4773 2927 4823 elocutioni
2966 4774 3090 4824 cab
3128 4773 3213 4822 toti

635 4840 906 4891 elocutioni
932 4839 984 4888 B
1013 4847 1117 4889 tota
1153 4840 1432 4891 elocutione
1467 4841 1516 4891 A
1656 4841 1723 4892 35
1763 4841 1966 4889 nomine
1999 4841 2047 4890 A
2086 4857 2222 4896 corr,
2255 4842 2328 4892 -ni
2369 4859 2431 4894 a:
2468 4843 2658 4894 nomini
2687 4869 2755 4881 -
2787 4843 3095 4910 generaliter
3129 4843 3217 4893 hoc

631 4912 741 4963 Ioco
778 4912 959 4961 omissa
988 4912 1037 4960 in
1076 4928 1231 4980 mary.
1268 4912 1342 4962 ad
1372 4927 1494 4980 ergo
1528 4910 1650 4965 add.
1690 4910 1797 4963 BC
