3541 5564
1090 1258 1231 1339 DE
1294 1255 1651 1343 DVBIIS
1714 1258 1783 1340 N
1789 1257 2294 1342 OMINIBVS

568 1645 891 1712 Libellum
947 1645 1029 1710 de
1087 1644 1307 1710 dubiis
1361 1645 1731 1709 nominibus
1790 1667 1824 1708 e
1880 1644 2101 1708 codice
2145 1643 2645 1709 Vindobonensi
2700 1643 2782 1708 89
2826 1642 2977 1707 olim

400 1746 882 1832 Salisburgcnsi
929 1745 1186 1809 saeculo
1232 1769 1403 1811 nono
1451 1745 1692 1831 scripto
1739 1748 1984 1831 primus
2028 1746 2232 1811 edidit
2259 1747 2615 1811 Mauricius
2647 1745 2977 1831 Hauptius

398 1872 532 1912 una
576 1871 721 1911 cum
754 1846 978 1913 Ovidii
1009 1845 1376 1911 halieuticis
1422 1857 1487 1911 et
1525 1846 1739 1911 Gratii
1786 1857 1852 1910 et
1881 1847 2249 1911 Nemesiani
2289 1847 2681 1933 cynegeticis
2714 1848 2978 1933 Lipsiae

399 1973 459 2012 a.
511 1951 691 2014 1838.
750 1951 817 2013 111
875 1948 1041 2012 libro
1096 1958 1312 2012 autem
1358 1970 1485 2034 quo
1530 1971 1688 2012 usus
1735 1957 1876 2011 erat
1923 1951 2144 2030 unius,
2203 1959 2275 2012 ut
2319 1949 2610 2029 videtur,
2657 1949 2977 2012 membra·
3014 2035 3017 2038 .

399 2073 521 2114 nae
565 2054 817 2115 iactura
859 2052 1038 2114 facta
1067 2072 1144 2114 ea
1173 2073 1339 2136 quae
1370 2050 1454 2114 ab
1497 2050 1683 2114 initio
1730 2049 1975 2137 scripta
2017 2061 2202 2116 erant
2239 2073 2446 2136 usque
2492 2050 2575 2114 ad
2623 2074 2684 2136 p.
2716 2050 2863 2131 575,
2901 2051 2975 2113 17

394 2159 726 2232 pluraliter
778 2164 976 2217 autem
1030 2163 1421 2217 cancromata
1477 2157 1738 2215 dicenda
1781 2163 1919 2216 sunt
1962 2153 2324 2237 perierunt;
2384 2151 2636 2238 reliqua
2676 2151 2979 2236 leguntur

398 2253 445 2316 f.
495 2254 853 2319 170-175
899 2259 1077 2318 Canis
1117 2275 1252 2333 qen.
1301 2257 1451 2330 sem.
1504 2291 1573 2299 —
1624 2259 1934 2334 discrepat
1979 2266 2196 2318 atrox:
2252 2255 2337 2316 cf.
2387 2252 2743 2317 Endlicher
2786 2251 2977 2316 catal.

397 2356 538 2419 cod.
595 2354 817 2442 philol.
873 2355 1057 2420 latin.
1116 2354 1275 2420 bibl.
1333 2354 1541 2419 Palat.
1600 2354 1889 2419 vindob.
1949 2378 2014 2441 p.
2074 2356 2191 2419 197
2250 2377 2388 2442 sqq.
2451 2355 2631 2419 aliud
2689 2355 2978 2419 eiusdem

398 2455 601 2529 libelli
646 2458 1012 2542 exemplum
1057 2479 1253 2520 manu
1297 2458 1613 2544 scriptum
1659 2457 1958 2521 Lauduni
2005 2455 2345 2522 Gallorum
2387 2459 2723 2522 inventum
2767 2466 2869 2521 est
2912 2459 2978 2520 in

395 2559 615 2623 codice
672 2557 1108 2623 bibliothecae
1163 2558 1464 2644 publicae
1517 2559 1974 2623 Laudunensis
2027 2560 2185 2638 463,
2247 2581 2439 2646 quem
2492 2559 2981 2645 descripserunt

397 2660 441 2722 ii
488 2660 599 2746 qui
645 2661 1012 2745 catalogum
1057 2660 1598 2725 bibliothecarum
1637 2658 2025 2745 gallicarum
2068 2661 2565 2746 provincialium
2610 2661 2976 2741 ediderunt,

396 2761 731 2845 catalogue
775 2760 1039 2846 general
1083 2762 1196 2827 des
1242 2763 1635 2827 manuscrits
1678 2762 1792 2827 des
1839 2761 2315 2850 bibliotheques
2361 2762 2474 2828 des
2522 2763 2975 2850 departemens

401 2861 433 2924 I
477 2886 543 2949 p.
588 2864 730 2927 246.
791 2865 860 2927 in
915 2887 990 2929 eo
1037 2866 1238 2949 igitur
1282 2866 1505 2930 codice
1551 2863 1808 2929 saeculo
1856 2865 2274 2948 duodecimo,
2331 2876 2404 2930 ut
2449 2867 2661 2930 visum
2707 2876 2806 2930 cst
2846 2866 2976 2930 illis

397 2964 509 3048 qui
540 2964 908 3049 catalogum
939 2968 1263 3050 fecerunt,
1310 2968 1553 3053 scripto
1584 2974 1903 3030 tractatus
1949 2967 2031 3031 (16
2062 2968 2433 3033 nominibus
2465 2969 2706 3053 legitur
2737 2969 2979 3031 omissa

397 3065 848 3152 inscriptione,
905 3073 1161 3149 Emptas
1208 3090 1349 3148 qen.
1399 3073 1549 3146 sem.
1604 3082 1669 3133 ut
1724 3075 1920 3133 dauid
1969 3074 2159 3134 letata
2214 3084 2299 3135 est
2350 3078 2585 3151 emptus
2625 3109 2711 3118 ——
2763 3092 2978 3151 ymnus

392 3188 533 3245 qen.
566 3188 749 3231 masc.
775 3176 930 3245 finit.
979 3169 1094 3234 sed
1124 3182 1277 3257 post
1308 3195 1370 3234 v.
1406 3192 1470 3235 os
1499 3177 1576 3234 de
1604 3192 1798 3235 ossum
1824 3193 1964 3250 qen.
1996 3180 2212 3250 neutri,
2248 3183 2315 3237 ut
2347 3179 2638 3250 Virqilius
2654 3185 2974 3251 postquam

387 3290 591 3348 pavor
617 3292 681 3355 p.
713 3271 796 3333 90
824 3271 890 3334 Η
932 3271 1242 3337 librarius
1288 3273 1543 3336 omissis
1575 3270 1889 3358 exemplis
1922 3276 2311 3361 scriptorum
2340 3275 2604 3338 nomina
2647 3273 2786 3338 sola
2829 3296 2976 3337 611111

397 3371 570 3434 notis
610 3394 916 3456 generum
946 3375 1195 3459 posuit,
1238 3396 1379 3455 opes
1402 3396 1539 3454 qen.
1574 3379 1723 3452 scm.
1770 3381 2090 3439 oleastrum
2115 3398 2255 3455 qen.
2290 3387 2452 3440 neat.
2486 3384 2610 3440 etc.
2643 3375 2762 3439 hoc
2806 3376 2973 3440 libro

395 3496 552 3537 usus
599 3474 824 3539 Victor
879 3475 973 3539 Le
1028 3475 1213 3541 Clerc
1263 3478 1332 3540 in
1397 3476 1760 3564 appendice
1816 3477 2099 3563 catalogi
2141 3500 2331 3564 quem
2379 3476 2515 3541 dixi
2561 3501 2625 3564 p.
2668 3478 2794 3541 649
2834 3500 2973 3563 sqq.

392 3586 745 3641 tractatum
783 3578 864 3642 de
904 3578 1278 3644 nominibus
1310 3579 1407 3643 ita
1435 3579 1670 3662 edidit,
1719 3588 1794 3643 ut
1835 3580 1903 3644 in
1947 3582 2159 3665 priore
2205 3590 2391 3666 parte
2435 3580 2760 3663 integram
2802 3580 2973 3643 Lau-

395 3679 709 3743 dunensis
763 3679 1006 3744 codicis
1052 3681 1443 3766 scripturam
1487 3680 1862 3764 exhiberet,
1921 3682 1987 3745 in
2031 3682 2387 3768 posteriore
2444 3681 2596 3745 inde
2641 3704 2682 3745 a
2726 3705 2788 3745 v.
2835 3703 2978 3761 opes

393 3783 549 3845 item
594 3780 1170 3846 Vindobonensem
1228 3782 1516 3848 codicem
1572 3806 1702 3848 non
1757 3785 2024 3849 mutatis
2078 3784 2330 3848 librarii
2386 3785 2714 3848 erroribus
2760 3785 2971 3870 expri-

395 3896 616 3947 meret.
704 3893 934 3969 postea
989 3885 1357 3949 Fridericus
1414 3884 1778 3950 Guilelmus
1835 3888 1987 3951 Otto
2032 3887 2371 3971 utriusque
2417 3885 2722 3950 editionis
2769 3886 2974 3970 copiis

392 3983 704 4050 adhibitis
753 3983 990 4050 librum
1034 3985 1434 4073 amplissimo
1480 3990 1968 4080 commentario,
2025 3988 2092 4050 in
2146 4011 2272 4074 quo
2329 3988 2533 4052 multa
2575 3989 2655 4051 de
2699 3987 2971 4052 nomini-

391 4087 513 4150 bus
560 4108 599 4149 a
650 4089 1074 4170 grammatico
1130 4090 1430 4153 tractatis
1485 4091 1875 4177 disputavit,
1938 4091 2324 4154 instructum
2371 4090 2719 4175 separatim
2767 4088 2974 4152 edidit

392 4189 630 4253 Gissae
676 4211 733 4252 a.
788 4188 969 4253 1850.
1029 4189 1284 4254 duobus
1340 4200 1554 4255 autem
1609 4191 1980 4273 codicibuS,
2038 4193 2149 4277 qui
2206 4191 2415 4255 adhuc
2459 4190 2755 4277 usurpati
2802 4201 2971 4274 sunt,

389 4292 518 4353 iam
577 4291 832 4355 accedit
883 4293 1116 4355 tertius
1175 4292 1585 4356 Monacensis
1648 4294 1852 4356 1425?
1905 4291 2059 4356 olim
2116 4293 2565 4357 Emmeramus
2618 4293 2744 4356 252
2802 4314 2970 4357 nono

391 4392 647 4458 saeculo
693 4394 1002 4480 scriptus,
1049 4394 1093 4457 f.
1146 4394 1473 4458 181-191
1521 4401 1730 4475 incipit
1770 4396 1787 4447 ΙΙ
1806 4400 2000 4460 dubiis
2044 4400 2119 4457 de
2166 4396 2539 4459 nnominibus
2579 4402 2752 4459 cuius
2791 4416 2968 4474 qene—

392 4500 478 4557 ris
519 4501 654 4558 sint.
747 4502 1054 4577 Aeqyptus
1097 4533 1164 4545 —
1218 4501 1529 4575 discrepat
1568 4508 1773 4560 atrox.
1792 4497 1857 4583 ²³⁸⁶)

560 4680 609 4749 *)
659 4684 904 4735 Iudicem
949 4685 1190 4735 universi
1238 4685 1445 4735 codicis
1499 4686 1791 4749 subiciam,
1836 4680 1903 4735 'ut
1938 4688 1993 4735 in
2030 4687 2248 4750 reliqua
2285 4702 2497 4752 quoque
2536 4680 2694 4752 parte
2732 4687 2967 4751 plurima

394 4771 705 4819 consentire
734 4786 854 4820 cum
879 4771 1294 4821 Vindobonensi
1331 4775 1388 4821 et
1410 4771 1760 4822 Laudunensi
1799 4772 1985 4821 codice
2024 4771 2397 4838 intellegatur.
2446 4771 2580 4827 Cod.
2606 4772 2842 4825 Emmer.
2870 4774 2967 4822 252

394 4854 584 4906 memb.
621 4872 769 4905 saec.
809 4857 886 4905 IX
926 4857 1132 4906 formae
1170 4856 1472 4921 quadratae
1525 4857 1562 4906 f.
1609 4860 1755 4907 1—-3
1810 4858 2026 4907 Ter-ente
2063 4858 2259 4909 Scauro
2304 4858 2671 4925 ortkoqraplu‘a
2702 4860 2857 4925 iqitur
2893 4866 2970 4908 est
