3541 5564
570 319 699 384 242
1712 320 2017 383 ΡΟΜΡΕΙΙ

621 442 663 483 p.
692 430 869 471 328-31
901 429 942 469 L.

571 518 709 570 sunt
754 528 902 589 quae
947 530 981 570 a
1027 528 1091 570 se
1137 516 1491 576 nascuntur,
1541 516 1607 569 ut
1649 526 1783 569 cras
1828 507 2039 569 borno.
2128 507 2321 568 horno
2368 516 2460 567 est
2503 507 2616 569 hoc
2659 525 2834 569 anno.
2927 514 3066 588 puta
3110 510 3159 569 si

572 612 713 673 velis
759 613 959 673 dicere
1004 611 1153 673 ‘hoc
1199 612 1294 672 die
1339 612 1491 680 fiet’,
1540 611 1777 689 quando
1824 611 1970 671 dicis
2015 609 2227 670 ‘hodie
2270 611 2427 679 fiet',
2476 610 2547 670 ad
2581 610 2738 671 diem
2783 618 3158 689 praesentem

569 716 774 776 referS.
863 714 1001 795 quid
1059 716 1110 774 si
1167 713 1307 775 velis
1364 713 1564 773 dicere
1618 713 1767 774 ‘hoc
1832 714 2063 774 anno'?
2132 709 2548 774 adverbialiter
2607 731 2725 772 non
2784 711 2989 781 hodie,
3050 712 3156 773 sed

570 818 760 879 horno
817 817 996 877 debes
1050 816 1277 887 dicere,
1334 823 1473 896 puta
1532 815 1759 875 ‘horno
1816 816 2033 876 factum
2080 819 2235 883 est',
2297 815 2357 874 id
2405 811 2413 894 Ι
2466 823 2556 875 est
2599 814 2711 875 hoc
2758 833 2931 875 anno.
3021 814 3160 875 inde

570 921 747 981 etiam
806 920 1041 997 ‘fruges
1095 919 1483 978 hornotinae’
1540 916 1845 978 dicuntur:
1915 915 2139 995 legistis
2192 918 2252 977 in
2298 918 2686 978 frumentaria
2732 918 3209 995 ‘quantum-⁵

570 1013 875 1101 cumque
963 1021 1321 1082 frumenti
1396 1020 1787 1080 hornotini
1874 1026 2431 1080 exaraverunt'.
2522 1037 2875 1101 quamquam
2952 1018 3157 1079 Cicero

568 1124 901 1185 ‘hornotini
958 1123 1281 1183 frumenti'
1341 1121 1510 1192 dicit,
1569 1122 1848 1183 Horatius
1903 1140 2023 1182 non
2081 1121 2224 1181 dicit
2278 1121 2579 1181 hornotini
2635 1121 2737 1181 sed
2797 1120 2973 1180 horni
3037 1120 3159 1180 fru-

569 1227 783 1294 menti,
845 1229 948 1284 ‘et
1002 1225 1232 1285 horna
1290 1226 1502 1301 fruge
1563 1223 1817 1292 lares',
1892 1241 2001 1302 pro
2061 1241 2131 1284 eo
2188 1222 2344 1300 quod
2393 1230 2485 1283 est
2529 1223 2880 1284 ‘hornotina
2926 1222 3155 1299 fruge’.

571 1345 713 1405 ergo
759 1326 950 1387 borno
997 1335 1084 1387 est
1128 1345 1284 1387 anno
1330 1336 1663 1405 praesente.
1724 1325 1837 1387 alia
1872 1344 2029 1396 vero,
2076 1344 2227 1405 quae
2274 1324 2513 1386 aliunde
2559 1326 2853 1402 originem
2901 1331 3159 1394 sumunt,

568 1431 640 1491 ab
686 1431 812 1490 istis
857 1428 1038 1490 rebus
1082 1428 1426 1495 trahuntur,
1474 1435 1574 1490 aut
1618 1448 1650 1488 a
1695 1429 1936 1489 nomine
1981 1414 2255 1507 proprio,
2303 1435 2404 1488 aut
2432 1447 2465 1487 a
2498 1430 2738 1487 nomine
2784 1424 3154 1506 appellativo,
3184 1451 3230 1489 ιο

568 1539 669 1599 aut
715 1550 745 1592 a
795 1531 1000 1605 verbo,
1050 1541 1148 1591 aut
1193 1550 1225 1591 a
1271 1531 1511 1591 nomine
1559 1538 1616 1590 et
1662 1529 1874 1599 verbo,
1924 1536 2025 1589 aut
2070 1548 2099 1588 a
2149 1532 2503 1608 pronomine
2552 1528 2640 1609 [et
2683 1525 3013 1606 adverbio],
3061 1536 3162 1587 aut

569 1654 600 1693 a
656 1635 985 1713 participio.
1073 1635 1272 1693 omnia
1310 1631 1641 1700 adverbia,
1711 1650 1860 1709 quae
1929 1630 2165 1691 aliunde
2233 1633 2523 1709 originem
2578 1637 2844 1700 sumunt,
2904 1628 2978 1689 ab
3035 1630 3163 1689 istis

570 1735 748 1797 rebus
796 1737 1065 1797 veniunt:
1136 1734 1226 1795 vel
1270 1753 1302 1794 a
1351 1735 1590 1794 nomine
1646 1734 1917 1813 proprio,
1968 1733 2057 1793 vel
2103 1734 2174 1794 ab
2222 1733 2603 1814 appellativo,
2653 1751 2683 1793 a
2731 1733 2974 1811 proprio
3019 1730 3161 1791 Tul-

569 1836 680 1897 lius
724 1837 1018 1906 Tulliane‚
1071 1835 1360 1914 Vergilius
1391 1835 1755 1914 Vergiliane,
1804 1836 2080 1896 Horatius
2120 1837 2457 1897 Horatiane.
2520 1854 2552 1895 a
2600 1836 2838 1895 nomine
2883 1836 3157 1913 proprio:

567 1941 628 2000 in
673 1941 803 2000 istis
847 1938 1141 1999 adverbiis
1186 1956 1396 2017 magna
1443 1936 1757 1999 difficultas
1805 1945 1921 2007 est,
1969 1956 2083 2016 quo
2131 1938 2308 1998 modo
2356 1945 2705 2005 nascuntur.
2754 1944 2958 1998 utrum
3005 1935 3156 1996 εΗο-
3186 1960 3234 2000 15

567 2043 717 2102 ratie
765 2042 942 2102 dixit'
1002 2040 1298 2110 dicamus,
1349 2059 1421 2101 an
1469 2040 1823 2100 ‘Horatiane
1870 2038 2072 2110 dixit',
2135 2048 2330 2101 utrum
2376 2039 2606 2101 ‘Tullie
2652 2039 2852 2109 dixit',
2900 2059 2977 2099 an
3021 2038 3162 2099 Tul-

567 2142 742 2204 liane.
828 2145 1160 2204 invenimus
1206 2144 1363 2203 enim
1413 2141 1604 2219 aliqua
1649 2145 1709 2203 in
1757 2142 2151 2211 derivatione,
2201 2162 2350 2223 quae
2394 2143 2548 2204 hanc
2593 2149 2863 2202 naturam
2907 2158 3161 2219 sequan-

567 2253 695 2305 tur:
745 2253 886 2324 puta
932 2244 1028 2306 lex
1072 2243 1260 2306 Tullia
1309 2245 1558 2313 dicitur,
1607 2264 1727 2304 non
1773 2244 1988 2305 dicitur
2033 2243 2127 2304 lex
2160 2244 2457 2316 Tulliana;
2505 2245 2599 2305 lex
2642 2244 2877 2304 Horatia
2925 2241 3159 2311 dicitur,

569 2365 688 2407 non
735 2346 948 2406 dicitur
991 2345 1086 2407 lex
1132 2347 1469 2408 Horatiana.
1537 2348 1587 2406 si
1647 2365 1790 2424 ergo
1848 2346 2133 2407 derivatio
2186 2348 2266 2406 ita
2324 2367 2388 2407 se
2435 2345 2639 2415 babet,
2687 2353 2752 2405 ut
2796 2345 3024 2406 dicatur
3068 2343 3158 2403 lex

571 2448 837 2518 Horatia,
897 2457 955 2508 et
1010 2448 1295 2510 derivatio
1352 2451 1626 2528 quotiens
1693 2456 1809 2518 est,
1873 2445 1879 2527 Ι
1940 2450 2069 2510 sine
2113 2448 2296 2509 dubio
2339 2447 2520 2509 simili
2564 2449 2794 2510 ratione
2839 2447 3153 2515 derivatur.
3183 2471 3235 2509 eo

570 2549 685 2611 tale
745 2569 871 2611 esse
929 2549 1159 2620 debuit,
1222 2558 1281 2610 et
1335 2550 1650 2613 debuimus
1705 2549 1907 2611 dicere
1954 2550 2234 2611 ‘Horatie
2289 2551 2542 2611 dixisti’.
2634 2549 2738 2610 sed
2794 2557 2882 2611 est
2925 2548 3158 2628 regula:

572 2671 716 2730 ergo
761 2659 897 2713 tene
943 2653 1116 2713 istam
1162 2649 1448 2730 regulam.
1518 2653 1713 2714 omnia
1763 2652 2040 2714 adverbia
2087 2670 2238 2733 quae
2282 2671 2390 2733 per
2436 2652 2860 2713 derivationem
2907 2670 3158 2712 nascun-

572 2764 665 2815 tur
712 2772 959 2816 necesse
1017 2753 1239 2816 babent
1294 2772 1565 2817 crescere
1626 2754 1866 2834 [melius
1913 2762 2029 2823 est,
2089 2755 2141 2815 si
2184 2762 2472 2825 crescant,
2521 2772 2695 2834 quam
2739 2756 2787 2814 si
2833 2753 3158 2814 secundum

569 2875 884 2918 numerum
942 2855 1300 2936 syllabarum
1357 2855 1547 2937 fiant}
1640 2865 1781 2936 puta
1828 2856 2057 2918 Tullius
2115 2856 2480 2938 trisyllabum
2529 2864 2645 2925 est,
2695 2843 2908 2918 crescit
2951 2859 3010 2916 in
3059 2855 3158 2917 de·

570 2960 885 3029 rivatione,
943 2957 1243 3027 Tulliane;
1301 2958 1592 3038 Vergilius
1647 2967 1928 3039 quattuor
1982 2967 2120 3020 sunt
2176 2958 2461 3038 syllabae,
2525 2959 2855 3037 Vergiliane
2900 2960 3234 3038 quinquess

568 3069 731 3131 sunt;
790 3062 1070 3121 Horatius
1124 3061 1464 3122 Horatiane.
1555 3061 1734 3122 debet
1790 3061 2134 3123 adverbium
2193 3062 2349 3143 quod
2411 3063 2669 3123 nascitur
2715 3059 2953 3121 aliunde
2998 3078 3157 3120 cres-

570 3181 727 3223 cere.
791 3162 1077 3224 derivatio
1124 3170 1318 3223 autem
1365 3162 1723 3242 plerumque
1769 3166 2013 3235 crescit,
2064 3164 2416 3244 plerumque
2461 3183 2579 3225 non
2628 3164 2870 3231 crescit,
2918 3171 2982 3222 ut
3013 3161 3158 3222 dixi-

569 3283 726 3338 mus,
787 3265 1063 3325 Horatius
1109 3262 1441 3346 [Horatia]‚
1489 3265 1584 3325 lex
1630 3266 1900 3335 Horatia;
1961 3285 2100 3327 ecce
2145 3265 2423 3347 aequales
2468 3265 2647 3327 habet
2689 3263 2975 3344 syllabas,
3021 3262 3159 3324 licet

569 3370 646 3426 sit
688 3364 786 3426 illa
833 3366 1137 3427 derivatio.
1231 3385 1373 3445 ergo
1428 3367 1490 3428 in
1545 3368 1937 3438 derivatione,
1998 3368 2234 3448 quando
2291 3377 2430 3448 puta
2476 3387 2692 3429 nomen
2739 3367 3042 3428 derivatur
3086 3366 3158 3427 de

568 3468 836 3535 nomine,
900 3474 1095 3546 potest
1150 3474 1208 3528 et
1261 3468 1483 3548 syllaba
1539 3488 1811 3532 crescere
1879 3479 1939 3531 et
2001 3490 2121 3532 non
2188 3489 2480 3532 crescere.
2557 3469 2903 3532 adverbium
2961 3477 3232 3531 autemso

567 3571 801 3650 quando
858 3570 1157 3631 derivatur
1213 3570 1286 3632 de
1344 3574 1612 3645 nomine,
1674 3572 1851 3634 debet
1907 3591 2200 3634 crescere.
2294 3591 2435 3651 ergo
2494 3572 2815 3633 Horatiane
2873 3569 3158 3631 debemus

567 3673 768 3733 dicere
814 3680 874 3732 et
917 3673 1275 3734 Terentiane
1322 3683 1381 3735 et
1426 3674 1780 3753 Vergiliane.
1842 3681 1980 3735 sunt
2022 3673 2216 3754 aliqua
2263 3693 2413 3752 quae
2457 3693 2567 3754 per
2613 3672 2969 3753 euphoniam
3017 3690 3157 3732 con-

570 3777 749 3836 traria
804 3784 972 3845 sunt,
1031 3783 1098 3835 ut
1152 3775 1266 3837 hoc
1321 3778 1515 3856 ipsum
1572 3778 1949 3838 Terentiane.
2038 3777 2430 3838 Terentianus
2488 3775 2730 3854 quidem
2787 3776 3001 3836 dicitur
3057 3775 3158 3851 qui

568 3885 756 3938 metra
802 3881 1064 3958 scripsit,
1115 3886 1173 3939 et
1218 3880 1538 3941 Terentius
1582 3879 1798 3940 dicitur
1844 3880 1943 3956 qui
1990 3879 2327 3940 comoedias
2374 3880 2626 3958 scripsit.
2704 3878 2800 3938 sac
2843 3876 3159 3937 derivatio-

567 3998 705 4040 nem
765 3978 838 4040 ah
892 3987 1164 4057 utroque.
1257 3989 1398 4060 puta
1458 3983 1508 4042 si
1563 3982 1722 4042 dicas
1781 3983 1927 4042 ‘iste
1979 3980 2241 4061 loquitur
2297 3982 2723 4048 Terentiane',
2780 3979 2840 4040 id
2898 3988 2986 4039 est
3042 3995 3236 4056 quoae

569 4081 745 4141 modo
791 4081 1140 4152 Terentius,
1203 4086 1304 4162 qui
1350 4083 1688 4145 comoedias
1742 4084 2012 4163 scripsit,
2065 4085 2072 4165 Ι
2131 4082 2450 4144 Terentius
2495 4083 2870 4143 Terentiane.
2961 4081 3065 4142 sed
3108 4083 3158 4141 si

567 4184 789 4245 dixeris
845 4187 988 4246 ‘iste
1042 4186 1308 4267 loquitur
1362 4186 1774 4257 Terentiane'‚
1835 4205 1971 4248 cum
2041 4187 2313 4265 coeperis
2368 4186 2700 4264 significare
2758 4182 2832 4244 de
2897 4181 3001 4245 illo
3059 4184 3157 4260 qui

707 4392 739 4439 2
777 4392 872 4440 hoc
911 4389 1014 4457 die]
1059 4391 1211 4441 hodie
1242 4390 1409 4440 ABG
1514 4391 1716 4453 quando
1755 4390 1885 4439 dicis
1922 4389 2076 4440 hodie
2114 4389 2199 4439 liet
2228 4406 2320 4444 om,
2346 4391 2385 4441 C
2487 4389 2519 4441 3
2556 4387 2709 4438 rel'ert
2746 4390 2857 4452 quis
2884 4387 2992 4453 (ref
3010 4429 3155 4443 .....

568 4461 619 4510 Α
655 4461 809 4511 refert
853 4463 968 4526 quis
1006 4458 1066 4523 a)
1113 4463 1157 4511 si
1204 4461 1333 4510 uelis
1379 4461 1544 4510 dicere
1581 4460 1942 4510 aduerbialiter
1981 4466 2128 4518 (orno
2160 4462 2281 4511 add.
2322 4459 2374 4523 c)
2420 4473 2515 4509 non
2565 4458 2718 4508 hodie
2767 4460 2857 4508 sed
2895 4457 2991 4508 hoc
3027 4473 3158 4508 anno

569 4532 724 4582 debes
767 4532 934 4581 dicere
969 4531 1135 4580 ABG
1275 4533 1306 4582 5
1356 4533 1402 4579 in
1445 4528 1941 4596 frumentariaJCiC.
1978 4532 2026 4580 in
2076 4531 2228 4580 Verr.
2267 4538 2365 4583 act.
2399 4545 2502 4583 sec.
2542 4530 2605 4579 Ill
2637 4528 2721 4588 18,
2760 4531 2826 4580 45
2967 4529 3001 4579 6
3042 4528 3159 4578 hor-

572 4602 717 4651 nitini
757 4602 807 4651 B
914 4610 1253 4651 exarauerunt
1286 4601 1393 4652 AG
1425 4611 1731 4651 exaruerunt
1766 4598 1899 4651 Ba*
2041 4601 2072 4650 7
2112 4599 2366 4650 hornotini
2400 4600 2544 4661 Aah
2581 4598 2820 4649 hornitini
2859 4600 2907 4649 B
2940 4607 3153 4665 utroque

569 4675 677 4722 loco
782 4671 816 4720 8
849 4679 898 4721 et
927 4668 1110 4736 horna]
1156 4671 1346 4724 Horat.
1383 4687 1537 4724 carne.
1579 4672 1644 4721 lll
1683 4670 1768 4734 23,
1808 4671 1839 4722 3
1946 4671 2068 4720 laris
2108 4671 2156 4719 A
2262 4670 2529 4720 hornatina
2563 4669 2709 4734 fruge
2746 4670 2797 4720 B
2902 4667 2968 4719 13
3008 4671 3157 4718 rebus

569 4758 660 4796 om.
691 4742 788 4792 AG
890 4742 957 4791 20
995 4749 1042 4790 et
1071 4742 1307 4792 diriuatio
1345 4751 1421 4791 est
1448 4743 1557 4790 sine
1583 4741 1737 4791 dubio
1766 4741 2001 4805 quotiens
2025 4739 2180 4789 simili
2204 4741 2349 4790 ABG
2447 4739 2515 4790 23
2548 4736 2721 4806 quam]
2754 4755 2883 4803 quae
2906 4739 3057 4790 ABG

569 4810 639 4861 30
673 4821 722 4861 et
746 4827 847 4862 non
873 4827 1099 4862 creseere
1124 4826 1216 4864 om.
1245 4812 1311 4874 A,
1336 4813 1457 4861 add.
1479 4829 1512 4861 a
1613 4811 1678 4861 34
1712 4811 1944 4861 comedia
1974 4810 2117 4860 ABG
2219 4810 2287 4860 3ss
2324 4810 2552 4860 comedia
2571 4811 2621 4858 A
2722 4809 2789 4859 37
2813 4811 3037 4875 coeperit
3060 4808 3159 4858 AB
