3541 5564
406 1186 522 1241 627,
550 1186 581 1233 4

610 370 736 435 652
1724 375 2083 438 MACROBH

661 496 704 536 p.
736 485 821 523 173.
851 484 901 522 τι
929 481 982 521 v.

610 574 911 645 grassatur
954 568 1192 626 iteratio
1237 573 1328 625 est
1372 584 1403 624 a
1448 566 1750 642 graditur:
1800 565 2042 626 Plautus
2088 568 2149 626 in
2194 564 2464 624 Rudente

905 671 1147 730 sicine
1196 669 1312 728 hic
1357 670 1432 728 in
1478 669 1720 728 umida
1768 675 1975 728 veste
2022 666 2568 746 grassabimur.

610 770 921 831 Sallustius
965 774 1155 831 ‘cum
1203 772 1538 830 inferior
1595 774 1787 831 omni
1838 773 1949 831 via
1995 772 2540 847 grassaretnr’.
2632 769 2783 828 hanc
2830 772 3078 828 formam
3126 770 3191 827 in

610 876 840 951 graecis
886 873 1082 934 nullus
1128 875 1319 952 potuit
1366 875 1654 932 invenire.

1418 1056 1510 1102 DE
1556 1054 1950 1103 GENERIBVS
1999 1056 2374 1104 VERBORVM
3220 1052 3246 1089 5

777 1179 938 1250 Quae
984 1180 1197 1241 Graeci
1244 1175 1582 1251 διαθέσεις
1627 1180 1954 1258 appellant,
2003 1179 2195 1239 Latini
2244 1198 2464 1256 genera
2513 1182 2984 1239 nominaverunt.
3045 1172 3191 1236 διά-

606 1284 802 1354 θεσις
855 1291 1049 1343 autem
1107 1282 1215 1342 hoc
1274 1282 1568 1359 significat
1624 1282 1778 1360 apud
1836 1283 2120 1350 Graecos»,
2179 1280 2336 1360 quod
2398 1282 2551 1360 apud
2598 1281 2840 1341 Latinos
2899 1281 3190 1340 adfectus

607 1403 740 1443 nam
787 1392 847 1443 et
889 1386 989 1463 qui
1038 1387 1160 1461 agit
1204 1392 1263 1443 et
1307 1385 1407 1462 qui
1458 1385 1678 1460 patitur
1724 1392 1920 1443 mente
1968 1384 2261 1444 adficitur.
2352 1382 2453 1441 sed
2500 1385 2777 1462 quoniam
2828 1385 2884 1441 in
2935 1383 3191 1441 nomini-

609 1484 717 1546 bus
762 1486 1183 1546 discretionem
1217 1502 1464 1544 sexuum
1496 1503 1714 1561 genera
1748 1485 2150 1562 distinguunt,
2200 1504 2332 1545 cum
2383 1485 2774 1545 masculinum
2819 1504 2851 1544 a
2897 1486 3191 1561 feminino

606 1606 713 1666 per
759 1588 859 1649 illa
904 1596 1282 1665 segregetur,
1331 1586 1465 1646 ideo
1495 1586 2023 1647 discernendorum
2056 1606 2290 1667 quoque
2336 1587 2673 1647 adfectuum
2722 1595 2917 1647 notam
2964 1605 3191 1663 genera
3223 1596 3270 1633 ¹⁰

607 1691 1031 1750 vocitaverunt.
1122 1708 1294 1749 omne
1350 1690 1536 1765 igitur
1591 1688 1839 1749 verbum
1895 1690 2048 1769 apud
2107 1689 2375 1758 LatinOS,
2427 1688 2582 1768 quod
2630 1688 2738 1749 sub
2784 1690 3194 1773 proportionis

606 1791 1080 1852 observationem
1126 1791 1312 1859 cadit,
1361 1798 1461 1850 aut
1505 1809 1539 1848 ο
1585 1799 1684 1852 aut
1730 1810 1798 1850 or
1843 1789 2069 1869 syllaba
2115 1794 2497 1859 terminatur,
2547 1792 2702 1851 sicut
2746 1794 2862 1851 iam
2908 1793 3192 1870 superius

605 1894 830 1954 dietum
876 1902 986 1953 est.
1048 1896 1098 1953 si
1145 1912 1179 1953 o
1225 1894 1410 1973 fuerit
1454 1893 1865 1961 terminatum,
1913 1901 2012 1953 aut
2058 1895 2314 1953 activum
2361 1901 2452 1952 est
2496 1901 2597 1953 aut
2642 1902 2951 1963 neutrum;
2999 1894 3047 1951 si
3096 1912 3187 1961 or,

605 2004 708 2056 aut
751 1998 1047 2076 passivum
1106 1995 1323 2055 dicitur
1379 2002 1480 2054 aut
1534 1993 1838 2073 deponens
1894 2003 1995 2055 aut
2038 2013 2371 2055 commune.
2461 1998 2717 2055 activum
2763 1996 2984 2055 dicitur
3028 1995 3188 2073 qued

605 2100 666 2158 in
711 2117 746 2157 ο
790 2098 1011 2158 desinit
1056 2106 1116 2157 et
1159 2115 1403 2157 necesse
1450 2094 1630 2156 habet
1676 2103 1777 2157 aut
1821 2096 2017 2156 dativo
2061 2105 2162 2157 aut
2206 2099 2541 2157 accusativo
2587 2100 2750 2174 iungi
2797 2105 3109 2176 potestque
3158 2116 3188 2155 r
3221 2114 3266 2150 ιτ.

606 2200 803 2261 littera
848 2196 1089 2279 recepta
1136 2201 1194 2259 in
1243 2201 1532 2278 passivam
1568 2200 1824 2257 transire
1873 2197 2359 2268 declinationem,
2409 2208 2472 2260 ut
2518 2199 2651 2259 dieo
2695 2199 2838 2267 tibi,
2887 2199 3069 2259 caedo
3107 2207 3187 2265 te,

605 2301 772 2362 dicor
818 2322 851 2363 a
895 2310 984 2371 te,
1044 2302 1259 2362 caedor
1317 2320 1350 2360 a
1403 2309 1483 2360 te.
1574 2307 1869 2379 neutrum
1917 2301 2137 2360 dieitur
2182 2302 2369 2380 quod,
2418 2320 2552 2362 eum
2599 2304 2659 2362 in
2706 2321 2739 2361 o
2785 2300 3031 2369 desinit,
3081 2300 3189 2361 ali-

604 2423 721 2482 quo
767 2422 838 2464 ex
883 2404 980 2463 his
1024 2405 1299 2464 deficitur
1344 2411 1403 2461 et
1447 2420 1478 2461 r
1521 2404 1796 2481 accipere
1841 2419 1960 2460 non
2006 2409 2229 2481 potest,
2278 2411 2344 2463 ut
2388 2403 2518 2463 volo
2563 2405 2693 2462 vive
2737 2403 2921 2462 valeo.
2997 2405 3190 2481 passi-

607 2524 739 2569 vum
787 2506 1008 2565 dieitur
1052 2505 1238 2584 quod,
1303 2523 1436 2564 cum
1482 2505 1546 2563 in
1591 2522 1623 2562 r
1666 2501 1927 2563 litteram
1976 2504 2237 2573 desinat,
2296 2507 2509 2565 amissa
2564 2524 2633 2565 ea
2690 2512 2885 2584 potest
2928 2507 2992 2564 in
3040 2507 3188 2564 acti-

606 2626 740 2668 vum
787 2608 985 2668 redire
1033 2615 1093 2679 et
1137 2625 1380 2666 necesse
1428 2604 1608 2666 habet
1640 2605 1896 2666 ablativo
1928 2608 2090 2666 casui
2136 2607 2379 2675 sociari,
2428 2615 2494 2666 ut
2539 2607 2754 2667 caedor
2798 2627 2829 2665 3
2876 2614 2933 2665 te
2981 2607 3185 2673 caedo,
3215 2622 3267 2659 ει)

605 2709 774 2769 dicor
820 2728 853 2768 3
898 2716 954 2768 te
1001 2708 1155 2768 dico.
1218 2717 1276 2768 et
1323 2716 1388 2768 ut
1431 2706 1669 2767 facilius
1710 2707 2087 2787 explanetur,
2136 2712 2391 2769 activum
2438 2717 2556 2777 est,
2608 2708 2708 2769 ubi
2757 2708 2942 2769 altero
2974 2717 3189 2787 agente

605 2811 754 2871 alter
797 2813 1051 2889 patitur,
1101 2813 1516 2890 passivumque
1563 2817 1680 2877 est,
1739 2810 1973 2888 quando
2028 2811 2218 2871 altero
2263 2813 2524 2890 patiente
2570 2829 2755 2890 penes
2798 2811 3051 2872 alterum
3098 2821 3191 2872 est

605 2921 790 2973 actus.
854 2931 988 2972 nam
1034 2912 1214 2973 multa
1262 2913 1439 2972 etiam
1486 2930 1521 2969 o
1569 2913 1882 2971 terminata
1929 2915 2197 2990 passivae
2230 2915 2681 2990 significationis
2712 2921 2873 2983 sunt,
2924 2921 2988 2973 ut
3018 2914 3188 2990 algeo

604 3017 834 3084 esurio;
881 3014 986 3073 sed
1031 3016 1310 3092 quoniam
1356 3015 1600 3073 minime
1649 3012 1834 3072 altero
1865 3014 2124 3092 patiente
2156 3033 2342 3094 penes
2386 3015 2640 3076 alterum
2684 3025 2774 3075 est
2818 3022 3002 3084 actuS,
3051 3016 3188 3076 ideo

602 3134 714 3176 nee
759 3118 989 3195 passiva
1048 3115 1359 3176 dicuntur:
1418 3132 1744 3193 rursusque
1805 3113 1977 3193 plura
2037 3125 2177 3177 sunt
2223 3120 2282 3177 in
2329 3137 2362 3176 o
2408 3119 2685 3196 exeuntia
2743 3116 2964 3197 quibus
3019 3126 3188 3177 actus
3214 3136 3264 3172 ες.

604 3218 820 3299 aliquis
866 3219 1049 3287 inest,
1097 3225 1162 3278 ut
1207 3226 1344 3277 nato
1388 3215 1627 3278 ambulo
1673 3234 1880 3282 curro:
1929 3219 2031 3278 sed
2078 3222 2356 3299 quoniam
2402 3221 2648 3279 minime
2696 3219 2882 3279 altero
2928 3220 3185 3280 faciente

604 3320 751 3381 alter
795 3323 1052 3400 patitur,
1114 3339 1228 3381 non
1276 3321 1493 3388 activa,
1551 3319 1654 3379 sed
1700 3327 1913 3379 neutra
1958 3327 2018 3378 et
2063 3320 2328 3382 absoluta
2376 3321 2678 3381 dicuntur.
2769 3320 3024 3401 denique
3073 3340 3186 3382 nec

602 3423 797 3484 dativo
842 3433 942 3484 aut
986 3425 1317 3483 accusativo
1366 3421 1451 3480 vel
1500 3419 1755 3481 ablativo
1802 3423 2021 3481 sociari
2069 3431 2346 3501 possunt:
2405 3441 2538 3483 nam
2586 3441 2694 3482 nec
2742 3431 2880 3483 nato
2925 3423 3036 3484 tibi
3084 3432 3187 3484 aut

601 3533 658 3584 te
705 3533 805 3586 aut
850 3543 1030 3585 curro
1074 3523 1185 3583 tibi
1235 3531 1336 3584 aut
1381 3541 1557 3582 curro
1602 3531 1659 3583 te
1708 3541 1818 3582 nec
1865 3525 2066 3583 esurio
2113 3544 2145 3584 a
2190 3532 2248 3585 te
2295 3533 2392 3585 aut
2438 3525 2604 3602 algeo
2650 3545 2682 3585 a
2729 3532 2786 3583 te
2835 3523 2924 3585 vel
2971 3526 3186 3605 vapulo

601 3645 633 3687 a
680 3633 737 3685 te
783 3626 1069 3694 dicimuS,
1126 3626 1283 3706 quod
1327 3643 1443 3684 non
1490 3630 1580 3684 est
1625 3624 1904 3692 latinum,
1961 3624 2065 3684 sed
2113 3626 2321 3704 vapulo
2378 3633 2434 3686 te
2481 3625 2786 3686 caedente.
2877 3627 3264 3705 deponensso

602 3729 821 3789 dicitur
865 3728 1021 3808 quod
1070 3730 1130 3786 in
1176 3746 1244 3786 or
1289 3727 1529 3806 quidem
1573 3726 1820 3794 desinit,
1870 3726 1974 3785 sed
2022 3730 2235 3788 amissa
2282 3745 2312 3785 r
2357 3728 2555 3788 littera
2600 3726 2846 3788 latinum
2895 3747 3024 3788 esse
3072 3732 3185 3789 mi-

602 3832 759 3891 nime
818 3836 1041 3909 potest,
1101 3828 1396 3907 habetque
1454 3828 1750 3905 interdum
1812 3828 2068 3906 aliquam
2125 3832 2447 3898 actionem,
2508 3832 2772 3909 quamvis
2830 3832 3059 3909 passiva
3107 3833 3187 3892 sit

564 3932 948 4000 ν113311113110,
997 3937 1062 3989 ut
1106 3947 1323 4009 sequor
1368 3928 1557 3989 luctor
1601 3930 1809 4008 loquor
1853 3932 2090 3989 intueor
2135 3931 2442 4001 demolior,
2490 3940 2550 3992 et
2592 3932 2800 3992 itidem
2845 3935 3185 4011 passionem

601 4041 829 4094 tantum
887 4031 1086 4101 modo,
1147 4034 1235 4092 uti
1295 4050 1505 4092 nascor
1560 4033 1784 4110 patior;
1840 4031 1942 4090 sed
1992 4050 2107 4090 non
2153 4041 2243 4092 est
2287 4029 2613 4113 passivum,
2661 4036 2939 4113 quoniam
2987 4053 3184 4114 neque

602 4138 662 4196 in
709 4138 966 4196 activum
1012 4135 1165 4194 redit
1209 4132 1409 4194 ablata
1448 4151 1478 4192 r
1521 4129 1746 4201 littera,
1796 4151 1987 4211 neque
2035 4135 2291 4211 patiente
2338 4132 2526 4196 altero
2571 4135 2816 4196 alterius
2860 4143 2951 4196 est
2996 4137 3182 4196 admi·
3212 4163 3263 4201 35

602 4238 894 4299 nistrati0.
957 4254 1266 4296 commune
1314 4235 1537 4295 dicitur
1581 4235 1737 4316 quod
1785 4237 1846 4294 in
1892 4252 1962 4306 or
1999 4235 2246 4314 quidem
2294 4237 2542 4306 desinit,
2591 4245 2656 4297 ut
2700 4237 3023 4317 deponens„
3072 4258 3185 4299 nec

600 4358 630 4399 1·
676 4338 870 4400 littera
918 4356 1123 4398 carere
1169 4343 1391 4417 potest,
1441 4337 1542 4425 sed
1590 4344 1904 4415 utramque
1951 4338 2166 4416 recipit
2212 4340 2735 4415 significationem,
2784 4347 2903 4400 tam
2949 4344 3185 4419 agentis

599 4460 773 4521 quam
819 4442 1122 4521 patientis,
1213 4439 1469 4517 denique
1529 4439 1704 4498 etiam
1760 4438 1855 4498 his
1912 4436 2150 4498 casibus
2204 4442 2499 4517 iungitur,
2560 4442 2776 4521 quibus
2820 4445 3077 4503 activum
3124 4453 3187 4504 et

598 4545 934 4621 passivum,
982 4549 1048 4602 ut
1093 4542 1378 4601 criminor
1426 4547 1484 4599 te
1531 4541 1821 4599 criminor
1867 4560 1898 4601 a
1945 4548 2034 4609 te,
2083 4541 2317 4603 osculor
2346 4550 2403 4602 te
2436 4545 2669 4605 osculor
2713 4564 2745 4604 a
2791 4553 2867 4604 te.
2931 4553 2992 4604 et
3035 4545 3185 4606 haec

736 4799 764 4845 1
803 4799 854 4847 iu
886 4794 1141 4862 Rudente]
1178 4798 1226 4856 1,
1251 4797 1301 4857 4,
1328 4797 1389 4846 31
1530 4796 1562 4844 9
1588 4795 1871 4859 distingunt
1893 4794 1946 4846 B
2086 4799 2146 4847 12
2172 4799 2503 4849 terminantur
2527 4799 2576 4849 B
2713 4802 2778 4850 34
2802 4797 2986 4866 patior]
3013 4803 3186 4867 potior

599 4863 648 4913 B
784 4868 848 4916 37
883 4863 1003 4931 tam]
1040 4879 1191 4928 quam
1226 4879 1363 4915 corr.
1388 4872 1487 4911 tam
1514 4862 1566 4911 B
