3541 5564
608 378 734 443 406
1823 382 1965 444 Ans

609 588 786 631 mum
829 574 1237 653 sequeretur,
1295 588 1424 630 non
1468 564 1979 630 emendatiorem
2032 565 2305 651 librum,
2362 567 2477 631 sed
2530 567 2737 652 magis
2795 566 2992 632 etiam
3046 589 3184 632 cor-

607 679 903 755 ruptum,
960 691 1157 755 quam
1211 678 1405 733 antea
1459 667 1822 749 ferebatur,
1878 668 2192 733 exhibuit.
2282 690 2401 753 ego
2447 691 2841 757 quamquam
2886 669 3181 756 pluribus

607 757 944 836 codicibus
1001 771 1168 835 inter
1221 793 1290 834 se
1345 768 1598 835 collatis
1658 770 2047 856 scripturam
2106 768 2301 833 valde
2356 769 2727 857 discrepare
2790 794 2910 836 nec
2974 770 3182 836 solitis

604 882 859 938 tantum
913 872 1330 938 librariorum
1384 872 1747 954 erroribuS,
1809 870 1927 936 sed
1972 871 2169 937 etiam
2214 871 2449 937 studiis
2494 874 2925 960 posteriorum
2968 895 3185 957 gram-

605 975 1015 1057 maticorum,
1063 975 1170 1061 qui
1217 974 1563 1058 diligenter
1605 972 1775 1038 hunc
1818 973 2058 1038 librum
2104 982 2583 1056 tractaverunt,
2630 997 2822 1062 saepe
2866 986 3183 1041 mutatam

605 1076 937 1160 intellexi,
983 1088 1202 1142 tamen
1245 1087 1511 1163 propter
1552 1076 1890 1141 levitatem
1933 1098 2151 1139 rerum
2193 1077 2259 1141 in
2290 1076 2527 1163 quibus
2573 1076 2853 1164 scriptor
2883 1088 3184 1143 versatur

605 1179 686 1244 de
729 1182 858 1244 ista
900 1180 1281 1244 diversitate
1323 1201 1560 1265 magno
1597 1199 1792 1266 opere
1822 1178 2263 1264 quaerendum
2307 1200 2436 1242 non
2482 1179 2886 1263 existimavi,
2934 1178 3052 1243 sed
3096 1180 3182 1243 ad

603 1282 796 1346 unius
844 1281 1072 1368 optimi
1127 1281 1365 1346 codicis
1410 1279 1608 1345 fidem
1660 1302 1896 1345 novam
1950 1281 2391 1345 recensionem
2435 1280 2699 1366 exigere
2744 1283 2951 1347 satius
3000 1279 3179 1345 duxi.

603 1384 823 1471 itaque
877 1383 1371 1449 fundamentum
1424 1381 1732 1448 editionis
1789 1404 1930 1446 esse
1985 1381 2163 1447 volui
2230 1383 2521 1448 codicem
2587 1383 2957 1447 Parisinum
3016 1383 3183 1448 7530

607 1487 737 1569 (P),
784 1488 968 1551 cuius
1016 1487 1338 1573 scriptura
1379 1487 1474 1549 ita
1504 1484 1795 1550 exhibita
1840 1493 1969 1565 est,
2016 1495 2089 1549 ut
2127 1484 2254 1550 nisi
2296 1484 2583 1577 indicata
2615 1486 3054 1572 discrepantia
3095 1484 3180 1549 ab

604 1610 681 1652 ea
724 1611 854 1652 non
897 1575 1310 1654 recederetur
1354 1597 1419 1652 et
1460 1597 1721 1673 praeter
1763 1586 2190 1672 paucissimas
2224 1586 2485 1673 quidem
2532 1600 2597 1654 et
2641 1588 3006 1653 levissimas
3050 1609 3179 1668 res,

603 1680 765 1777 quas
811 1692 878 1754 in
920 1690 1045 1756 hoc
1088 1713 1327 1775 genere
1358 1691 1745 1774 scriptorum
1777 1690 2127 1753 memoriae
2157 1688 2433 1775 prodere
2463 1688 2624 1754 nihil
2651 1691 2946 1771 interest,
2993 1688 3178 1775 quid-

604 1794 760 1878 quid
789 1791 1004 1857 'aliter
1060 1803 1254 1878 atque
1300 1791 1546 1857 editum
1591 1801 1691 1857 est
1733 1792 1805 1854 in
1850 1814 1925 1856 eo
1972 1793 2285 1877 scriptum
2332 1801 2526 1874 esset,
2572 1791 2869 1857 subiecta
2912 1790 3179 1855 adnota-

601 1896 776 1960 tione
822 1894 1311 1980 significaretur.
1402 1894 1488 1959 ad
1541 1892 1930 1979 corrigenda
1981 1903 2197 1958 autem
2241 1894 2524 1959 Parisini
2570 1895 2812 1958 codicis
2858 1894 3025 1959 vitia
3068 1892 3180 1956 ad-

601 1998 785 2063 hibui
828 1997 1315 2082 Frisingensem
1358 1996 1649 2061 codicem
1695 1995 1844 2081 (F);
1919 1990 2126 2081 neque
2183 2006 2404 2060 tamen
2446 1998 2770 2082 integram
2814 1996 3174 2081 scripturae

609 2101 1148 2186 discrepantiam,
1207 2099 1373 2164 sicut
1427 2098 1495 2161 in
1549 2098 1663 2162 illo
1719 2097 1968 2161 factum
2012 2108 2142 2179 est,
2199 2097 2523 2180 indicavi,
2571 2098 2687 2163 sed
2729 2096 2966 2179 multa,
3012 2119 3179 2183 quae

597 2201 838 2266 nullius
884 2202 1196 2267 momenti
1241 2222 1384 2265 esse
1428 2201 1574 2265 visa
1620 2208 1804 2281 sunt,
1861 2199 2071 2263 omisi.
2158 2199 2226 2263 in
2272 2223 2398 2286 quo
2444 2200 2567 2266 hoc
2610 2200 2763 2266 sciri
2806 2200 2990 2281 v010,
3034 2199 3178 2263 ubi-

596 2326 871 2390 cumque
916 2326 994 2367 ea
1036 2326 1202 2390 quae
1247 2302 1424 2367 edita
1467 2312 1621 2367 sunt
1664 2324 1704 2365 a
1747 2301 2046 2366 Parisino
2092 2301 2315 2366 codice
2361 2303 2784 2385 dissentiunt,
2830 2324 3038 2388 neque
3082 2301 3177 2364 in-

598 2405 885 2470 dicatum
930 2416 1046 2486 est,
1093 2404 1252 2492 quid
1292 2405 1360 2468 in
1406 2403 1816 2489 Frisingensi
1857 2404 2081 2469 codice
2129 2406 2443 2491 scriptum
2490 2405 2597 2487 sit,
2643 2407 2811 2469 hunc
2857 2426 3005 2468 cum
3046 2402 3177 2466 illis

597 2531 762 2594 quae
826 2511 896 2572 in
965 2508 1458 2572 continuitatem
1512 2506 1865 2571 verborum
1930 2517 2196 2594 recepta
2255 2519 2409 2573 sunt
2476 2511 2841 2571 consentire
2907 2507 3177 2592 eiusque

597 2611 966 2692 testimonio
1012 2611 1380 2675 confirmari
1425 2632 1591 2695 quae
1633 2611 1700 2674 in
1743 2607 1874 2673 illis
1921 2607 2078 2674 locis
2124 2620 2353 2675 contra
2396 2612 2850 2676 auctoritatem
2894 2607 3178 2672 Parisini

545 2764 548 2765 ν
595 2713 836 2777 codicis
881 2713 1158 2800 probata
1202 2723 1371 2776 sunt.
1460 2723 1799 2798 praeterea
1850 2713 1918 2774 in
1974 2736 2106 2777 non
2160 2711 2354 2776 nullis
2412 2713 2599 2794 lociS,
2655 2712 2724 2774 in
2778 2711 3013 2799 quibus
3068 2708 3176 2774 vel

594 2816 886 2901 corrupti
932 2826 1117 2880 erant
1162 2815 1437 2895 codiceS,
1483 2813 1587 2880 vel
1624 2837 1754 2879 non
1808 2814 2038 2878 inutile
2083 2825 2223 2879 erat
2277 2816 2478 2898 scire,
2524 2814 2682 2902 quid
2726 2813 2881 2879 olim
2926 2813 3174 2878 editum

595 2928 801 3001 esset,
849 2918 1234 3005 scripturam
1279 2917 1590 3003 principis
1625 2917 1928 2981 editionis
1962 2917 2076 3003 (ς),
2123 2941 2269 2982 cum
2301 2917 2709 3002 Frisingensi
2740 2916 2966 2982 codice
2996 2915 3175 2981 illam

595 3020 856 3106 quidem
902 3018 1280 3106 plerumque
1325 3020 1866 3100 consentientem,
1914 3019 2223 3084 indicavi.
2314 3042 2526 3106 pauca
2580 3021 2774 3085 etiam
2820 3042 2905 3083 ex
2948 3018 3174 3083 codice

593 3121 1199 3187 Wolfenbuttela'no
1244 3123 1640 3208 antiquiore,
1702 3144 1892 3207 quem
1946 3121 2013 3184 in
2071 3120 2328 3186 schedis
2374 3121 2807 3187 Lindemanni
2863 3120 3174 3186 collatum

592 3223 826 3306 habui,
874 3224 1230 3311 adscripsi,
1279 3246 1407 3288 non
1451 3224 1640 3309 quasi
1668 3221 1831 3287 haec
1862 3221 2147 3310 aliquam
2177 3224 2631 3288 auctoritatem
2674 3223 3008 3305 haberent,
3054 3223 3173 3288 sed

591 3327 743 3411 qnia
795 3349 912 3412 pro
969 3327 1358 3393 coniecturis
1415 3325 1847 3388 recentiorum
1889 3327 2458 3409 grammaticorum
2503 3326 2805 3391 habenda
2847 3336 3018 3408 sunt,
3067 3325 3174 3391 vel

592 3439 764 3492 certe
807 3429 962 3515 quia
1004 3429 1442 3493 Lindemanni
1486 3426 1770 3491 editione
1815 3440 2183 3514 propagata
2240 3440 2445 3492 erant.
2535 3429 2778 3494 omissa
2831 3440 3048 3494 autem
3103 3430 3171 3492 in

590 3530 712 3594 hoc
754 3530 923 3596 libro
968 3543 1068 3597 est
1114 3554 1191 3596 ea
1234 3553 1386 3618 pars
1420 3553 1584 3616 quae
1631 3541 1730 3594 est
1776 3530 1855 3595 de
1899 3532 2153 3615 graecis
2188 3530 2577 3596 nominibuS.
2629 3529 2912 3617 reliquos
2944 3531 3169 3614 libros,

590 3655 864 3718 quorum
909 3635 1067 3698 mihi
1113 3636 1301 3719 copia
1344 3634 1522 3697 facta
1565 3643 1734 3713 erat,
1792 3631 2080 3718 neglexi,
2128 3656 2207 3697 ne
2254 3633 2468 3698 inutili
2512 3633 2842 3699 variarum
2896 3635 3169 3720 scriptu-

589 3757 802 3799 rarum
847 3735 1016 3800 mole
1060 3735 1226 3801 liber
1271 3744 1673 3799 oneraretur.
1733 3757 1943 3821 neque
1987 3738 2231 3802 maiore
2262 3758 2417 3800 cura
2445 3758 2638 3823 quam
2683 3759 2877 3800 manu
2924 3737 3170 3823 scripta

587 3838 790 3923 ipsius
835 3837 991 3903 libri
1036 3836 1435 3923 exemplaria
1490 3837 1726 3921 dignus
1773 3849 1872 3903 est
1917 3841 2413 3902 commentarius
2468 3838 2536 3900 in
2579 3839 2863 3902 Phocam
2909 3838 3167 3925 amplis-

586 3943 822 4022 simus,
868 3942 980 4027 qui
1027 3941 1307 4025 scriptus
1355 3950 1457 4003 est
1498 3941 1565 4003 in
1609 3939 1835 4004 codice
1886 3940 2268 4005 Monacensi
2316 3941 2558 4022 19454,
2606 3941 2758 4006 olim
2804 3942 3163 4026 Tegernse-

587 4044 725 4107 ensi
775 4044 975 4124 1454,
1033 4041 1292 4106 saeculo
1337 4041 1678 4106 undecimo
1725 4042 1830 4108 vel
1889 4042 2268 4108 duodecimo
2315 4068 2377 4130 p.
2432 4045 2583 4127 145,
2632 4052 2844 4124 incipit
2882 4051 3058 4123 ylosa
3102 4052 3166 4108 in

586 4152 833 4210 Focam.
897 4151 1016 4210 Ars
1046 4152 1271 4209 dicitur
1315 4150 1391 4208 ab
1436 4151 1591 4208 artis
1625 4153 2005 4226 praeceptiS,
2056 4153 2121 4210 id
2162 4159 2248 4211 est
2290 4168 2330 4210 a
2358 4154 2583 4212 strictis
2626 4154 2873 4229 requIiS,
2904 4169 2974 4212 eo
3003 4149 3172 4227 quod

586 4257 785 4312 omnia
841 4253 1296 4328 conprehendit.
1385 4268 1490 4323 ars
1542 4254 1722 4310 etiam
1778 4261 1864 4312 est
1918 4256 2311 4328 conyreyatio
2364 4257 2460 4314 uel
2504 4258 2818 4330 perceptio
2861 4272 3065 4315 rerum
3107 4262 3167 4313 et

586 4358 813 4417 dicitur
858 4372 979 4432 apo
1025 4362 1088 4414 tu
1132 4362 1367 4433 arctes,
1425 4356 1491 4413 id
1531 4362 1618 4412 est
1661 4371 1700 4412 a
1727 4358 1987 4415 uirtute.
2078 4359 2187 4415 iste
2232 4359 2427 4416 Focas
2484 4359 2543 4416 in
2588 4360 2845 4417 exordio
2887 4359 3034 4416 libri
3071 4361 3169 4417 sui

581 4475 738 4533 prae
785 4458 1092 4531 facundia
1146 4460 1413 4532 eleqiaco
1469 4461 1739 4516 carme'ne
1791 4461 2124 4534 composuit
2174 4492 2243 4500 —-
2294 4479 2353 4541 p.
2402 4455 2527 4520 236
2583 4462 2920 4519 memineris
2961 4463 3156 4529 etiam,

586 4563 651 4620 id
705 4569 791 4621 est
845 4563 1221 4635 recordaris,
1283 4561 1670 4620 inchoativae
1716 4560 1960 4633 formae
2012 4563 2200 4622 uerba
2249 4607 2262 4620 .
2279 4565 2329 4621 i.
2378 4565 2440 4622 in
2484 4565 2825 4638 praeterito
2881 4564 3154 4635 deficere,

587 4667 732 4738 quia
790 4666 1139 4724 incleoatizea
1195 4681 1315 4723 non
1362 4672 1563 4739 potest
1617 4665 1841 4723 habere
1891 4667 2306 4740 praeteritum.
2395 4661 2686 4724 continet
2739 4670 2957 4724 autem
3001 4659 3163 4723 haec

586 4762 803 4845 glossa
847 4763 1199 4826 maximam
1241 4762 1392 4826 libri
1436 4773 1689 4847 partem
1733 4760 1951 4827 multis
1999 4774 2063 4827 et
2096 4762 2443 4827 verborum
2487 4771 2552 4826 et
2594 4784 2807 4826 rerum
2850 4763 3162 4847 interpre-

585 4865 942 4929 tationibus
998 4875 1062 4928 et
1126 4864 1365 4950 ineptis
1432 4866 1812 4928 commentis
1879 4866 2163 4929 maxime
2231 4864 2310 4928 de
2376 4866 2624 4949 origine
2689 4864 3161 4935 vocabulorum
