3541 5564
627 309 752 374 682
1488 316 1585 377 DE
1630 315 1879 379 DVBIIS
1924 316 2338 380 NOMINIBVS

679 432 721 473 p.
747 419 901 460 84-86
927 417 980 458 fl.

795 498 1010 559 Libido
1054 501 1291 576 generis
1336 502 1637 572 seminini,
1695 510 1760 563 ut
1804 503 2162 565 Prudentius
2210 501 2447 582 (psych.
2495 497 2596 581 87)
2645 502 2978 581 ‘prostrata
3023 503 3201 569 iaceS,

628 601 917 662 lutulenta
963 599 1203 662 libido’.

800 703 992 763 Locus
1035 706 1276 780 generis
1317 708 1664 781 masculini,
1714 714 1781 767 ut
1825 707 1971 767 illud
2022 705 2213 786 (Sulp.
2259 706 2392 765 Sev.
2441 707 2590 766 dial.
2646 704 2703 774 l,
2754 702 2812 784 7)
2862 705 3057 765 ‘locus
3102 703 3202 764 ille

625 807 941 866 maximam
986 803 1231 883 parabat
1276 806 1614 867 invidiam'.
1705 809 2017 887 pluraliter
2063 810 2190 870 loca
2230 807 2518 886 ,Virgilius
2564 807 2734 867 dixit.

800 908 806 987 l
854 907 1009 967 Laus
1064 909 1304 985 generis
1359 910 1662 978 seminini,
1721 917 1785 969 ut
1829 909 2189 971 Prudentius
2236 908 2444 986 (steph.
2495 905 2550 978 1,
2597 905 2699 989 82)
2748 908 2886 969 ‘ina
2932 908 3056 969 laus
3101 926 3199 967 oc·
3229 924 3255 962 5

626 1009 782 1069 culta
827 1028 947 1069 non
993 1010 1140 1069 est’.

795 1112 1021 1172 Lumen
1079 1112 1320 1188 generis
1378 1114 1606 1182 neutri,
1664 1121 1728 1171 ut
1786 1112 2064 1174 Sidonius
2120 1111 2346 1190 (carm.
2410 1109 2513 1182 19,
2560 1108 2632 1192 4)
2693 1113 2949 1173 ‘lumina
3008 1119 3198 1172 vestra

625 1215 885 1274 natant'.

780 1313 1114 1400 Lavacrum
1172 1317 1412 1391 generis
1467 1319 1693 1384 neutri,
1753 1326 1816 1376 ut
1873 1317 2229 1378 Prudentius
2290 1316 2511 1393 (steph.
2564 1315 2671 1387 10,
2726 1313 2863 1395 158)
2913 1317 3084 1376 ‘dum
3129 1315 3199 1376 ad

629 1417 926 1477 lavacrum
970 1418 1385 1496 praeconando
1428 1420 1726 1479 curritis'.
3232 1435 3281 1473 ιο

794 1519 968 1579 Livor
996 1520 1236 1596 generis
1264 1520 1564 1589 feminini,
1615 1528 1678 1580 ut
1708 1520 1997 1581 Iuvencus
2030 1521 2075 1598 (1
2105 1517 2248 1602 369)
2298 1521 2467 1582 ‘mox
2500 1522 2650 1582 livor
2681 1521 2982 1582 daemonis
3013 1521 3198 1580 atra'.

793 1620 1052 1681 Lucrum
1108 1623 1347 1698 generis
1400 1623 1631 1692 neutri,
1689 1630 1756 1681 ιιι
1801 1622 2082 1683 Paulinus
2127 1620 2337 1700 (carm.
2388 1620 2496 1692 17,
2543 1619 2688 1703 274)
2736 1623 2922 1682 ‘sacri
2967 1621 3198 1682 lucrum

624 1723 926 1784 cumulans
969 1721 1229 1783 talenti’.

792 1825 1046 1902 Lignum
1090 1825 1326 1902 generis
1371 1826 1599 1893 neutri,
1646 1836 1714 1885 ut
1758 1827 1821 1885 in
1868 1844 2077 1905 regum
2122 1827 2312 1904 ‘ligna
2359 1825 2793 1906 inputribilia’.

791 1926 1001 1988 Limen
1032 1928 1270 2004 generis
1300 1928 1533 1995 neutri,
1565 1936 1629 1986 ut
1660 1926 1944 2005 Virgilius
1978 1926 2069 2004 (Α.
2103 1928 2175 1988 Vl
2205 1925 2350 1988 427.
2393 1927 2472 1989 XI
2501 1925 2646 2008 423)
2681 1927 2914 1987 ‘limine
2946 1928 3195 2007 primo’.
3233 1944 3281 1985 15

791 2029 960 2089 Litus
1004 2030 1243 2106 generis
1286 2030 1515 2098 neutri,
1564 2036 1630 2088 ut
1672 2029 1954 2107 Virgilius
2002 2027 2093 2107 (A.
2142 2029 2168 2088 Ι
2210 2026 2270 2109 2)
2321 2030 2717 2109 ‘Laviniaque
2763 2031 2924 2089 venit
2967 2028 3197 2089 litora'.

788 2130 1009 2209 Liquor
1052 2131 1293 2208 generis
1336 2129 1680 2199 masculini,
1730 2139 1792 2192 ut
1823 2130 2179 2193 Prudentius
2227 2129 2348 2208 (ap.
2380 2128 2525 2212 670)
2576 2132 2888 2192 ‘sustinuit
2928 2149 3198 2209 gressum

623 2231 842 2291 domini
887 2231 1142 2292 famulus
1184 2231 1434 2311 liquor’.

788 2333 1089 2412 Legumen
1134 2336 1373 2411 generis
1426 2336 1651 2402 neutri,
1698 2342 1763 2394 ut
1806 2335 2068 2395 Isidorus
2109 2335 2440 2412 ‘legumina
2471 2337 2655 2396 mari'
2703 2344 2762 2396 et
2806 2335 2948 2396 illud
2997 2335 3197 2412 ‘legu-

621 2437 780 2496 mina
824 2436 1063 2496 multa'.
3223 2457 3277 2495 20

788 2536 983 2598 Labor
1028 2539 1271 2614 generis
1315 2537 1659 2606 masculini,
1709 2547 1772 2599 ut
1816 2538 1957 2601 illud
2005 2539 2208 2600 ‘labor
2253 2541 2365 2599 iste
2410 2558 2525 2600 non
2573 2541 2688 2599 erit
2731 2541 2994 2600 irritus'.

792 2636 799 2718 Ι
860 2638 1215 2699 Ludibrium
1271 2642 1513 2717 generis
1585 2642 1809 2709 neutri,
1882 2650 1945 2701 ut
2009 2640 2158 2701 illud
2212 2640 2506 2702 ‘ludibria
2561 2641 2745 2702 multa
2813 2648 3070 2701 sectatus
3138 2649 3199 2700 et

622 2740 880 2818 iugula’.
2210 2736 2217 2742 ’

789 2843 1029 2904 Lucifer
1073 2845 1314 2921 generis
1357 2845 1697 2915 masculini,
1743 2854 1808 2906 ut
1853 2844 2135 2906 Sidonius
2180 2846 2433 2906 ‘nitidus
2476 2846 2775 2906 Lucifer’.

788 2945 967 3024 Lapis
1010 2947 1251 3023 generis
1296 2946 1641 3025 masculini,
1690 2955 1755 3006 ut
1785 2946 2143 3008 Prudentius
2177 2946 2297 3027 (ap.
2333 2949 2547 3025 praes.
2579 2944 2638 3016 2,
2670 2944 2773 3026 33)
2822 2947 3008 3027 ‘lapis
3053 2966 3195 3008 ecce
3226 2968 3277 3005 aa

619 3053 821 3107 nostro
866 3048 1015 3106 fixus
1059 3048 1414 3107 offensaculo
1460 3050 1606 3109 est'.

786 3149 984 3227 Lepus
1013 3150 1250 3225 generis
1280 3150 1619 3221 masculini,
1667 3160 1729 3211 ut
1760 3152 2055 3211 Ausonius
2085 3152 2537 3229 ‘investigatum
2569 3154 2712 3212 l'erri
2744 3151 2917 3212 dolus
2943 3151 3192 3230 lepori’.

788 3420 820 3469 3
860 3420 998 3470 locus
1036 3422 1165 3476 Non.
1206 3422 1302 3472 211
1349 3421 1500 3475 Char.
1534 3422 1620 3485 37,
1659 3424 1710 3476 2.
1758 3421 1843 3484 76,
1887 3424 1947 3473 14
1983 3439 2095 3474 exe.
2136 3424 2286 3478 Char.
2328 3426 2448 3477 551.
2489 3426 2553 3474 27
2587 3388 2733 3476 Serv.
2765 3427 2815 3473 in
2862 3425 3017 3487 Very.
3054 3425 3189 3480 Aen.

618 3492 633 3538 l
663 3490 767 3543 306
909 3492 973 3541 12
1017 3492 1208 3540 lucrum
1248 3492 1376 3546 Non.
1418 3492 1522 3542 210
1663 3493 1724 3542 17
1761 3494 1926 3555 liquor
1967 3496 2131 3544 Prisc.
2166 3494 2282 3557 170,
2327 3494 2390 3544 13
2530 3495 2597 3543 25
2628 3495 2758 3559 lapis
2790 3494 2920 3544 Non.
2952 3493 3049 3543 211

753 3561 818 3609 27
854 3561 999 3627 lepus
1048 3564 1214 3615 Prisc.
1257 3562 1372 3626 104,
1412 3563 1493 3615 19.
1539 3562 1656 3627 169,
1695 3562 1777 3612 15.
1816 3564 1934 3622 264,
1967 3564 2001 3613 6

754 3820 779 3871 1
819 3818 973 3868 libido
1017 3848 1080 3856 —
1121 3820 1365 3870 lutulenta
1404 3818 1560 3870 libido
1598 3820 1689 3869 hoc
1724 3824 1833 3871 loco
1869 3823 2052 3872 omissa
2091 3846 2152 3855 —
2190 3829 2306 3871 ante
2338 3822 2404 3871 24
2440 3820 2620 3870 lucifer
2653 3820 2803 3869 habet
2839 3818 2903 3868 Μ
3042 3819 3193 3870 l'emi—

615 3886 741 3955 nini]
787 3891 882 3939 net’n
921 3891 1116 3941 MVL
1222 3892 1346 3939 iacis
1389 3892 1497 3939 VL
1534 3891 1651 3939 iatis
1690 3889 1755 3938 M
1868 3895 1900 3943 2
1938 3891 2191 3940 luculenta
2228 3893 2275 3940 L
2314 3891 2531 3939 luculeta
2567 3891 2629 3939 M
2731 3890 2763 3938 :3
2804 3890 3067 3940 masculini
3092 3907 3188 3939 om.

613 3960 675 4008 M
697 3960 803 4007 VL
1014 3960 1176 4009 locum
1214 3960 1274 4009 M
1481 3960 1540 4011 11
1582 3960 1665 4009 hic
1699 3961 1826 4009 livor
1863 3953 1899 4026 ἡ
1942 3953 2284 4024 πελιδνότης
2320 3957 2420 4011 καὶ
2447 3953 2477 4012 ὁ
2506 3951 2734 4024 φθόνος
2771 3961 2833 4010 de
2865 3961 3030 4012 idione.
3064 3976 3185 4024 qen.

607 4033 701 4080 vol.
744 4030 812 4078 lV
842 4046 897 4094 p,
931 4031 1061 4092 574,
1097 4031 1181 4081 71.
1226 4037 1319 4080 aut
1357 4029 1483 4079 livor
1529 4031 1732 4096 generis
1778 4030 2044 4081 masculini
2083 4057 2147 4064 —
2184 4038 2288 4077 ater
2333 4032 2536 4091 scripsit
2572 4032 2953 4093 yrammaticuS,
3001 4040 3089 4081 ant
3138 4032 3193 4078 in

609 4116 833 4150 errorem
878 4101 1108 4151 inductus
1157 4108 1233 4149 est
1273 4102 1391 4151 vitio
1430 4104 1715 4163 sev-immae
1767 4102 1906 4163 apud
1942 4099 2221 4161 Iuvencum,
2259 4099 2420 4148 rabidi
2460 4113 2577 4148 mox
2615 4099 2741 4149 livor
2780 4100 3043 4149 daemonis
3079 4108 3193 4149 ater

610 4185 723 4219 cum
760 4180 950 4222 terrore
987 4173 1120 4235 rapit
1156 4179 1375 4220 mentem
1560 4172 1622 4221 12
1663 4170 1742 4219 his
1778 4185 1977 4219 sacrum
2021 4169 2174 4218 lucris
2220 4169 2485 4219 cumulans
2521 4168 2765 4220 talentum
2802 4173 3049 4221 Paulinus

613 4239 674 4289 13
711 4244 973 4291 comulans
1013 4240 1078 4289 M
1110 4240 1372 4291 cumulans
1418 4240 1528 4289 VL
1669 4241 1736 4291 14
1770 4243 1821 4290 in
1860 4254 2073 4305 regnum
2113 4238 2180 4287 Μ
2220 4254 2247 4286 e
2294 4254 2471 4304 regum
2516 4240 2579 4288 L.
2619 4244 2670 4290 in
2705 4240 2848 4290 libris
2885 4256 3054 4305 regum
3087 4256 3190 4289 non

606 4312 836 4374 lefflcntnr
865 4311 1044 4366 verim,-
1076 4326 1145 4361 ατ
1180 4310 1348 4360 exodo
1384 4309 1453 4375 (c.
1485 4309 1582 4376 35)
1617 4312 1787 4361 citavit
1820 4311 2156 4375 Hieronymus
2192 4324 2270 4371 ep.
2301 4309 2386 4370 64,
2421 4311 2455 4359 9
2495 4310 2615 4372 (vol.
2657 4314 2675 4360 1
2705 4327 2760 4376 p.
2796 4310 2898 4362 360
2932 4310 3014 4362 ed.
3061 4311 3185 4359 Val-

609 4380 766 4445 lars.)
803 4382 1023 4447 legimus
1054 4381 1105 4431 in
1144 4382 1308 4429 exodo
1345 4407 1411 4415 —-
1453 4381 1582 4444 pilos
1622 4395 1890 4445 caprarum
1939 4389 1987 4429 et
2026 4381 2161 4444 ligna
2200 4379 2539 4444 imputribilia,
2579 4396 2867 4444 quamquam
2894 4381 2947 4429 in
2980 4381 3185 4444 vulqam

605 4452 1018 4513 interpretatione
1049 4452 1082 4502 l.
1115 4467 1158 4499 c.
1197 4451 1338 4516 ligna
1374 4450 1681 4516 inputribilis
1716 4466 1815 4501 non
1849 4451 2158 4500 inveniuntur
2266 4450 2327 4499 15
2358 4450 2516 4514 prime
2544 4451 2605 4499 M
2713 4450 2777 4501 16
2815 4451 3005 4501 lauiniu
3033 4460 3189 4514 atque

609 4520 655 4567 L
763 4523 824 4572 19
863 4523 1120 4586 Legumen
1152 4548 1218 4557 —
1260 4519 1415 4569 multa
1451 4520 1543 4569 hoc·
1577 4524 1686 4572 Ioco
1721 4524 1902 4570 omissa
1936 4528 2056 4570 ante
2091 4520 2157 4570 24
2194 4518 2374 4569 lucifer
2408 4514 2559 4569 habet
2589 4522 2668 4571 L:
2707 4522 2930 4587 ligamen
2964 4528 3014 4570 el
3050 4521 3188 4585 ligu-

608 4591 744 4640 mina
780 4599 991 4656 utroque
1019 4595 1127 4641 Ioco
1156 4590 1218 4639 M
1236 4594 1287 4641 V
1304 4591 1344 4638 L
1462 4591 1701 4654 ysidorus
1731 4591 1795 4641 M
1824 4591 2061 4654 ysiderus
2090 4592 2154 4641 L.
2195 4591 2426 4652 exempla
2458 4591 2590 4639 unde
2619 4594 2780 4652 petita
2813 4594 2911 4641 sint
2938 4606 3036 4641 non
3068 4606 3190 4639 con-

605 4668 712 4711 stat
849 4663 917 4710 22
954 4662 1111 4711 multa
1146 4659 1387 4727 sectatus]
1424 4661 1662 4710 multatus
1700 4661 1765 4710 M
1901 4661 1969 4711 23
2007 4658 2202 4726 iugula]
2237 4660 2358 4726 gula
2394 4660 2457 4711 Μ
2466 4662 2545 4712 L.-
2572 4661 2819 4709 iocularia
2856 4663 2935 4711 vel
2960 4661 3070 4709 ioca
3107 4665 3191 4711 vel

608 4731 774 4779 iocula
807 4734 1015 4782 coniecit
1041 4732 1299 4793 Hauptius
1436 4731 1499 4779 24
1529 4732 1718 4781 nitidus
1756 4728 1934 4780 lucifer
1962 4745 2062 4780 non
2099 4732 2295 4781 inventa
2328 4737 2444 4780 sunt
2479 4730 2618 4794 apud
2646 4729 2901 4781 Sidonium
3003 4732 3070 4780 27
3106 4731 3189 4779 in-

609 4801 856 4863 vestigato
895 4800 1024 4849 serre
1057 4800 1201 4849 dolos
1240 4801 1397 4865 lepori
1432 4805 1638 4852 coniecit
1672 4802 1942 4865 Hanptius.
2008 4802 2147 4865 apud
2172 4801 2442 4850 Amanium
2475 4801 2627 4852 verba
2660 4816 2757 4849 non
2794 4802 2992 4851 inventa
3018 4809 3135 4851 stent
