<?xml version="1.0" encoding="UTF-8"?>
<!DOCTYPE html PUBLIC "-//W3C//DTD XHTML 1.0 Transitional//EN"
    "http://www.w3.org/TR/xhtml1/DTD/xhtml1-transitional.dtd">
<html xmlns="http://www.w3.org/1999/xhtml" xml:lang="en" lang="en">
 <head>
  <title>
</title>
<meta http-equiv="Content-Type" content="text/html;charset=utf-8" />
  <meta name='ocr-system' content='tesseract 3.04.00' />
  <meta name='ocr-capabilities' content='ocr_page ocr_carea ocr_par ocr_line ocrx_word'/>
</head>
<body>
  <div class='ocr_page' id='page_1' title='image "./grammaticilatin10keilgoog_0405.png"; bbox 0 0 3541 5564; ppageno 0'>
   <div class='ocr_carea' id='block_1_1' title="bbox 1682 305 3043 369">
    <p class='ocr_par' dir='ltr' id='par_1_1' title="bbox 1682 305 3043 369">
     <span class='ocr_line' id='line_1_1' title="bbox 1682 305 3043 369; baseline 0 0"><span class='ocrx_word' id='word_1_1' title='bbox 1682 308 1825 369; x_wconf 84' lang='lat' dir='ltr'>ARS</span> <span class='ocrx_word' id='word_1_2' title='bbox 2921 305 3043 369; x_wconf 84' lang='lat'>397</span> 
     </span>
    </p>
   </div>
   <div class='ocr_carea' id='block_1_2' title="bbox 370 416 3044 3957">
    <p class='ocr_par' dir='ltr' id='par_1_2' title="bbox 459 416 3044 886">
     <span class='ocr_line' id='line_1_2' title="bbox 515 416 2993 468; baseline -0.001 -11"><span class='ocrx_word' id='word_1_3' title='bbox 515 430 552 457; x_wconf 72' lang='lat' dir='ltr'>e,</span> <span class='ocrx_word' id='word_1_4' title='bbox 586 418 647 457; x_wconf 72' lang='lat'>14,</span> <span class='ocrx_word' id='word_1_5' title='bbox 2704 428 2746 468; x_wconf 85' lang='lat' dir='ltr'>p.</span> <span class='ocrx_word' id='word_1_6' title='bbox 2774 417 2836 457; x_wconf 80' lang='lat'>25.</span> <span class='ocrx_word' id='word_1_7' title='bbox 2863 418 2914 457; x_wconf 80' lang='lat'>26</span> <span class='ocrx_word' id='word_1_8' title='bbox 2944 416 2993 455; x_wconf 89' lang='grc' dir='ltr'>Β.</span> 
     </span>
     <span class='ocr_line' id='line_1_3' title="bbox 465 493 3044 578; baseline -0 -20"><span class='ocrx_word' id='word_1_9' title='bbox 465 507 523 558; x_wconf 94' lang='lat' dir='ltr'>et</span> <span class='ocrx_word' id='word_1_10' title='bbox 568 518 598 557; x_wconf 90' lang='lat' dir='ltr'>e</span> <span class='ocrx_word' id='word_1_11' title='bbox 645 501 706 558; x_wconf 90' lang='lat' dir='ltr'>in</span> <span class='ocrx_word' id='word_1_12' title='bbox 752 506 1118 578; x_wconf 89' lang='lat' dir='ltr'>postremum</span> <span class='ocrx_word' id='word_1_13' title='bbox 1164 499 1493 559; x_wconf 84' lang='lat' dir='ltr'>conicimus</span> <span class='ocrx_word' id='word_1_14' title='bbox 1525 518 1632 577; x_wconf 90' lang='lat' dir='ltr'>pro</span> <span class='ocrx_word' id='word_1_15' title='bbox 1678 502 1726 568; x_wconf 92' lang='lat' dir='ltr'>i,</span> <span class='ocrx_word' id='word_1_16' title='bbox 1776 498 1932 577; x_wconf 88' lang='lat' dir='ltr'>quod</span> <span class='ocrx_word' id='word_1_17' title='bbox 1964 499 2156 558; x_wconf 86' lang='lat' dir='ltr'>fuerat</span> <span class='ocrx_word' id='word_1_18' title='bbox 2187 501 2446 577; x_wconf 86' lang='lat' dir='ltr'>primum</span> <span class='ocrx_word' id='word_1_19' title='bbox 2494 496 2656 576; x_wconf 90' lang='lat' dir='ltr'>(licet</span> <span class='ocrx_word' id='word_1_20' title='bbox 2686 493 3044 576; x_wconf 78' lang='grc' dir='ltr'><strong><em>παρέλκων</em></strong></span> 
     </span>
     <span class='ocr_line' id='line_1_4' title="bbox 463 601 3041 680; baseline -0 -20"><span class='ocrx_word' id='word_1_21' title='bbox 463 602 541 660; x_wconf 88' lang='lat' dir='ltr'>sit</span> <span class='ocrx_word' id='word_1_22' title='bbox 599 601 741 661; x_wconf 86' lang='lat' dir='ltr'>haec</span> <span class='ocrx_word' id='word_1_23' title='bbox 798 602 1011 670; x_wconf 83' lang='lat' dir='ltr'>dictio,</span> <span class='ocrx_word' id='word_1_24' title='bbox 1073 608 1136 660; x_wconf 89' lang='lat' dir='ltr'>ut</span> <span class='ocrx_word' id='word_1_25' title='bbox 1190 608 1280 660; x_wconf 91' lang='lat' dir='ltr'>est</span> <span class='ocrx_word' id='word_1_26' title='bbox 1335 601 1646 670; x_wconf 82' lang='lat' dir='ltr'><strong>adesdum,</strong></span> <span class='ocrx_word' id='word_1_27' title='bbox 1708 602 1860 680; x_wconf 92' lang='lat' dir='ltr'>quod</span> <span class='ocrx_word' id='word_1_28' title='bbox 1907 620 2094 678; x_wconf 83' lang='lat' dir='ltr'>genus</span> <span class='ocrx_word' id='word_1_29' title='bbox 2140 601 2560 679; x_wconf 87' lang='lat' dir='ltr'>metaplasmus</span> <span class='ocrx_word' id='word_1_30' title='bbox 2607 617 2721 660; x_wconf 88' lang='lat' dir='ltr'>non</span> <span class='ocrx_word' id='word_1_31' title='bbox 2769 608 2887 670; x_wconf 87' lang='lat' dir='ltr'>est,</span> <span class='ocrx_word' id='word_1_32' title='bbox 2935 601 3041 659; x_wconf 85' lang='lat' dir='ltr'>sed</span> 
     </span>
     <span class='ocr_line' id='line_1_5' title="bbox 463 702 3037 784; baseline -0 -21"><span class='ocrx_word' id='word_1_33' title='bbox 463 705 649 780; x_wconf 84' lang='lat' dir='ltr'>magis</span> <span class='ocrx_word' id='word_1_34' title='bbox 694 702 941 784; x_wconf 87' lang='lat' dir='ltr'>tropus).</span> <span class='ocrx_word' id='word_1_35' title='bbox 1032 703 1187 783; x_wconf 91' lang='lat' dir='ltr'>quod</span> <span class='ocrx_word' id='word_1_36' title='bbox 1234 706 1413 764; x_wconf 87' lang='lat' dir='ltr'>etiam</span> <span class='ocrx_word' id='word_1_37' title='bbox 1460 706 1521 764; x_wconf 93' lang='lat' dir='ltr'>in</span> <span class='ocrx_word' id='word_1_38' title='bbox 1565 704 1969 783; x_wconf 88' lang='lat' dir='ltr'>metaplasmis</span> <span class='ocrx_word' id='word_1_39' title='bbox 2015 706 2255 763; x_wconf 89' lang='lat' dir='ltr'>evenire</span> <span class='ocrx_word' id='word_1_40' title='bbox 2302 702 2697 782; x_wconf 78' lang='lat' dir='ltr'>deprehendit</span> <span class='ocrx_word' id='word_1_41' title='bbox 2730 703 2855 783; x_wconf 73' lang='lat' dir='ltr'>‘qui</span> <span class='ocrx_word' id='word_1_42' title='bbox 2902 703 3037 763; x_wconf 92' lang='lat' dir='ltr'>dili·</span> 
     </span>
     <span class='ocr_line' id='line_1_6' title="bbox 459 805 3042 886; baseline 0 -22"><span class='ocrx_word' id='word_1_43' title='bbox 459 807 695 882; x_wconf 81' lang='lat' dir='ltr'>gentius</span> <span class='ocrx_word' id='word_1_44' title='bbox 741 807 1185 875; x_wconf 89' lang='lat' dir='ltr'>animadvertit,</span> <span class='ocrx_word' id='word_1_45' title='bbox 1246 813 1309 865; x_wconf 91' lang='lat' dir='ltr'>ut</span> <span class='ocrx_word' id='word_1_46' title='bbox 1364 824 1498 865; x_wconf 89' lang='lat' dir='ltr'>cum</span> <span class='ocrx_word' id='word_1_47' title='bbox 1556 806 1811 865; x_wconf 81' lang='lat' dir='ltr'>dicimus</span> <span class='ocrx_word' id='word_1_48' title='bbox 1867 806 2108 866; x_wconf 74' lang='lat' dir='ltr'>laelium</span> <span class='ocrx_word' id='word_1_49' title='bbox 2154 824 2264 886; x_wconf 90' lang='lat' dir='ltr'>pro</span> <span class='ocrx_word' id='word_1_50' title='bbox 2309 805 2537 866; x_wconf 91' lang='lat' dir='ltr'>Bacho:</span> <span class='ocrx_word' id='word_1_51' title='bbox 2586 812 2646 865; x_wconf 92' lang='lat' dir='ltr'>et</span> <span class='ocrx_word' id='word_1_52' title='bbox 2688 808 3042 867; x_wconf 73' lang='lat' dir='ltr'>mutavimus</span> 
     </span>
    </p>

    <p class='ocr_par' dir='ltr' id='par_1_3' title="bbox 383 907 3039 1399">
     <span class='ocr_line' id='line_1_7' title="bbox 383 907 3039 988; baseline -0 -19"><span class='ocrx_word' id='word_1_53' title='bbox 383 932 407 969; x_wconf 84' lang='lat'>5</span> <span class='ocrx_word' id='word_1_54' title='bbox 461 908 748 978; x_wconf 81' lang='lat' dir='ltr'>litteram,</span> <span class='ocrx_word' id='word_1_55' title='bbox 797 909 953 988; x_wconf 89' lang='lat' dir='ltr'>quod</span> <span class='ocrx_word' id='word_1_56' title='bbox 1000 916 1092 968; x_wconf 88' lang='lat' dir='ltr'>est</span> <span class='ocrx_word' id='word_1_57' title='bbox 1136 907 1484 978; x_wconf 82' lang='lat' dir='ltr'>antithesis:</span> <span class='ocrx_word' id='word_1_58' title='bbox 1544 927 1679 968; x_wconf 92' lang='lat' dir='ltr'>nam</span> <span class='ocrx_word' id='word_1_59' title='bbox 1726 927 1836 987; x_wconf 91' lang='lat' dir='ltr'>pro</span> <span class='ocrx_word' id='word_1_60' title='bbox 1882 908 1919 968; x_wconf 94' lang='lat' dir='ltr'>b</span> <span class='ocrx_word' id='word_1_61' title='bbox 1965 910 2270 988; x_wconf 84' lang='lat' dir='ltr'>posuimus</span> <span class='ocrx_word' id='word_1_62' title='bbox 2315 911 2363 968; x_wconf 94' lang='lat' dir='ltr'>i:</span> <span class='ocrx_word' id='word_1_63' title='bbox 2431 917 2489 968; x_wconf 89' lang='lat' dir='ltr'>et</span> <span class='ocrx_word' id='word_1_64' title='bbox 2533 927 2711 969; x_wconf 88' lang='lat' dir='ltr'>unam</span> <span class='ocrx_word' id='word_1_65' title='bbox 2756 908 3039 988; x_wconf 76' lang='lat' dir='ltr'>syllabam</span> 
     </span>
     <span class='ocr_line' id='line_1_8' title="bbox 458 1010 3037 1090; baseline 0.001 -21"><span class='ocrx_word' id='word_1_66' title='bbox 458 1012 520 1069; x_wconf 88' lang='lat' dir='ltr'>in</span> <span class='ocrx_word' id='word_1_67' title='bbox 566 1010 711 1070; x_wconf 87' lang='lat' dir='ltr'>duas</span> <span class='ocrx_word' id='word_1_68' title='bbox 755 1010 1102 1081; x_wconf 81' lang='lat' dir='ltr'>divisimus:</span> <span class='ocrx_word' id='word_1_69' title='bbox 1150 1029 1282 1070; x_wconf 91' lang='lat' dir='ltr'>nam</span> <span class='ocrx_word' id='word_1_70' title='bbox 1332 1011 1403 1071; x_wconf 91' lang='lat' dir='ltr'>de</span> <span class='ocrx_word' id='word_1_71' title='bbox 1451 1010 1600 1071; x_wconf 90' lang='lat' dir='ltr'>bach</span> <span class='ocrx_word' id='word_1_72' title='bbox 1639 1011 1900 1090; x_wconf 76' lang='lat' dir='ltr'>fecimus</span> <span class='ocrx_word' id='word_1_73' title='bbox 1942 1010 2106 1079; x_wconf 91' lang='lat' dir='ltr'>iach,</span> <span class='ocrx_word' id='word_1_74' title='bbox 2156 1010 2312 1090; x_wconf 90' lang='lat' dir='ltr'>quod</span> <span class='ocrx_word' id='word_1_75' title='bbox 2358 1018 2449 1071; x_wconf 89' lang='lat' dir='ltr'>est</span> <span class='ocrx_word' id='word_1_76' title='bbox 2494 1011 2800 1072; x_wconf 83' lang='lat' dir='ltr'>diaeresis.</span> <span class='ocrx_word' id='word_1_77' title='bbox 2877 1012 3037 1071; x_wconf 90' lang='lat' dir='ltr'>aliud</span> 
     </span>
     <span class='ocr_line' id='line_1_9' title="bbox 458 1110 3038 1193; baseline 0.002 -22"><span class='ocrx_word' id='word_1_78' title='bbox 458 1112 737 1191; x_wconf 82' lang='lat' dir='ltr'>quiddam</span> <span class='ocrx_word' id='word_1_79' title='bbox 783 1122 890 1183; x_wconf 86' lang='lat' dir='ltr'>est,</span> <span class='ocrx_word' id='word_1_80' title='bbox 943 1110 1066 1193; x_wconf 89' lang='lat' dir='ltr'>[ut]</span> <span class='ocrx_word' id='word_1_81' title='bbox 1104 1132 1240 1173; x_wconf 88' lang='lat' dir='ltr'>cum</span> <span class='ocrx_word' id='word_1_82' title='bbox 1271 1113 1525 1173; x_wconf 88' lang='lat' dir='ltr'>dicimus</span> <span class='ocrx_word' id='word_1_83' title='bbox 1555 1113 1852 1173; x_wconf 75' lang='lat' dir='ltr'>Mavortis,</span> <span class='ocrx_word' id='word_1_84' title='bbox 1913 1133 2048 1173; x_wconf 90' lang='lat' dir='ltr'>nam</span> <span class='ocrx_word' id='word_1_85' title='bbox 2094 1121 2153 1173; x_wconf 87' lang='lat' dir='ltr'>et</span> <span class='ocrx_word' id='word_1_86' title='bbox 2197 1115 2573 1174; x_wconf 85' lang='lat' dir='ltr'>immittimus</span> <span class='ocrx_word' id='word_1_87' title='bbox 2619 1114 2765 1174; x_wconf 91' lang='lat' dir='ltr'>duas</span> <span class='ocrx_word' id='word_1_88' title='bbox 2808 1114 3038 1176; x_wconf 81' lang='lat' dir='ltr'>litteras</span> 
     </span>
     <span class='ocr_line' id='line_1_10' title="bbox 457 1215 3037 1297; baseline 0.002 -24"><span class='ocrx_word' id='word_1_89' title='bbox 457 1232 556 1284; x_wconf 87' lang='lat' dir='ltr'>vo,</span> <span class='ocrx_word' id='word_1_90' title='bbox 617 1216 772 1293; x_wconf 89' lang='lat' dir='ltr'>quod</span> <span class='ocrx_word' id='word_1_91' title='bbox 830 1224 921 1275; x_wconf 89' lang='lat' dir='ltr'>est</span> <span class='ocrx_word' id='word_1_92' title='bbox 975 1215 1348 1294; x_wconf 80' lang='lat' dir='ltr'>epenthesiS,</span> <span class='ocrx_word' id='word_1_93' title='bbox 1407 1224 1466 1277; x_wconf 91' lang='lat' dir='ltr'>et</span> <span class='ocrx_word' id='word_1_94' title='bbox 1521 1223 1857 1294; x_wconf 86' lang='lat' dir='ltr'>separatam</span> <span class='ocrx_word' id='word_1_95' title='bbox 1903 1225 2324 1277; x_wconf 87' lang='lat' dir='ltr'>consonantem</span> <span class='ocrx_word' id='word_1_96' title='bbox 2372 1217 2543 1297; x_wconf 84' lang='lat' dir='ltr'>alteri</span> <span class='ocrx_word' id='word_1_97' title='bbox 2590 1216 2851 1296; x_wconf 80' lang='lat' dir='ltr'>syllabae</span> <span class='ocrx_word' id='word_1_98' title='bbox 2898 1236 3037 1277; x_wconf 88' lang='lat' dir='ltr'>con-</span> 
     </span>
     <span class='ocr_line' id='line_1_11' title="bbox 456 1319 3035 1399; baseline 0.001 -22"><span class='ocrx_word' id='word_1_99' title='bbox 456 1319 786 1394; x_wconf 82' lang='lat' dir='ltr'>iungimuS,</span> <span class='ocrx_word' id='word_1_100' title='bbox 845 1337 979 1378; x_wconf 90' lang='lat' dir='ltr'>cum</span> <span class='ocrx_word' id='word_1_101' title='bbox 1035 1319 1286 1378; x_wconf 87' lang='lat' dir='ltr'>facimus</span> <span class='ocrx_word' id='word_1_102' title='bbox 1341 1337 1477 1390; x_wconf 78' lang='lat' dir='ltr'>vor3</span> <span class='ocrx_word' id='word_1_103' title='bbox 1536 1319 1693 1399; x_wconf 92' lang='lat' dir='ltr'>quod</span> <span class='ocrx_word' id='word_1_104' title='bbox 1748 1321 1953 1379; x_wconf 88' lang='lat' dir='ltr'>nescio</span> <span class='ocrx_word' id='word_1_105' title='bbox 2008 1338 2081 1380; x_wconf 91' lang='lat' dir='ltr'>an</span> <span class='ocrx_word' id='word_1_106' title='bbox 2140 1320 2430 1380; x_wconf 88' lang='lat' dir='ltr'>diaeresis</span> <span class='ocrx_word' id='word_1_107' title='bbox 2488 1319 2606 1379; x_wconf 91' lang='lat' dir='ltr'>dici</span> <span class='ocrx_word' id='word_1_108' title='bbox 2652 1322 2871 1397; x_wconf 87' lang='lat' dir='ltr'>possit:</span> <span class='ocrx_word' id='word_1_109' title='bbox 2917 1338 3035 1380; x_wconf 90' lang='lat' dir='ltr'>non</span> 
     </span>
    </p>

    <p class='ocr_par' dir='ltr' id='par_1_4' title="bbox 379 1420 3035 2422">
     <span class='ocr_line' id='line_1_12' title="bbox 384 1420 3034 1500; baseline 0 -18"><span class='ocrx_word' id='word_1_110' title='bbox 384 1444 433 1482; x_wconf 88' lang='grc' dir='ltr'>ιο</span> <span class='ocrx_word' id='word_1_111' title='bbox 459 1421 620 1479; x_wconf 87' lang='lat' dir='ltr'>enim</span> <span class='ocrx_word' id='word_1_112' title='bbox 673 1438 783 1499; x_wconf 90' lang='lat' dir='ltr'>per</span> <span class='ocrx_word' id='word_1_113' title='bbox 841 1439 905 1480; x_wconf 89' lang='lat' dir='ltr'>se</span> <span class='ocrx_word' id='word_1_114' title='bbox 962 1429 1192 1481; x_wconf 88' lang='lat' dir='ltr'>tautum</span> <span class='ocrx_word' id='word_1_115' title='bbox 1239 1421 1385 1482; x_wconf 89' lang='lat' dir='ltr'>duas</span> <span class='ocrx_word' id='word_1_116' title='bbox 1441 1420 1696 1500; x_wconf 79' lang='lat' dir='ltr'>syllabas</span> <span class='ocrx_word' id='word_1_117' title='bbox 1739 1423 1903 1482; x_wconf 90' lang='lat' dir='ltr'>facit.</span> <span class='ocrx_word' id='word_1_118' title='bbox 1993 1424 2136 1481; x_wconf 89' lang='lat' dir='ltr'>item</span> <span class='ocrx_word' id='word_1_119' title='bbox 2182 1421 2329 1482; x_wconf 90' lang='lat' dir='ltr'>duos</span> <span class='ocrx_word' id='word_1_120' title='bbox 2372 1421 2789 1500; x_wconf 88' lang='lat' dir='ltr'>metaplasmos</span> <span class='ocrx_word' id='word_1_121' title='bbox 2833 1421 3034 1492; x_wconf 81' lang='lat' dir='ltr'>habeS,</span> 
     </span>
     <span class='ocr_line' id='line_1_13' title="bbox 455 1522 3034 1603; baseline 0.001 -22"><span class='ocrx_word' id='word_1_122' title='bbox 455 1540 589 1597; x_wconf 83' lang='lat' dir='ltr'>cum</span> <span class='ocrx_word' id='word_1_123' title='bbox 648 1522 901 1584; x_wconf 89' lang='lat' dir='ltr'>dicimus</span> <span class='ocrx_word' id='word_1_124' title='bbox 955 1525 1134 1584; x_wconf 88' lang='lat' dir='ltr'>satias</span> <span class='ocrx_word' id='word_1_125' title='bbox 1190 1542 1300 1603; x_wconf 89' lang='lat' dir='ltr'>pro</span> <span class='ocrx_word' id='word_1_126' title='bbox 1357 1525 1620 1584; x_wconf 77' lang='lat' dir='ltr'>satietas,</span> <span class='ocrx_word' id='word_1_127' title='bbox 1709 1541 1847 1584; x_wconf 88' lang='lat' dir='ltr'>nam</span> <span class='ocrx_word' id='word_1_128' title='bbox 1902 1531 1961 1583; x_wconf 88' lang='lat' dir='ltr'>et</span> <span class='ocrx_word' id='word_1_129' title='bbox 2017 1523 2247 1584; x_wconf 87' lang='lat' dir='ltr'>mediae</span> <span class='ocrx_word' id='word_1_130' title='bbox 2304 1524 2553 1584; x_wconf 90' lang='lat' dir='ltr'>dictioni</span> <span class='ocrx_word' id='word_1_131' title='bbox 2598 1526 2759 1584; x_wconf 84' lang='lat' dir='ltr'>duae</span> <span class='ocrx_word' id='word_1_132' title='bbox 2802 1524 3034 1585; x_wconf 88' lang='lat' dir='ltr'>litterae</span> 
     </span>
     <span class='ocr_line' id='line_1_14' title="bbox 454 1624 3033 1705; baseline 0.001 -21"><span class='ocrx_word' id='word_1_133' title='bbox 454 1624 791 1685; x_wconf 87' lang='lat' dir='ltr'>subtractae</span> <span class='ocrx_word' id='word_1_134' title='bbox 849 1633 1015 1694; x_wconf 90' lang='lat' dir='ltr'>sunt,</span> <span class='ocrx_word' id='word_1_135' title='bbox 1074 1627 1230 1704; x_wconf 90' lang='lat' dir='ltr'>quod</span> <span class='ocrx_word' id='word_1_136' title='bbox 1289 1633 1380 1688; x_wconf 88' lang='lat' dir='ltr'>est</span> <span class='ocrx_word' id='word_1_137' title='bbox 1435 1645 1719 1705; x_wconf 78' lang='lat' dir='ltr'>syncope,</span> <span class='ocrx_word' id='word_1_138' title='bbox 1780 1632 1839 1685; x_wconf 92' lang='lat' dir='ltr'>et</span> <span class='ocrx_word' id='word_1_139' title='bbox 1896 1626 2045 1687; x_wconf 90' lang='lat' dir='ltr'>duae</span> <span class='ocrx_word' id='word_1_140' title='bbox 2104 1626 2364 1705; x_wconf 76' lang='lat' dir='ltr'>syllabae</span> <span class='ocrx_word' id='word_1_141' title='bbox 2420 1628 2482 1686; x_wconf 90' lang='lat' dir='ltr'>in</span> <span class='ocrx_word' id='word_1_142' title='bbox 2539 1643 2716 1686; x_wconf 90' lang='lat' dir='ltr'>unam</span> <span class='ocrx_word' id='word_1_143' title='bbox 2761 1627 3033 1688; x_wconf 89' lang='lat' dir='ltr'>redactae</span> 
     </span>
     <span class='ocr_line' id='line_1_15' title="bbox 454 1727 3035 1808; baseline 0.002 -22"><span class='ocrx_word' id='word_1_144' title='bbox 454 1734 621 1797; x_wconf 90' lang='lat' dir='ltr'>sunt,</span> <span class='ocrx_word' id='word_1_145' title='bbox 685 1727 840 1806; x_wconf 90' lang='lat' dir='ltr'>quod</span> <span class='ocrx_word' id='word_1_146' title='bbox 898 1735 988 1788; x_wconf 91' lang='lat' dir='ltr'>est</span> <span class='ocrx_word' id='word_1_147' title='bbox 1043 1728 1472 1808; x_wconf 87' lang='lat' dir='ltr'>episynaliphe.</span> <span class='ocrx_word' id='word_1_148' title='bbox 1565 1746 1709 1806; x_wconf 86' lang='lat' dir='ltr'>ergo</span> <span class='ocrx_word' id='word_1_149' title='bbox 1765 1729 2002 1789; x_wconf 87' lang='lat' dir='ltr'>covacla</span> <span class='ocrx_word' id='word_1_150' title='bbox 2058 1730 2160 1808; x_wconf 88' lang='lat' dir='ltr'>qui</span> <span class='ocrx_word' id='word_1_151' title='bbox 2207 1729 2351 1789; x_wconf 89' lang='lat' dir='ltr'>dicit</span> <span class='ocrx_word' id='word_1_152' title='bbox 2394 1747 2505 1808; x_wconf 91' lang='lat' dir='ltr'>pro</span> <span class='ocrx_word' id='word_1_153' title='bbox 2549 1728 2777 1799; x_wconf 88' lang='lat' dir='ltr'>cloaca,</span> <span class='ocrx_word' id='word_1_154' title='bbox 2825 1738 2884 1790; x_wconf 90' lang='lat' dir='ltr'>et</span> <span class='ocrx_word' id='word_1_155' title='bbox 2928 1749 3035 1808; x_wconf 88' lang='lat' dir='ltr'>per</span> 
     </span>
     <span class='ocr_line' id='line_1_16' title="bbox 455 1827 3031 1913; baseline 0 -24"><span class='ocrx_word' id='word_1_156' title='bbox 455 1829 850 1889; x_wconf 91' lang='lat' dir='ltr'>adiectionem</span> <span class='ocrx_word' id='word_1_157' title='bbox 906 1827 1343 1891; x_wconf 82' lang='lat' dir='ltr'>barbarismum</span> <span class='ocrx_word' id='word_1_158' title='bbox 1401 1832 1540 1892; x_wconf 89' lang='lat' dir='ltr'>facit</span> <span class='ocrx_word' id='word_1_159' title='bbox 1599 1829 1787 1908; x_wconf 88' lang='lat' dir='ltr'>(addit</span> <span class='ocrx_word' id='word_1_160' title='bbox 1842 1833 2000 1891; x_wconf 88' lang='lat' dir='ltr'>enim</span> <span class='ocrx_word' id='word_1_161' title='bbox 2056 1850 2089 1889; x_wconf 88' lang='lat' dir='ltr'>v</span> <span class='ocrx_word' id='word_1_162' title='bbox 2147 1832 2408 1892; x_wconf 90' lang='lat' dir='ltr'>litteram</span> <span class='ocrx_word' id='word_1_163' title='bbox 2452 1831 2682 1891; x_wconf 89' lang='lat' dir='ltr'>mediae</span> <span class='ocrx_word' id='word_1_164' title='bbox 2728 1831 3031 1913; x_wconf 85' lang='lat' dir='ltr'>syllabae),</span> 
     </span>
     <span class='ocr_line' id='line_1_17' title="bbox 379 1933 3029 2014; baseline 0.002 -24"><span class='ocrx_word' id='word_1_165' title='bbox 379 1952 427 1991; x_wconf 68' lang='grc' dir='ltr'>ιε,</span> <span class='ocrx_word' id='word_1_166' title='bbox 455 1938 514 1989; x_wconf 88' lang='lat' dir='ltr'>et</span> <span class='ocrx_word' id='word_1_167' title='bbox 556 1947 678 2007; x_wconf 85' lang='lat' dir='ltr'>per</span> <span class='ocrx_word' id='word_1_168' title='bbox 734 1936 1318 1994; x_wconf 86' lang='lat' dir='ltr'>transmutationem:</span> <span class='ocrx_word' id='word_1_169' title='bbox 1379 1933 1397 1993; x_wconf 96' lang='lat' dir='ltr'>l</span> <span class='ocrx_word' id='word_1_170' title='bbox 1458 1935 1619 1993; x_wconf 88' lang='lat' dir='ltr'>enim</span> <span class='ocrx_word' id='word_1_171' title='bbox 1670 1933 1962 2002; x_wconf 89' lang='lat' dir='ltr'>litteram,</span> <span class='ocrx_word' id='word_1_172' title='bbox 2031 1952 2181 2012; x_wconf 89' lang='lat' dir='ltr'>quae</span> <span class='ocrx_word' id='word_1_173' title='bbox 2238 1941 2366 1995; x_wconf 91' lang='lat' dir='ltr'>erat</span> <span class='ocrx_word' id='word_1_174' title='bbox 2420 1936 2485 1993; x_wconf 92' lang='lat' dir='ltr'>in</span> <span class='ocrx_word' id='word_1_175' title='bbox 2542 1935 2735 2012; x_wconf 90' lang='lat' dir='ltr'>prima</span> <span class='ocrx_word' id='word_1_176' title='bbox 2789 1934 3029 2014; x_wconf 80' lang='lat' dir='ltr'>syllaba,</span> 
     </span>
     <span class='ocr_line' id='line_1_18' title="bbox 449 2035 3031 2115; baseline 0.002 -22"><span class='ocrx_word' id='word_1_177' title='bbox 449 2035 873 2095; x_wconf 82' lang='lat' dir='ltr'>transmutavit</span> <span class='ocrx_word' id='word_1_178' title='bbox 902 2041 961 2095; x_wconf 86' lang='lat' dir='ltr'>et</span> <span class='ocrx_word' id='word_1_179' title='bbox 992 2038 1053 2095; x_wconf 89' lang='lat' dir='ltr'>in</span> <span class='ocrx_word' id='word_1_180' title='bbox 1088 2036 1293 2096; x_wconf 90' lang='lat' dir='ltr'>ultima</span> <span class='ocrx_word' id='word_1_181' title='bbox 1323 2038 1541 2115; x_wconf 90' lang='lat' dir='ltr'>posuit.</span> <span class='ocrx_word' id='word_1_182' title='bbox 1587 2037 1732 2095; x_wconf 90' lang='lat' dir='ltr'>item</span> <span class='ocrx_word' id='word_1_183' title='bbox 1776 2038 1877 2115; x_wconf 87' lang='lat' dir='ltr'>qui</span> <span class='ocrx_word' id='word_1_184' title='bbox 1924 2035 2071 2096; x_wconf 88' lang='lat' dir='ltr'>dicit</span> <span class='ocrx_word' id='word_1_185' title='bbox 2114 2036 2378 2096; x_wconf 81' lang='lat' dir='ltr'>forficem</span> <span class='ocrx_word' id='word_1_186' title='bbox 2425 2053 2532 2114; x_wconf 90' lang='lat' dir='ltr'>pro</span> <span class='ocrx_word' id='word_1_187' title='bbox 2576 2037 2825 2114; x_wconf 88' lang='lat' dir='ltr'>forcipe.</span> <span class='ocrx_word' id='word_1_188' title='bbox 2887 2038 3031 2097; x_wconf 83' lang='lat' dir='ltr'>item</span> 
     </span>
     <span class='ocr_line' id='line_1_19' title="bbox 451 2137 3029 2217; baseline 0.002 -23"><span class='ocrx_word' id='word_1_189' title='bbox 451 2152 620 2212; x_wconf 85' lang='lat' dir='ltr'>ergo,</span> <span class='ocrx_word' id='word_1_190' title='bbox 668 2138 976 2215; x_wconf 88' lang='lat' dir='ltr'>inquiunt,</span> <span class='ocrx_word' id='word_1_191' title='bbox 1035 2141 1190 2199; x_wconf 90' lang='lat' dir='ltr'>sicut</span> <span class='ocrx_word' id='word_1_192' title='bbox 1246 2139 1361 2199; x_wconf 91' lang='lat' dir='ltr'>duo</span> <span class='ocrx_word' id='word_1_193' title='bbox 1421 2137 1775 2198; x_wconf 88' lang='lat' dir='ltr'>barbarismi</span> <span class='ocrx_word' id='word_1_194' title='bbox 1823 2145 1883 2197; x_wconf 88' lang='lat' dir='ltr'>et</span> <span class='ocrx_word' id='word_1_195' title='bbox 1926 2138 2042 2198; x_wconf 89' lang='lat' dir='ltr'>duo</span> <span class='ocrx_word' id='word_1_196' title='bbox 2088 2138 2454 2217; x_wconf 86' lang='lat' dir='ltr'>metaplasmi</span> <span class='ocrx_word' id='word_1_197' title='bbox 2501 2139 2563 2197; x_wconf 90' lang='lat' dir='ltr'>in</span> <span class='ocrx_word' id='word_1_198' title='bbox 2610 2155 2722 2198; x_wconf 90' lang='lat' dir='ltr'>una</span> <span class='ocrx_word' id='word_1_199' title='bbox 2768 2139 3029 2217; x_wconf 91' lang='lat' dir='ltr'>plerum-</span> 
     </span>
     <span class='ocr_line' id='line_1_20' title="bbox 449 2233 3029 2321; baseline 0.002 -25"><span class='ocrx_word' id='word_1_200' title='bbox 449 2256 563 2316; x_wconf 89' lang='lat' dir='ltr'>que</span> <span class='ocrx_word' id='word_1_201' title='bbox 609 2240 893 2299; x_wconf 87' lang='lat' dir='ltr'>orationis</span> <span class='ocrx_word' id='word_1_202' title='bbox 929 2233 941 2321; x_wconf 83' lang='grc'>1</span> <span class='ocrx_word' id='word_1_203' title='bbox 982 2247 1150 2320; x_wconf 86' lang='lat' dir='ltr'>parte</span> <span class='ocrx_word' id='word_1_204' title='bbox 1197 2249 1552 2310; x_wconf 89' lang='lat' dir='ltr'>cernuntur,</span> <span class='ocrx_word' id='word_1_205' title='bbox 1601 2243 1689 2300; x_wconf 92' lang='lat' dir='ltr'>sic</span> <span class='ocrx_word' id='word_1_206' title='bbox 1733 2258 2109 2320; x_wconf 88' lang='lat' dir='ltr'>consequens</span> <span class='ocrx_word' id='word_1_207' title='bbox 2153 2246 2244 2300; x_wconf 90' lang='lat' dir='ltr'>est</span> <span class='ocrx_word' id='word_1_208' title='bbox 2288 2248 2351 2300; x_wconf 90' lang='lat' dir='ltr'>ut</span> <span class='ocrx_word' id='word_1_209' title='bbox 2395 2241 2582 2319; x_wconf 89' lang='lat' dir='ltr'>possit</span> <span class='ocrx_word' id='word_1_210' title='bbox 2612 2242 2673 2299; x_wconf 88' lang='lat' dir='ltr'>in</span> <span class='ocrx_word' id='word_1_211' title='bbox 2705 2258 2821 2301; x_wconf 91' lang='lat' dir='ltr'>una</span> <span class='ocrx_word' id='word_1_212' title='bbox 2861 2249 3029 2320; x_wconf 90' lang='lat' dir='ltr'>parte</span> 
     </span>
     <span class='ocr_line' id='line_1_21' title="bbox 447 2341 3027 2422; baseline 0.002 -24"><span class='ocrx_word' id='word_1_213' title='bbox 447 2342 737 2401; x_wconf 88' lang='lat' dir='ltr'>orationis</span> <span class='ocrx_word' id='word_1_214' title='bbox 795 2350 853 2401; x_wconf 89' lang='lat' dir='ltr'>et</span> <span class='ocrx_word' id='word_1_215' title='bbox 911 2342 1301 2404; x_wconf 90' lang='lat' dir='ltr'>soloecismus</span> <span class='ocrx_word' id='word_1_216' title='bbox 1356 2351 1416 2402; x_wconf 89' lang='lat' dir='ltr'>et</span> <span class='ocrx_word' id='word_1_217' title='bbox 1471 2342 1881 2404; x_wconf 89' lang='lat' dir='ltr'>barbarismus</span> <span class='ocrx_word' id='word_1_218' title='bbox 1928 2342 2328 2422; x_wconf 89' lang='lat' dir='ltr'>deprehendi,</span> <span class='ocrx_word' id='word_1_219' title='bbox 2377 2344 2554 2402; x_wconf 89' lang='lat' dir='ltr'>sicuti</span> <span class='ocrx_word' id='word_1_220' title='bbox 2601 2349 2692 2402; x_wconf 91' lang='lat' dir='ltr'>est</span> <span class='ocrx_word' id='word_1_221' title='bbox 2736 2350 2794 2403; x_wconf 91' lang='lat' dir='ltr'>et</span> <span class='ocrx_word' id='word_1_222' title='bbox 2840 2341 3027 2403; x_wconf 90' lang='lat' dir='ltr'>soloe-</span> 
     </span>
    </p>

    <p class='ocr_par' dir='ltr' id='par_1_5' title="bbox 371 2438 3026 2934">
     <span class='ocr_line' id='line_1_22' title="bbox 371 2438 3025 2525; baseline 0.002 -24"><span class='ocrx_word' id='word_1_223' title='bbox 371 2462 421 2501; x_wconf 80' lang='lat'>20</span> <span class='ocrx_word' id='word_1_224' title='bbox 448 2444 670 2503; x_wconf 88' lang='lat' dir='ltr'>cismus</span> <span class='ocrx_word' id='word_1_225' title='bbox 715 2452 773 2504; x_wconf 90' lang='lat' dir='ltr'>et</span> <span class='ocrx_word' id='word_1_226' title='bbox 819 2444 1261 2523; x_wconf 89' lang='lat' dir='ltr'>metaplasmus.</span> <span class='ocrx_word' id='word_1_227' title='bbox 1322 2444 1493 2525; x_wconf 89' lang='lat' dir='ltr'>quale</span> <span class='ocrx_word' id='word_1_228' title='bbox 1526 2438 1656 2505; x_wconf 83' lang='lat' dir='ltr'>esse</span> <span class='ocrx_word' id='word_1_229' title='bbox 1702 2445 1851 2506; x_wconf 91' lang='lat' dir='ltr'>illud</span> <span class='ocrx_word' id='word_1_230' title='bbox 1883 2445 2088 2506; x_wconf 89' lang='lat' dir='ltr'>dicunt</span> <span class='ocrx_word' id='word_1_231' title='bbox 2132 2444 2568 2524; x_wconf 79' lang='lat' dir='ltr'>‘urbemque</span> <span class='ocrx_word' id='word_1_232' title='bbox 2602 2444 3025 2506; x_wconf 88' lang='lat' dir='ltr'>Fidenam’:</span> 
     </span>
     <span class='ocr_line' id='line_1_23' title="bbox 445 2544 3026 2627; baseline 0.002 -22"><span class='ocrx_word' id='word_1_233' title='bbox 445 2544 896 2624; x_wconf 90' lang='lat' dir='ltr'>metaplasmum</span> <span class='ocrx_word' id='word_1_234' title='bbox 952 2564 1083 2606; x_wconf 89' lang='lat' dir='ltr'>esse</span> <span class='ocrx_word' id='word_1_235' title='bbox 1141 2546 1312 2617; x_wconf 91' lang='lat' dir='ltr'>illud,</span> <span class='ocrx_word' id='word_1_236' title='bbox 1371 2547 1527 2626; x_wconf 89' lang='lat' dir='ltr'>quod</span> <span class='ocrx_word' id='word_1_237' title='bbox 1585 2547 1897 2626; x_wconf 87' lang='lat' dir='ltr'>syllabam,</span> <span class='ocrx_word' id='word_1_238' title='bbox 1968 2566 2119 2627; x_wconf 89' lang='lat' dir='ltr'>quae</span> <span class='ocrx_word' id='word_1_239' title='bbox 2177 2547 2352 2625; x_wconf 85' lang='lat' dir='ltr'>longa</span> <span class='ocrx_word' id='word_1_240' title='bbox 2408 2553 2563 2615; x_wconf 90' lang='lat' dir='ltr'>erat,</span> <span class='ocrx_word' id='word_1_241' title='bbox 2634 2551 3026 2619; x_wconf 83' lang='lat' dir='ltr'>contraxerit:</span> 
     </span>
     <span class='ocr_line' id='line_1_24' title="bbox 446 2640 3023 2728; baseline 0.001 -21"><span class='ocrx_word' id='word_1_242' title='bbox 446 2647 864 2708; x_wconf 88' lang='lat' dir='ltr'>soloecismum</span> <span class='ocrx_word' id='word_1_243' title='bbox 921 2666 1051 2708; x_wconf 90' lang='lat' dir='ltr'>esse</span> <span class='ocrx_word' id='word_1_244' title='bbox 1107 2650 1171 2708; x_wconf 91' lang='lat' dir='ltr'>in</span> <span class='ocrx_word' id='word_1_245' title='bbox 1231 2667 1330 2718; x_wconf 90' lang='lat' dir='ltr'>eo,</span> <span class='ocrx_word' id='word_1_246' title='bbox 1390 2649 1545 2728; x_wconf 91' lang='lat' dir='ltr'>quod</span> <span class='ocrx_word' id='word_1_247' title='bbox 1601 2650 1663 2710; x_wconf 92' lang='lat' dir='ltr'>in</span> <span class='ocrx_word' id='word_1_248' title='bbox 1720 2667 1970 2709; x_wconf 90' lang='lat' dir='ltr'>numero</span> <span class='ocrx_word' id='word_1_249' title='bbox 2027 2649 2313 2727; x_wconf 85' lang='lat' dir='ltr'>singulari</span> <span class='ocrx_word' id='word_1_250' title='bbox 2360 2649 2644 2709; x_wconf 90' lang='lat' dir='ltr'>Fidenam</span> <span class='ocrx_word' id='word_1_251' title='bbox 2691 2640 3023 2727; x_wconf 83' lang='lat' dir='ltr'>protulerit,</span> 
     </span>
     <span class='ocr_line' id='line_1_25' title="bbox 446 2750 3024 2831; baseline 0.001 -21"><span class='ocrx_word' id='word_1_252' title='bbox 446 2750 600 2830; x_wconf 90' lang='lat' dir='ltr'>quod</span> <span class='ocrx_word' id='word_1_253' title='bbox 646 2750 891 2831; x_wconf 88' lang='lat' dir='ltr'>quidem</span> <span class='ocrx_word' id='word_1_254' title='bbox 936 2750 1152 2831; x_wconf 87' lang='lat' dir='ltr'>plurali</span> <span class='ocrx_word' id='word_1_255' title='bbox 1202 2769 1437 2831; x_wconf 87' lang='lat' dir='ltr'>semper</span> <span class='ocrx_word' id='word_1_256' title='bbox 1482 2770 1729 2813; x_wconf 87' lang='lat' dir='ltr'>numero</span> <span class='ocrx_word' id='word_1_257' title='bbox 1774 2754 1880 2824; x_wconf 78' lang='lat' dir='ltr'>sit:</span> <span class='ocrx_word' id='word_1_258' title='bbox 1930 2751 2138 2814; x_wconf 88' lang='lat' dir='ltr'>debuit</span> <span class='ocrx_word' id='word_1_259' title='bbox 2183 2754 2343 2813; x_wconf 89' lang='lat' dir='ltr'>enim</span> <span class='ocrx_word' id='word_1_260' title='bbox 2387 2751 2587 2812; x_wconf 88' lang='lat' dir='ltr'>dicere</span> <span class='ocrx_word' id='word_1_261' title='bbox 2634 2750 2880 2813; x_wconf 77' lang='lat' dir='ltr'>‘urbem</span> <span class='ocrx_word' id='word_1_262' title='bbox 2927 2752 3024 2813; x_wconf 89' lang='lat' dir='ltr'>Fi-</span> 
     </span>
     <span class='ocr_line' id='line_1_26' title="bbox 446 2853 3025 2934; baseline 0.002 -21"><span class='ocrx_word' id='word_1_263' title='bbox 446 2853 683 2922; x_wconf 86' lang='lat' dir='ltr'>denas’,</span> <span class='ocrx_word' id='word_1_264' title='bbox 733 2855 884 2914; x_wconf 91' lang='lat' dir='ltr'>sicut</span> <span class='ocrx_word' id='word_1_265' title='bbox 932 2854 1141 2915; x_wconf 87' lang='lat' dir='ltr'>Cicero</span> <span class='ocrx_word' id='word_1_266' title='bbox 1187 2853 1336 2914; x_wconf 83' lang='lat' dir='ltr'>dixit</span> <span class='ocrx_word' id='word_1_267' title='bbox 1383 2857 1404 2887; x_wconf 71' lang='lat'><em>²</em></span> <span class='ocrx_word' id='word_1_268' title='bbox 1419 2854 1677 2915; x_wconf 91' lang='lat' dir='ltr'>urbem</span> <span class='ocrx_word' id='word_1_269' title='bbox 1723 2854 2189 2934; x_wconf 89' lang='lat' dir='ltr'>Syracusas’.</span> <span class='ocrx_word' id='word_1_270' title='bbox 2264 2858 2461 2934; x_wconf 89' lang='lat' dir='ltr'>itaque</span> <span class='ocrx_word' id='word_1_271' title='bbox 2509 2862 2568 2915; x_wconf 90' lang='lat' dir='ltr'>et</span> <span class='ocrx_word' id='word_1_272' title='bbox 2611 2855 3025 2917; x_wconf 88' lang='lat' dir='ltr'>soloecismum</span> 
     </span>
    </p>

    <p class='ocr_par' dir='ltr' id='par_1_6' title="bbox 370 2954 3024 3445">
     <span class='ocr_line' id='line_1_27' title="bbox 370 2954 3024 3037; baseline 0.002 -22"><span class='ocrx_word' id='word_1_273' title='bbox 370 2975 420 3015; x_wconf 77' lang='lat'>25</span> <span class='ocrx_word' id='word_1_274' title='bbox 447 2962 507 3016; x_wconf 89' lang='lat' dir='ltr'>et</span> <span class='ocrx_word' id='word_1_275' title='bbox 564 2954 1002 3016; x_wconf 90' lang='lat' dir='ltr'>barbarismum</span> <span class='ocrx_word' id='word_1_276' title='bbox 1060 2958 1224 3017; x_wconf 92' lang='lat' dir='ltr'>aiunt</span> <span class='ocrx_word' id='word_1_277' title='bbox 1281 2959 1445 3017; x_wconf 91' lang='lat' dir='ltr'>cerni</span> <span class='ocrx_word' id='word_1_278' title='bbox 1501 2975 1675 3037; x_wconf 90' lang='lat' dir='ltr'>posse</span> <span class='ocrx_word' id='word_1_279' title='bbox 1732 2959 1793 3016; x_wconf 88' lang='lat' dir='ltr'>in</span> <span class='ocrx_word' id='word_1_280' title='bbox 1862 2976 1975 3018; x_wconf 87' lang='lat' dir='ltr'>nna</span> <span class='ocrx_word' id='word_1_281' title='bbox 2032 2965 2201 3036; x_wconf 90' lang='lat' dir='ltr'>parte</span> <span class='ocrx_word' id='word_1_282' title='bbox 2256 2959 2564 3031; x_wconf 83' lang='lat' dir='ltr'>orationis.</span> <span class='ocrx_word' id='word_1_283' title='bbox 2654 2965 2858 3019; x_wconf 89' lang='lat' dir='ltr'>contra</span> <span class='ocrx_word' id='word_1_284' title='bbox 2912 2958 3024 3019; x_wconf 88' lang='lat' dir='ltr'>hoc</span> 
     </span>
     <span class='ocr_line' id='line_1_28' title="bbox 446 3057 3022 3138; baseline 0.002 -20"><span class='ocrx_word' id='word_1_285' title='bbox 446 3057 594 3118; x_wconf 90' lang='lat' dir='ltr'>nihil</span> <span class='ocrx_word' id='word_1_286' title='bbox 643 3057 803 3117; x_wconf 89' lang='lat' dir='ltr'>aliud</span> <span class='ocrx_word' id='word_1_287' title='bbox 849 3058 1098 3128; x_wconf 90' lang='lat' dir='ltr'>dicitur,</span> <span class='ocrx_word' id='word_1_288' title='bbox 1147 3060 1265 3119; x_wconf 91' lang='lat' dir='ltr'>nisi</span> <span class='ocrx_word' id='word_1_289' title='bbox 1311 3060 1447 3129; x_wconf 85' lang='lat' dir='ltr'>hoe,</span> <span class='ocrx_word' id='word_1_290' title='bbox 1497 3059 1909 3120; x_wconf 86' lang='lat' dir='ltr'>animadverso</span> <span class='ocrx_word' id='word_1_291' title='bbox 1952 3061 2096 3119; x_wconf 89' lang='lat' dir='ltr'>vitio</span> <span class='ocrx_word' id='word_1_292' title='bbox 2142 3062 2363 3119; x_wconf 88' lang='lat' dir='ltr'>maiore</span> <span class='ocrx_word' id='word_1_293' title='bbox 2412 3061 2473 3120; x_wconf 89' lang='lat' dir='ltr'>in</span> <span class='ocrx_word' id='word_1_294' title='bbox 2517 3068 2687 3138; x_wconf 90' lang='lat' dir='ltr'>parte</span> <span class='ocrx_word' id='word_1_295' title='bbox 2733 3063 3022 3122; x_wconf 89' lang='lat' dir='ltr'>orationis</span> 
     </span>
     <span class='ocr_line' id='line_1_29' title="bbox 446 3159 3021 3241; baseline 0.002 -21"><span class='ocrx_word' id='word_1_296' title='bbox 446 3160 518 3220; x_wconf 91' lang='lat' dir='ltr'>de</span> <span class='ocrx_word' id='word_1_297' title='bbox 565 3160 917 3220; x_wconf 82' lang='lat' dir='ltr'>soloecismo</span> <span class='ocrx_word' id='word_1_298' title='bbox 962 3167 1019 3220; x_wconf 92' lang='lat' dir='ltr'>et</span> <span class='ocrx_word' id='word_1_299' title='bbox 1065 3159 1438 3221; x_wconf 87' lang='lat' dir='ltr'>barbarismo</span> <span class='ocrx_word' id='word_1_300' title='bbox 1482 3161 1606 3222; x_wconf 93' lang='lat' dir='ltr'>illic</span> <span class='ocrx_word' id='word_1_301' title='bbox 1664 3161 2023 3241; x_wconf 86' lang='lat' dir='ltr'>dispiciendi</span> <span class='ocrx_word' id='word_1_302' title='bbox 2078 3161 2272 3222; x_wconf 89' lang='lat' dir='ltr'>locum</span> <span class='ocrx_word' id='word_1_303' title='bbox 2316 3180 2432 3222; x_wconf 91' lang='lat' dir='ltr'>non</span> <span class='ocrx_word' id='word_1_304' title='bbox 2480 3180 2641 3222; x_wconf 89' lang='lat' dir='ltr'>esse:</span> <span class='ocrx_word' id='word_1_305' title='bbox 2719 3161 3021 3224; x_wconf 89' lang='lat' dir='ltr'>barbaris-</span> 
     </span>
     <span class='ocr_line' id='line_1_30' title="bbox 446 3260 3019 3345; baseline 0.002 -24"><span class='ocrx_word' id='word_1_306' title='bbox 446 3280 606 3321; x_wconf 90' lang='lat' dir='ltr'>mum</span> <span class='ocrx_word' id='word_1_307' title='bbox 663 3263 824 3321; x_wconf 87' lang='lat' dir='ltr'>enim</span> <span class='ocrx_word' id='word_1_308' title='bbox 873 3260 1182 3343; x_wconf 89' lang='lat' dir='ltr'>[dicimus]</span> <span class='ocrx_word' id='word_1_309' title='bbox 1243 3281 1402 3331; x_wconf 88' lang='lat' dir='ltr'>esse,</span> <span class='ocrx_word' id='word_1_310' title='bbox 1463 3264 1564 3342; x_wconf 91' lang='lat' dir='ltr'>qui</span> <span class='ocrx_word' id='word_1_311' title='bbox 1621 3271 1962 3342; x_wconf 86' lang='lat' dir='ltr'>corrumpat</span> <span class='ocrx_word' id='word_1_312' title='bbox 2005 3265 2299 3341; x_wconf 84' lang='lat' dir='ltr'>integram</span> <span class='ocrx_word' id='word_1_313' title='bbox 2344 3263 2694 3334; x_wconf 90' lang='lat' dir='ltr'>dictionem,</span> <span class='ocrx_word' id='word_1_314' title='bbox 2744 3284 2858 3326; x_wconf 91' lang='lat' dir='ltr'>non</span> <span class='ocrx_word' id='word_1_315' title='bbox 2917 3268 3019 3345; x_wconf 93' lang='lat' dir='ltr'>qui</span> 
     </span>
     <span class='ocr_line' id='line_1_31' title="bbox 445 3365 3017 3445; baseline 0.002 -21"><span class='ocrx_word' id='word_1_316' title='bbox 445 3372 787 3444; x_wconf 88' lang='lat' dir='ltr'>corruptam</span> <span class='ocrx_word' id='word_1_317' title='bbox 832 3367 1010 3425; x_wconf 89' lang='lat' dir='ltr'>etiam</span> <span class='ocrx_word' id='word_1_318' title='bbox 1057 3367 1464 3444; x_wconf 85' lang='lat' dir='ltr'>superveniat:</span> <span class='ocrx_word' id='word_1_319' title='bbox 1511 3365 1668 3444; x_wconf 91' lang='lat' dir='ltr'>quod</span> <span class='ocrx_word' id='word_1_320' title='bbox 1714 3368 1875 3426; x_wconf 88' lang='lat' dir='ltr'>enim</span> <span class='ocrx_word' id='word_1_321' title='bbox 1921 3367 2040 3426; x_wconf 91' lang='lat' dir='ltr'>iam</span> <span class='ocrx_word' id='word_1_322' title='bbox 2084 3384 2194 3445; x_wconf 91' lang='lat' dir='ltr'>per</span> <span class='ocrx_word' id='word_1_323' title='bbox 2239 3368 2385 3427; x_wconf 87' lang='lat' dir='ltr'>artis</span> <span class='ocrx_word' id='word_1_324' title='bbox 2430 3366 2696 3442; x_wconf 86' lang='lat' dir='ltr'>regulam</span> <span class='ocrx_word' id='word_1_325' title='bbox 2743 3387 2774 3428; x_wconf 91' lang='lat' dir='ltr'>a</span> <span class='ocrx_word' id='word_1_326' title='bbox 2822 3369 3017 3429; x_wconf 88' lang='lat' dir='ltr'>latini-</span> 
     </span>
    </p>

    <p class='ocr_par' dir='ltr' id='par_1_7' title="bbox 370 3465 3018 3957">
     <span class='ocr_line' id='line_1_32' title="bbox 370 3465 3018 3549; baseline 0.001 -21"><span class='ocrx_word' id='word_1_327' title='bbox 370 3487 420 3528; x_wconf 82' lang='lat'>80</span> <span class='ocrx_word' id='word_1_328' title='bbox 448 3474 563 3527; x_wconf 88' lang='lat' dir='ltr'>tate</span> <span class='ocrx_word' id='word_1_329' title='bbox 609 3473 905 3527; x_wconf 89' lang='lat' dir='ltr'>remotum</span> <span class='ocrx_word' id='word_1_330' title='bbox 951 3468 1058 3537; x_wconf 92' lang='lat' dir='ltr'>sit,</span> <span class='ocrx_word' id='word_1_331' title='bbox 1106 3467 1217 3527; x_wconf 88' lang='lat' dir='ltr'>hoc</span> <span class='ocrx_word' id='word_1_332' title='bbox 1265 3466 1702 3528; x_wconf 88' lang='lat' dir='ltr'>barbarismum</span> <span class='ocrx_word' id='word_1_333' title='bbox 1745 3468 1876 3528; x_wconf 83' lang='lat' dir='ltr'>fieri</span> <span class='ocrx_word' id='word_1_334' title='bbox 1917 3468 2249 3547; x_wconf 87' lang='lat' dir='ltr'>prolatione</span> <span class='ocrx_word' id='word_1_335' title='bbox 2300 3465 2613 3548; x_wconf 89' lang='lat' dir='ltr'>[dicimus]</span> <span class='ocrx_word' id='word_1_336' title='bbox 2664 3488 2780 3530; x_wconf 91' lang='lat' dir='ltr'>non</span> <span class='ocrx_word' id='word_1_337' title='bbox 2825 3489 3018 3549; x_wconf 89' lang='lat' dir='ltr'>posse,</span> 
     </span>
     <span class='ocr_line' id='line_1_33' title="bbox 444 3568 3016 3650; baseline 0.002 -21"><span class='ocrx_word' id='word_1_338' title='bbox 444 3588 577 3630; x_wconf 92' lang='lat' dir='ltr'>cum</span> <span class='ocrx_word' id='word_1_339' title='bbox 643 3587 759 3628; x_wconf 90' lang='lat' dir='ltr'>non</span> <span class='ocrx_word' id='word_1_340' title='bbox 825 3587 935 3647; x_wconf 94' lang='lat' dir='ltr'>pro</span> <span class='ocrx_word' id='word_1_341' title='bbox 990 3570 1218 3648; x_wconf 88' lang='lat' dir='ltr'>prolato</span> <span class='ocrx_word' id='word_1_342' title='bbox 1273 3568 1483 3629; x_wconf 88' lang='lat' dir='ltr'>baberi</span> <span class='ocrx_word' id='word_1_343' title='bbox 1541 3569 1774 3630; x_wconf 89' lang='lat' dir='ltr'>debeat.</span> <span class='ocrx_word' id='word_1_344' title='bbox 1863 3569 2044 3631; x_wconf 89' lang='lat' dir='ltr'>habet</span> <span class='ocrx_word' id='word_1_345' title='bbox 2098 3570 2339 3650; x_wconf 89' lang='lat' dir='ltr'>quidem</span> <span class='ocrx_word' id='word_1_346' title='bbox 2405 3571 2559 3650; x_wconf 89' lang='lat' dir='ltr'>quod</span> <span class='ocrx_word' id='word_1_347' title='bbox 2621 3571 2846 3633; x_wconf 90' lang='lat' dir='ltr'>dicitur</span> <span class='ocrx_word' id='word_1_348' title='bbox 2901 3591 3016 3633; x_wconf 87' lang='lat' dir='ltr'>non</span> 
     </span>
     <span class='ocr_line' id='line_1_34' title="bbox 442 3671 3017 3753; baseline 0.001 -20"><span class='ocrx_word' id='word_1_349' title='bbox 442 3672 695 3733; x_wconf 88' lang='lat' dir='ltr'>nibilum</span> <span class='ocrx_word' id='word_1_350' title='bbox 754 3672 1032 3742; x_wconf 82' lang='lat' dir='ltr'>rationis:</span> <span class='ocrx_word' id='word_1_351' title='bbox 1102 3672 1205 3732; x_wconf 91' lang='lat' dir='ltr'>sed</span> <span class='ocrx_word' id='word_1_352' title='bbox 1261 3679 1456 3732; x_wconf 90' lang='lat' dir='ltr'>tamen</span> <span class='ocrx_word' id='word_1_353' title='bbox 1511 3671 1584 3732; x_wconf 92' lang='lat' dir='ltr'>ad</span> <span class='ocrx_word' id='word_1_354' title='bbox 1640 3673 2006 3734; x_wconf 89' lang='lat' dir='ltr'>ostendenda</span> <span class='ocrx_word' id='word_1_355' title='bbox 2063 3678 2165 3733; x_wconf 90' lang='lat' dir='ltr'>aut</span> <span class='ocrx_word' id='word_1_356' title='bbox 2220 3671 2575 3733; x_wconf 90' lang='lat' dir='ltr'>declaranda</span> <span class='ocrx_word' id='word_1_357' title='bbox 2629 3677 2832 3753; x_wconf 87' lang='lat' dir='ltr'>pueris</span> <span class='ocrx_word' id='word_1_358' title='bbox 2878 3677 3017 3736; x_wconf 90' lang='lat' dir='ltr'>vitia</span> 
     </span>
     <span class='ocr_line' id='line_1_35' title="bbox 442 3773 3016 3856; baseline 0.002 -23"><span class='ocrx_word' id='word_1_359' title='bbox 442 3774 593 3835; x_wconf 90' lang='lat' dir='ltr'>nihil</span> <span class='ocrx_word' id='word_1_360' title='bbox 662 3773 911 3853; x_wconf 91' lang='lat' dir='ltr'>impedit</span> <span class='ocrx_word' id='word_1_361' title='bbox 977 3774 1209 3834; x_wconf 91' lang='lat' dir='ltr'>ostendi</span> <span class='ocrx_word' id='word_1_362' title='bbox 1276 3781 1334 3833; x_wconf 90' lang='lat' dir='ltr'>et</span> <span class='ocrx_word' id='word_1_363' title='bbox 1390 3774 1695 3834; x_wconf 90' lang='lat' dir='ltr'>emendari</span> <span class='ocrx_word' id='word_1_364' title='bbox 1749 3777 1944 3856; x_wconf 90' lang='lat' dir='ltr'>primo</span> <span class='ocrx_word' id='word_1_365' title='bbox 2000 3775 2448 3843; x_wconf 90' lang='lat' dir='ltr'>soloecismum,</span> <span class='ocrx_word' id='word_1_366' title='bbox 2510 3783 2573 3835; x_wconf 90' lang='lat' dir='ltr'>ut</span> <span class='ocrx_word' id='word_1_367' title='bbox 2630 3776 2792 3837; x_wconf 89' lang='lat' dir='ltr'>dicas</span> <span class='ocrx_word' id='word_1_368' title='bbox 2849 3776 3016 3837; x_wconf 88' lang='lat' dir='ltr'>verbi</span> 
     </span>
     <span class='ocr_line' id='line_1_36' title="bbox 443 3877 3015 3957; baseline 0.001 -21"><span class='ocrx_word' id='word_1_369' title='bbox 443 3878 630 3954; x_wconf 85' lang='lat' dir='ltr'>gratia</span> <span class='ocrx_word' id='word_1_370' title='bbox 696 3883 929 3936; x_wconf 88' lang='lat' dir='ltr'>strenas</span> <span class='ocrx_word' id='word_1_371' title='bbox 994 3877 1360 3954; x_wconf 86' lang='lat' dir='ltr'>singularem</span> <span class='ocrx_word' id='word_1_372' title='bbox 1425 3894 1739 3937; x_wconf 88' lang='lat' dir='ltr'>numerum</span> <span class='ocrx_word' id='word_1_373' title='bbox 1805 3897 1924 3939; x_wconf 91' lang='lat' dir='ltr'>non</span> <span class='ocrx_word' id='word_1_374' title='bbox 1990 3879 2292 3957; x_wconf 76' lang='lat' dir='ltr'>recipere:</span> <span class='ocrx_word' id='word_1_375' title='bbox 2360 3884 2486 3937; x_wconf 90' lang='lat' dir='ltr'>tum</span> <span class='ocrx_word' id='word_1_376' title='bbox 2542 3885 2610 3938; x_wconf 86' lang='lat' dir='ltr'>ut</span> <span class='ocrx_word' id='word_1_377' title='bbox 2662 3878 2842 3939; x_wconf 90' lang='lat' dir='ltr'>addas</span> <span class='ocrx_word' id='word_1_378' title='bbox 2899 3898 3015 3939; x_wconf 88' lang='lat' dir='ltr'>non</span> 
     </span>
    </p>
   </div>
   <div class='ocr_carea' id='block_1_3' title="bbox 440 4125 3013 4465">
    <p class='ocr_par' dir='ltr' id='par_1_8' title="bbox 440 4125 3013 4465">
     <span class='ocr_line' id='line_1_37' title="bbox 617 4125 3010 4198; baseline 0.001 -17"><span class='ocrx_word' id='word_1_379' title='bbox 617 4130 987 4190; x_wconf 80' lang='lat' dir='ltr'>l,coniecimus</span> <span class='ocrx_word' id='word_1_380' title='bbox 1023 4129 1084 4178; x_wconf 89' lang='lat' dir='ltr'><em>M</em></span> <span class='ocrx_word' id='word_1_381' title='bbox 1247 4146 1543 4183; x_wconf 67' lang='lat' dir='ltr'>naramxwa</span> <span class='ocrx_word' id='word_1_382' title='bbox 1586 4135 1645 4183; x_wconf 88' lang='lat' dir='ltr'><em>M</em></span> <span class='ocrx_word' id='word_1_383' title='bbox 1685 4125 1972 4198; x_wconf 60' lang='grc' dir='ltr'><strong><em>παρέλκοι)</em></strong></span> <span class='ocrx_word' id='word_1_384' title='bbox 2011 4133 2279 4182; x_wconf 71' lang='lat' dir='ltr'>Cramerus</span> <span class='ocrx_word' id='word_1_385' title='bbox 2324 4133 2439 4181; x_wconf 85' lang='lat' dir='ltr'>coll.</span> <span class='ocrx_word' id='word_1_386' title='bbox 2473 4133 2663 4182; x_wconf 79' lang='lat' dir='ltr'>Donat.</span> <span class='ocrx_word' id='word_1_387' title='bbox 2712 4134 2763 4182; x_wconf 82' lang='lat' dir='ltr'>in</span> <span class='ocrx_word' id='word_1_388' title='bbox 2808 4133 3010 4184; x_wconf 79' lang='lat' dir='ltr'>Terent.</span> 
     </span>
     <span class='ocr_line' id='line_1_38' title="bbox 442 4196 2918 4267; baseline 0.001 -18"><span class='ocrx_word' id='word_1_389' title='bbox 442 4203 476 4255; x_wconf 82' lang='grc' dir='ltr'>Ι,</span> <span class='ocrx_word' id='word_1_390' title='bbox 506 4217 572 4262; x_wconf 87' lang='lat' dir='ltr'>c.,</span> <span class='ocrx_word' id='word_1_391' title='bbox 602 4201 725 4250; x_wconf 84' lang='lat' dir='ltr'>ades</span> <span class='ocrx_word' id='word_1_392' title='bbox 759 4200 1115 4265; x_wconf 86' lang='lat' dir='ltr'>imperativum</span> <span class='ocrx_word' id='word_1_393' title='bbox 1155 4210 1248 4264; x_wconf 80' lang='lat' dir='ltr'>est,</span> <span class='ocrx_word' id='word_1_394' title='bbox 1288 4202 1407 4251; x_wconf 86' lang='lat' dir='ltr'>dnm</span> <span class='ocrx_word' id='word_1_395' title='bbox 1443 4196 1749 4265; x_wconf 75' lang='grc' dir='ltr'><strong><em>παρέλκον.</em></strong></span> <span class='ocrx_word' id='word_1_396' title='bbox 1793 4209 1870 4251; x_wconf 82' lang='lat' dir='ltr'>est</span> <span class='ocrx_word' id='word_1_397' title='bbox 1903 4203 2035 4252; x_wconf 88' lang='lat' dir='ltr'>enim</span> <span class='ocrx_word' id='word_1_398' title='bbox 2067 4202 2330 4267; x_wconf 84' lang='lat' dir='ltr'>productio</span> <span class='ocrx_word' id='word_1_399' title='bbox 2363 4212 2411 4250; x_wconf 84' lang='lat' dir='ltr'>et</span> <span class='ocrx_word' id='word_1_400' title='bbox 2447 4202 2662 4252; x_wconf 84' lang='lat' dir='ltr'>adiectio</span> <span class='ocrx_word' id='word_1_401' title='bbox 2694 4202 2918 4266; x_wconf 82' lang='lat' dir='ltr'>syllabae</span> 
     </span>
     <span class='ocr_line' id='line_1_39' title="bbox 440 4269 2872 4335; baseline 0 -14"><span class='ocrx_word' id='word_1_402' title='bbox 440 4273 473 4321; x_wconf 84' lang='lat'><strong>2</strong></span> <span class='ocrx_word' id='word_1_403' title='bbox 507 4269 749 4320; x_wconf 87' lang='lat' dir='ltr'>adesdum</span> <span class='ocrx_word' id='word_1_404' title='bbox 777 4271 1045 4322; x_wconf 74' lang='lat' dir='ltr'>Cramerus</span> <span class='ocrx_word' id='word_1_405' title='bbox 1074 4270 1334 4320; x_wconf 80' lang='lat' dir='ltr'>adesteum</span> <span class='ocrx_word' id='word_1_406' title='bbox 1369 4272 1435 4321; x_wconf 92' lang='lat' dir='ltr'>M</span> <span class='ocrx_word' id='word_1_407' title='bbox 1442 4289 1462 4323; x_wconf 90' lang='lat'>.·</span> <span class='ocrx_word' id='word_1_408' title='bbox 1505 4271 1702 4326; x_wconf 79' lang='lat' dir='ltr'>Terent.</span> <span class='ocrx_word' id='word_1_409' title='bbox 1735 4272 1905 4321; x_wconf 80' lang='lat' dir='ltr'>Andr.</span> <span class='ocrx_word' id='word_1_410' title='bbox 1946 4273 1964 4321; x_wconf 93' lang='lat'>1</span> <span class='ocrx_word' id='word_1_411' title='bbox 2007 4275 2053 4332; x_wconf 91' lang='lat' dir='ltr'>l,</span> <span class='ocrx_word' id='word_1_412' title='bbox 2091 4273 2124 4321; x_wconf 84' lang='lat'><strong>2</strong></span> <span class='ocrx_word' id='word_1_413' title='bbox 2156 4271 2420 4332; x_wconf 81' lang='lat' dir='ltr'>adesdum,</span> <span class='ocrx_word' id='word_1_414' title='bbox 2460 4272 2637 4335; x_wconf 85' lang='lat' dir='ltr'>paucis</span> <span class='ocrx_word' id='word_1_415' title='bbox 2676 4280 2721 4321; x_wconf 88' lang='lat' dir='ltr'>te</span> <span class='ocrx_word' id='word_1_416' title='bbox 2758 4271 2872 4321; x_wconf 86' lang='lat' dir='ltr'>volo</span> 
     </span>
     <span class='ocr_line' id='line_1_40' title="bbox 441 4340 3013 4408; baseline 0.001 -18"><span class='ocrx_word' id='word_1_417' title='bbox 441 4344 473 4390; x_wconf 82' lang='lat'>4</span> <span class='ocrx_word' id='word_1_418' title='bbox 499 4341 851 4390; x_wconf 82' lang='lat' dir='ltr'>animadvertit</span> <span class='ocrx_word' id='word_1_419' title='bbox 883 4343 955 4396; x_wconf 82' lang='lat' dir='ltr'>al.</span> <span class='ocrx_word' id='word_1_420' title='bbox 989 4357 1119 4393; x_wconf 82' lang='lat' dir='ltr'>man.</span> <span class='ocrx_word' id='word_1_421' title='bbox 1148 4341 1198 4390; x_wconf 77' lang='lat' dir='ltr'>in</span> <span class='ocrx_word' id='word_1_422' title='bbox 1223 4358 1381 4408; x_wconf 67' lang='lat' dir='ltr'>marg,</span> <span class='ocrx_word' id='word_1_423' title='bbox 1421 4342 1543 4394; x_wconf 79' lang='lat' dir='ltr'>add.</span> <span class='ocrx_word' id='word_1_424' title='bbox 1583 4342 1646 4390; x_wconf 90' lang='lat' dir='ltr'><em>M</em></span> <span class='ocrx_word' id='word_1_425' title='bbox 1749 4343 1783 4392; x_wconf 72' lang='lat'>(5</span> <span class='ocrx_word' id='word_1_426' title='bbox 1821 4340 2032 4391; x_wconf 76' lang='lat' dir='ltr'>fecimus</span> <span class='ocrx_word' id='word_1_427' title='bbox 2067 4359 2155 4392; x_wconf 87' lang='lat' dir='ltr'>om.</span> <span class='ocrx_word' id='word_1_428' title='bbox 2195 4342 2262 4392; x_wconf 88' lang='lat' dir='ltr'>M</span> <span class='ocrx_word' id='word_1_429' title='bbox 2358 4341 2562 4390; x_wconf 84' lang='lat' dir='ltr'>diarisis</span> <span class='ocrx_word' id='word_1_430' title='bbox 2600 4341 2666 4390; x_wconf 89' lang='lat' dir='ltr'><em>M</em></span> <span class='ocrx_word' id='word_1_431' title='bbox 2780 4340 2814 4391; x_wconf 83' lang='lat'>8</span> <span class='ocrx_word' id='word_1_432' title='bbox 2845 4343 3013 4404; x_wconf 88' lang='lat' dir='ltr'>epien-</span> 
     </span>
     <span class='ocr_line' id='line_1_41' title="bbox 441 4409 2917 4465; baseline 0.001 -5"><span class='ocrx_word' id='word_1_433' title='bbox 441 4410 599 4460; x_wconf 85' lang='lat' dir='ltr'>thesis</span> <span class='ocrx_word' id='word_1_434' title='bbox 627 4410 688 4459; x_wconf 89' lang='lat' dir='ltr'><em>M</em></span> <span class='ocrx_word' id='word_1_435' title='bbox 788 4411 822 4462; x_wconf 84' lang='lat'>9</span> <span class='ocrx_word' id='word_1_436' title='bbox 859 4427 973 4460; x_wconf 90' lang='lat' dir='ltr'>cum</span> <span class='ocrx_word' id='word_1_437' title='bbox 1013 4411 1226 4461; x_wconf 77' lang='lat' dir='ltr'>fecimus</span> <span class='ocrx_word' id='word_1_438' title='bbox 1265 4412 1326 4460; x_wconf 89' lang='lat' dir='ltr'><em>M</em></span> <span class='ocrx_word' id='word_1_439' title='bbox 1429 4411 1632 4461; x_wconf 86' lang='lat' dir='ltr'>diarisis</span> <span class='ocrx_word' id='word_1_440' title='bbox 1661 4412 1726 4462; x_wconf 88' lang='lat' dir='ltr'><em>M</em></span> <span class='ocrx_word' id='word_1_441' title='bbox 1832 4409 1895 4461; x_wconf 89' lang='grc'>10</span> <span class='ocrx_word' id='word_1_442' title='bbox 1922 4410 2072 4462; x_wconf 81' lang='lat' dir='ltr'>habet</span> <span class='ocrx_word' id='word_1_443' title='bbox 2110 4413 2170 4461; x_wconf 89' lang='lat' dir='ltr'><em>M</em></span> <span class='ocrx_word' id='word_1_444' title='bbox 2278 4411 2335 4460; x_wconf 94' lang='lat' dir='ltr'>ll</span> <span class='ocrx_word' id='word_1_445' title='bbox 2379 4411 2586 4465; x_wconf 80' lang='lat' dir='ltr'>dictioni</span> <span class='ocrx_word' id='word_1_446' title='bbox 2628 4410 2821 4460; x_wconf 79' lang='lat' dir='ltr'>litterae</span> <span class='ocrx_word' id='word_1_447' title='bbox 2853 4414 2917 4462; x_wconf 89' lang='lat' dir='ltr'><em>M</em></span> 
     </span>
    </p>
   </div>
   <div class='ocr_carea' id='block_1_4' title="bbox 442 4490 3009 4879">
    <p class='ocr_par' dir='ltr' id='par_1_9' title="bbox 442 4490 3009 4879">
     <span class='ocr_line' id='line_1_42' title="bbox 1652 4490 1685 4521; baseline 0 0"><span class='ocrx_word' id='word_1_448' title='bbox 1652 4490 1685 4521; x_wconf 89' lang='lat' dir='ltr'>u</span> 
     </span>
     <span class='ocr_line' id='line_1_43' title="bbox 446 4529 2910 4596; baseline 0 -14"><span class='ocrx_word' id='word_1_449' title='bbox 446 4533 508 4582; x_wconf 84' lang='lat'>12</span> <span class='ocrx_word' id='word_1_450' title='bbox 545 4532 796 4596; x_wconf 79' lang='lat' dir='ltr'>sinagope</span> <span class='ocrx_word' id='word_1_451' title='bbox 831 4533 897 4582; x_wconf 89' lang='lat' dir='ltr'><em>M</em></span> <span class='ocrx_word' id='word_1_452' title='bbox 1032 4534 1081 4581; x_wconf 89' lang='lat' dir='ltr'>in</span> <span class='ocrx_word' id='word_1_453' title='bbox 1138 4547 1291 4581; x_wconf 89' lang='lat' dir='ltr'>unum</span> <span class='ocrx_word' id='word_1_454' title='bbox 1323 4532 1382 4581; x_wconf 88' lang='lat' dir='ltr'><em>M</em></span> <span class='ocrx_word' id='word_1_455' title='bbox 1523 4529 1586 4580; x_wconf 83' lang='lat'>13</span> <span class='ocrx_word' id='word_1_456' title='bbox 1626 4531 1797 4582; x_wconf 86' lang='lat' dir='ltr'>coacla</span> <span class='ocrx_word' id='word_1_457' title='bbox 1834 4533 1900 4581; x_wconf 90' lang='lat' dir='ltr'><em>M</em></span> <span class='ocrx_word' id='word_1_458' title='bbox 2003 4534 2066 4583; x_wconf 82' lang='lat'>15</span> <span class='ocrx_word' id='word_1_459' title='bbox 2100 4547 2191 4596; x_wconf 90' lang='lat' dir='ltr'>per</span> <span class='ocrx_word' id='word_1_460' title='bbox 2223 4546 2316 4580; x_wconf 89' lang='lat' dir='ltr'>om.</span> <span class='ocrx_word' id='word_1_461' title='bbox 2348 4530 2409 4579; x_wconf 90' lang='lat' dir='ltr'><em>M</em></span> <span class='ocrx_word' id='word_1_462' title='bbox 2512 4530 2577 4582; x_wconf 84' lang='lat'>16</span> <span class='ocrx_word' id='word_1_463' title='bbox 2615 4531 2827 4581; x_wconf 81' lang='lat' dir='ltr'>mutauit.</span> <span class='ocrx_word' id='word_1_464' title='bbox 2850 4532 2910 4582; x_wconf 90' lang='lat' dir='ltr'>M</span> 
     </span>
     <span class='ocr_line' id='line_1_44' title="bbox 443 4599 3006 4669; baseline 0 -18"><span class='ocrx_word' id='word_1_465' title='bbox 443 4601 688 4665; x_wconf 72' lang='lat' dir='ltr'>foi-picem</span> <span class='ocrx_word' id='word_1_466' title='bbox 724 4617 816 4668; x_wconf 89' lang='lat' dir='ltr'>pro</span> <span class='ocrx_word' id='word_1_467' title='bbox 861 4600 1067 4665; x_wconf 79' lang='lat' dir='ltr'>forcife,</span> <span class='ocrx_word' id='word_1_468' title='bbox 1103 4612 1154 4652; x_wconf 78' lang='lat' dir='ltr'>uc</span> <span class='ocrx_word' id='word_1_469' title='bbox 1190 4603 1407 4662; x_wconf 79' lang='lat' dir='ltr'>videtur,</span> <span class='ocrx_word' id='word_1_470' title='bbox 1445 4616 1579 4652; x_wconf 82' lang='lat' dir='ltr'>corr.</span> <span class='ocrx_word' id='word_1_471' title='bbox 1621 4605 1688 4654; x_wconf 84' lang='lat' dir='ltr'>al.</span> <span class='ocrx_word' id='word_1_472' title='bbox 1721 4617 1852 4651; x_wconf 85' lang='lat' dir='ltr'>man.</span> <span class='ocrx_word' id='word_1_473' title='bbox 1890 4602 2111 4652; x_wconf 83' lang='lat' dir='ltr'>forficem</span> <span class='ocrx_word' id='word_1_474' title='bbox 2150 4617 2239 4666; x_wconf 88' lang='lat' dir='ltr'>pro</span> <span class='ocrx_word' id='word_1_475' title='bbox 2278 4600 2470 4666; x_wconf 80' lang='lat' dir='ltr'>forcipe</span> <span class='ocrx_word' id='word_1_476' title='bbox 2613 4599 2678 4651; x_wconf 84' lang='lat'>18</span> <span class='ocrx_word' id='word_1_477' title='bbox 2715 4600 3006 4669; x_wconf 83' lang='lat' dir='ltr'>cernuntur]</span> 
     </span>
     <span class='ocr_line' id='line_1_45' title="bbox 442 4669 2911 4738; baseline 0.001 -19"><span class='ocrx_word' id='word_1_478' title='bbox 442 4679 689 4737; x_wconf 83' lang='lat' dir='ltr'>geruntur</span> <span class='ocrx_word' id='word_1_479' title='bbox 718 4672 781 4721; x_wconf 90' lang='lat' dir='ltr'><em>M</em></span> <span class='ocrx_word' id='word_1_480' title='bbox 831 4729 838 4738; x_wconf 18' lang='grc' dir='ltr'><strong><em>Ὃ</em></strong></span> <span class='ocrx_word' id='word_1_481' title='bbox 882 4674 950 4725; x_wconf 85' lang='grc'>20</span> <span class='ocrx_word' id='word_1_482' title='bbox 980 4673 1154 4722; x_wconf 82' lang='lat' dir='ltr'>dicunt</span> <span class='ocrx_word' id='word_1_483' title='bbox 1188 4674 1240 4721; x_wconf 86' lang='lat' dir='ltr'>in</span> <span class='ocrx_word' id='word_1_484' title='bbox 1276 4672 1549 4736; x_wconf 87' lang='lat' dir='ltr'>urbemque</span> <span class='ocrx_word' id='word_1_485' title='bbox 1587 4672 1679 4723; x_wconf 88' lang='lat' dir='ltr'>M:</span> <span class='ocrx_word' id='word_1_486' title='bbox 1723 4673 1881 4738; x_wconf 72' lang='lat' dir='ltr'>Verq.</span> <span class='ocrx_word' id='word_1_487' title='bbox 1922 4673 2053 4724; x_wconf 84' lang='lat' dir='ltr'>Aen.</span> <span class='ocrx_word' id='word_1_488' title='bbox 2085 4674 2151 4721; x_wconf 88' lang='lat' dir='ltr'>VI</span> <span class='ocrx_word' id='word_1_489' title='bbox 2182 4669 2283 4720; x_wconf 85' lang='lat'>773</span> <span class='ocrx_word' id='word_1_490' title='bbox 2398 4672 2460 4721; x_wconf 81' lang='lat'>21</span> <span class='ocrx_word' id='word_1_491' title='bbox 2496 4677 2813 4720; x_wconf 81' lang='lat' dir='ltr'>contraxerat</span> <span class='ocrx_word' id='word_1_492' title='bbox 2848 4674 2911 4722; x_wconf 90' lang='lat' dir='ltr'><em>M</em></span> 
     </span>
     <span class='ocr_line' id='line_1_46' title="bbox 443 4740 3009 4809; baseline 0.002 -19"><span class='ocrx_word' id='word_1_493' title='bbox 443 4742 509 4790; x_wconf 80' lang='lat'>22</span> <span class='ocrx_word' id='word_1_494' title='bbox 550 4741 820 4806; x_wconf 82' lang='lat' dir='ltr'>protulerat</span> <span class='ocrx_word' id='word_1_495' title='bbox 848 4743 913 4792; x_wconf 90' lang='lat' dir='ltr'>M</span> <span class='ocrx_word' id='word_1_496' title='bbox 1028 4742 1094 4793; x_wconf 84' lang='lat'>23</span> <span class='ocrx_word' id='word_1_497' title='bbox 1132 4740 1290 4809; x_wconf 89' lang='lat' dir='ltr'>quod]</span> <span class='ocrx_word' id='word_1_498' title='bbox 1324 4740 1357 4803; x_wconf 78' lang='grc' dir='ltr'>(Ῑ</span> <span class='ocrx_word' id='word_1_499' title='bbox 1384 4741 1450 4790; x_wconf 87' lang='grc' dir='ltr'><em>Μ</em></span> <span class='ocrx_word' id='word_1_500' title='bbox 1566 4743 1633 4792; x_wconf 80' lang='lat'>24</span> <span class='ocrx_word' id='word_1_501' title='bbox 1673 4742 1956 4792; x_wconf 78' lang='lat' dir='ltr'>siracussas</span> <span class='ocrx_word' id='word_1_502' title='bbox 1985 4743 2072 4792; x_wconf 82' lang='lat' dir='ltr'>M:</span> <span class='ocrx_word' id='word_1_503' title='bbox 2111 4744 2212 4794; x_wconf 82' lang='lat' dir='ltr'>Cic.</span> <span class='ocrx_word' id='word_1_504' title='bbox 2245 4744 2295 4791; x_wconf 82' lang='lat' dir='ltr'>in</span> <span class='ocrx_word' id='word_1_505' title='bbox 2327 4741 2483 4791; x_wconf 84' lang='lat' dir='ltr'>Verr.</span> <span class='ocrx_word' id='word_1_506' title='bbox 2518 4748 2616 4790; x_wconf 78' lang='lat' dir='ltr'>act.</span> <span class='ocrx_word' id='word_1_507' title='bbox 2652 4755 2753 4795; x_wconf 77' lang='lat' dir='ltr'>sec.</span> <span class='ocrx_word' id='word_1_508' title='bbox 2793 4742 2885 4791; x_wconf 86' lang='lat'>1111</span> <span class='ocrx_word' id='word_1_509' title='bbox 2923 4744 3009 4804; x_wconf 81' lang='lat'>52,</span> 
     </span>
     <span class='ocr_line' id='line_1_47' title="bbox 445 4810 2737 4879; baseline -0.001 -18"><span class='ocrx_word' id='word_1_510' title='bbox 445 4810 542 4861; x_wconf 80' lang='lat'>117</span> <span class='ocrx_word' id='word_1_511' title='bbox 686 4812 752 4861; x_wconf 84' lang='lat'>27</span> <span class='ocrx_word' id='word_1_512' title='bbox 784 4812 1100 4877; x_wconf 81' lang='lat' dir='ltr'>dispiciendo</span> <span class='ocrx_word' id='word_1_513' title='bbox 1137 4813 1203 4862; x_wconf 89' lang='lat' dir='ltr'>M</span> <span class='ocrx_word' id='word_1_514' title='bbox 1336 4810 1405 4863; x_wconf 85' lang='lat'>30</span> <span class='ocrx_word' id='word_1_515' title='bbox 1437 4810 1706 4877; x_wconf 85' lang='lat' dir='ltr'>remotum]</span> <span class='ocrx_word' id='word_1_516' title='bbox 1744 4820 2001 4879; x_wconf 87' lang='lat' dir='ltr'>sumptum</span> <span class='ocrx_word' id='word_1_517' title='bbox 2042 4813 2107 4863; x_wconf 81' lang='lat' dir='ltr'><em>M</em></span> <span class='ocrx_word' id='word_1_518' title='bbox 2136 4818 2379 4863; x_wconf 86' lang='lat' dir='ltr'>semotum</span> <span class='ocrx_word' id='word_1_519' title='bbox 2409 4812 2737 4863; x_wconf 76' lang='lat' dir='ltr'>Bzutmannus</span> 
     </span>
    </p>
   </div>
  </div>
 </body>
</html>
