3541 5564
459 261 583 325 368
1157 346 1160 349 Ι
1541 254 1946 319 coNSENTu

513 385 554 425 p.
582 372 694 413 2053.
721 372 771 411 5-1
800 370 844 410 Ρ.

465 473 602 515 sane
649 453 956 512 advertere
1003 448 1318 517 debemm,
1377 447 1563 528 quod,
1624 465 1758 507 cum
1816 447 2083 508 neutrale
2127 446 2377 507 verbum
2422 446 2637 525 agendi
2680 447 2805 506 fere
2852 448 3036 523 signi-

429 534 798 617 *ficationem
843 553 1086 622 haheat,
1134 554 1436 631 deponens
1480 549 1776 629 patiendi,
1837 558 2032 611 tamen
2079 556 2282 610 contra
2328 550 2440 610 hoc
2485 551 2869 610 inveniuntur
2913 549 3036 627 ple-

464 677 648 738 raque
693 656 892 718 verba.
983 674 1117 715 nam
1163 653 1371 733 vapulo
1417 653 1609 740 ardeo
1641 671 1844 731 venen,
1878 671 2026 713 cum
2070 652 2356 713 neutralis
2400 652 2568 712 verbi
2613 651 2787 711 modo
2832 653 3037 711 termi-

465 770 700 830 nentur,
748 778 862 819 non
910 760 1177 825 activam,
1225 756 1328 816 sed
1375 757 1668 834 passivam
1713 756 1830 815 vim
1876 754 2125 815 hahent:
2173 774 2292 814 non
2336 756 2492 815 enim
2540 756 2689 832 agit,
2737 753 2840 813 sed
2887 754 3037 831 pati-

467 874 561 925 tur
606 865 709 943 qui
754 860 988 940 vapulat
1032 864 1133 919 aut
1176 860 1276 937 qui
1325 857 1494 917 ardet
1548 866 1647 917 aut
1702 859 1802 936 qui
1859 858 2037 917 venit.
2130 859 2273 917 item
2326 858 2540 935 fungor
2583 857 2791 936 loquor
2834 856 3037 925 liceor,
3067 875 3092 914 5

466 985 601 1025 cum
646 964 997 1043 deponentis
1051 959 1217 1021 verbi
1264 960 1439 1046 modo
1486 961 1910 1029 terminentur,
1969 979 2086 1019 non
2142 961 2434 1039 passivam
2480 962 2595 1020 vim
2641 958 2889 1027 hahent,
2937 958 3041 1018 sed

467 1070 747 1128 activam:
807 1067 930 1142 agit
985 1066 1146 1124 enim
1204 1065 1330 1142 ipse
1387 1061 1609 1141 aliquid
1665 1064 1766 1140 qui
1823 1063 2098 1139 fungitur
2154 1070 2254 1123 aut
2309 1065 2411 1143 qui
2467 1062 2728 1142 loquitur
2783 1070 2883 1121 aut
2940 1062 3040 1140 qui

467 1170 710 1237 licetur,
760 1186 877 1227 non
922 1168 1167 1245 patitur.
1258 1184 1329 1226 ex
1386 1183 1502 1244 quo
1557 1164 1826 1245 plerique
1884 1167 2063 1225 etiam
2108 1165 2260 1225 hanc
2306 1165 2700 1244 deponentem
2744 1164 3040 1241 signifiea-

471 1274 696 1332 tionem
739 1268 1070 1330 neutralem
1116 1267 1442 1347 appellant,
1500 1265 1695 1326 trihus
1740 1266 1813 1325 de
1873 1269 2090 1327 causis.
2179 1286 2315 1328 nam
2361 1270 2516 1328 sicut
2560 1267 2658 1327 illa
2701 1284 2851 1346 quae
2898 1282 3041 1325 neu-

471 1373 637 1434 tralis
684 1373 903 1432 dieitur
948 1372 1239 1449 passivam
1285 1369 1742 1429 declinationem
1789 1387 1906 1427 non
1952 1369 2159 1439 habet,
2208 1372 2289 1429 ita
2332 1388 2404 1429 ne
2437 1369 2581 1429 haec
2613 1369 2853 1448 quidem
2898 1369 3042 1427 acti·
3072 1387 3121 1427 10

474 1495 630 1544 vanu
678 1484 735 1535 et
782 1476 935 1533 sicut
981 1472 1079 1533 illa
1123 1472 1424 1532 interdum
1467 1474 1807 1551 passionem
1851 1472 2174 1548 significat,
2229 1480 2294 1531 ut
2338 1478 2429 1531 est
2473 1471 2712 1551 vapulo,
2772 1472 2853 1531 ita
2898 1470 3045 1530 haec

475 1578 736 1637 vicissim
794 1582 1020 1644 actum,
1080 1582 1142 1634 ut
1199 1583 1288 1634 est
1344 1574 1552 1652 loquor
1596 1575 1847 1642 metior:
1905 1579 1964 1632 et
2019 1574 2175 1633 sicut
2217 1573 2316 1633 illa
2363 1573 2496 1633 ideo
2541 1576 2729 1634 activa
2774 1592 2891 1633 non
2936 1580 3044 1640 est,

473 1682 612 1760 quia
658 1679 948 1758 passivam
995 1696 1114 1737 non
1159 1678 1405 1755 recipit,
1453 1678 1535 1736 ita
1580 1676 1728 1735 haec
1773 1693 2005 1755 quoque
2051 1675 2185 1734 ideo
2230 1677 2459 1754 passiva
2506 1675 2623 1736 dici
2669 1694 2785 1735 non
2830 1681 3043 1754 potest,

474 1784 611 1862 quia
656 1800 773 1841 non
819 1780 976 1839 redit
1020 1779 1093 1839 ad
1138 1782 1410 1839 activam.
1501 1780 1644 1837 item
1691 1784 1831 1838 sunt
1876 1777 2140 1838 anomala
2185 1778 2503 1857 quaedam,
2552 1796 2702 1857 quae
2748 1795 2881 1838 cum
2926 1779 3045 1837 sor-

475 1904 629 1945 mam
685 1880 1016 1943 neutralem
1071 1880 1359 1950 haheant,
1418 1900 1534 1940 non
1592 1898 1700 1959 per
1755 1880 1953 1939 omnia
1998 1879 2327 1940 neutralem
2371 1888 2567 1940 tamen
2614 1882 2876 1959 speciem
2920 1899 3044 1940 ser·
3076 1900 3124 1939 15

476 1993 646 2054 vant,
716 1992 781 2045 ut
844 1991 934 2042 est
1001 1983 1161 2043 soleo
1217 1983 1423 2043 audeo.
1514 2002 1646 2043 nam
1704 1981 1865 2041 soleo
1921 1981 2209 2050 solebam,
2270 1982 2457 2042 audeo
2514 1982 2804 2043 audebam
2860 1984 3049 2042 activa

478 2090 706 2148 ratione
753 2084 1159 2155 declinantur;
1216 2094 1275 2160 at
1329 2103 1468 2144 vero
1513 2085 1720 2144 solitus
1767 2102 1957 2153 eram,
2017 2102 2193 2144 ausus
2248 2102 2410 2145 eram
2456 2087 2685 2164 passiva
2730 2084 3049 2145 declinatio

477 2196 584 2249 est.
673 2190 757 2248 ita
814 2205 988 2265 ergo,
1047 2190 1186 2267 quia
1241 2193 1490 2266 utraque
1547 2188 1777 2246 ratione
1834 2183 2252 2269 declilnantur,
2310 2186 2836 2266 inaequalia,sunt
2893 2194 2954 2247 et
3017 2206 3049 2246 a

476 2290 831 2371 quibusdam
875 2293 1044 2369 quasi
1090 2309 1239 2350 novo
1284 2291 1521 2349 nomine
1568 2297 1628 2348 et
1671 2306 1920 2348 numero
1965 2289 2193 2349 adiecto
2248 2290 2694 2367 neutropassiva
2750 2289 3047 2350 dicuntur.

480 2395 551 2455 de
598 2393 816 2473 quibus
861 2390 1060 2451 verbis
1105 2391 1339 2471 plenius
1384 2393 1444 2450 in
1491 2392 1908 2467 coniugatione
1955 2390 2240 2451 dicemus.
3076 2417 3128 2455 ρο

645 2493 1089 2573 Inspiciendum
1148 2502 1240 2553 est
1296 2493 1670 2571 diligentius,
1739 2511 1880 2553 num
1934 2496 2121 2572 possit
2178 2493 2415 2573 aliquod
2470 2493 2682 2553 horum
2736 2492 3050 2554 verborum

481 2597 741 2674 ambigui
791 2614 922 2655 esse
968 2597 1238 2672 generiS,
1297 2595 1386 2655 vel
1445 2614 1584 2655 nmn
1640 2595 1939 2655 interdum
1993 2598 2055 2655 in
2102 2595 2218 2655 alio
2264 2603 2437 2675 atque
2483 2595 2596 2656 alio
2641 2596 2948 2657 intellectu
2994 2606 3054 2658 et

482 2700 748 2759 activum
782 2705 840 2757 et
885 2698 1194 2775 passivum⁸
1229 2715 1358 2755 esse
1404 2699 1610 2776 possit.
1701 2705 1765 2756 ut
1821 2714 1957 2756 ecce
2004 2696 2131 2757 lavo
2176 2703 2236 2755 et
2280 2697 2439 2757 lavor
2497 2697 2749 2758 dicimus
2805 2698 2916 2758 sub
2962 2700 3051 2758 in·

481 2810 642 2863 certa
688 2801 1148 2878 significatione,
1195 2800 1245 2859 si
1293 2799 1364 2860 de
1409 2799 1582 2859 nohis
1627 2800 1910 2861 dicamus,
1972 2807 2031 2859 at
2073 2818 2212 2859 vero
2256 2801 2493 2861 ‘omnes
2525 2803 2585 2860 in
2617 2803 2778 2861 sonte
2810 2801 3053 2863 lavabo'

483 2904 656 2966 aliter
701 2902 953 2962 dicitur:
1001 2918 1118 2960 non
1165 2903 1322 2961 enim
1367 2908 1562 2980 potest
1607 2901 1725 2962 dici
1772 2907 2014 2962 ‘omnes
2062 2905 2122 2962 in
2166 2903 2328 2962 sonte
2377 2903 2672 2964 lavabor’.
2724 2905 2876 2982 jtem
2921 2910 3050 2964 ton·
3079 2928 3131 2967 τε»

484 3007 593 3066 deo
639 3004 729 3065 vel
773 2999 1022 3064 tondeo'r
1067 3006 1252 3079 siquis
1307 3004 1378 3063 de
1438 3023 1501 3063 se
1564 3004 1750 3073 dicat,
1811 3003 1921 3063 sub
1980 3004 2255 3081 ambiguo
2310 3005 2540 3065 scilicet
2584 3023 2831 3084 genere,
2891 3015 3054 3066 recte

484 3109 722 3168 dicitur.
784 3105 959 3165 aliter
1005 3108 1115 3165 ‘ne
1159 3106 1408 3166 tondere
1454 3107 1694 3187 quidem
1739 3113 1949 3167 curant
1992 3106 2270 3167 vellera':
2332 3126 2447 3167 uon
2491 3110 2647 3168 enim
2695 3116 2890 3187 potest
2935 3109 3052 3168 dici

485 3215 593 3270 ‘ne
641 3208 872 3268 tonderi
918 3208 1158 3287 quidem
1204 3216 1414 3270 curant
1459 3209 1728 3268 vellera'.
1821 3211 1964 3269 item
2020 3210 2247 3288 ‘pascit
2302 3211 2583 3270 iuvenca'
2641 3219 2700 3270 et
2754 3213 3054 3290 ‘pascitur

484 3315 765 3373 iuvenca’
812 3319 972 3369 recte
1021 3310 1238 3371 dicitur
1295 3309 1561 3402 absolute
1608 3309 1718 3370 sub
1765 3312 1994 3372 incerto
2038 3329 2287 3388 genere:
2335 3317 2395 3371 at
2438 3314 2488 3374 si
2535 3312 2713 3374 latine
2762 3313 2880 3375 dici
2926 3320 3054 3393 pot-

624 3567 656 3614 2
691 3565 928 3631 patientis
969 3564 1034 3613 M
1148 3566 1426 3630 plerunque
1463 3567 1530 3615 M
1663 3567 1695 3615 5
1727 3566 1812 3630 qui
1851 3566 2057 3632 uapulat
2093 3576 2177 3616 aut
2213 3567 2356 3617 ardet
2393 3576 2478 3616 aut
2514 3575 2663 3618 uenet
2694 3567 2850 3630 (corr.
2890 3566 2975 3630 -it)
3006 3567 3058 3617 B

487 3638 605 3701 quia
641 3635 849 3700 uapulat
884 3635 1026 3684 ardet
1059 3644 1142 3684 aut
1181 3638 1319 3685 uenit
1350 3637 1396 3684 L
1434 3637 1519 3699 qui
1555 3636 1763 3699 uapulat
1794 3637 1874 3685 uel
1915 3637 2000 3698 qui
2037 3629 2178 3686 ardet
2213 3637 2295 3686 uel
2327 3638 2411 3700 qui
2445 3647 2592 3687 uenet
2626 3637 2691 3686 M
2824 3637 2858 3688 6
2886 3638 3059 3686 termi-

489 3717 667 3758 nantur
705 3705 772 3755 M
803 3706 1096 3755 terminatur
1129 3706 1241 3755 BL
1349 3719 1446 3754 non
1485 3705 1684 3771 passini
1720 3707 1825 3755 uim
1862 3706 2049 3755 habent
2087 3707 2177 3756 sed
2207 3709 2357 3756 actiui
2391 3708 2457 3756 M
2490 3722 2588 3757 non
2627 3708 2761 3756 enim
2798 3709 3057 3773 passiuam

483 3781 587 3829 uim
634 3775 821 3826 habent
851 3782 1010 3836 (corr.
1050 3773 1148 3836 -et)
1188 3775 1278 3825 sed
1304 3775 1516 3824 actiuam
1544 3774 1594 3822 B
1629 3790 1726 3824 uon
1757 3777 1890 3825 enim
1930 3777 2051 3840 pas&
2078 3778 2180 3826 uim
2211 3776 2363 3826 habet
2398 3778 2490 3827 sed
2525 3778 2675 3827 actiui
2710 3779 2756 3826 L
2863 3779 2896 3830 9
2934 3792 3054 3826 neu-

484 3858 616 3897 trum
650 3846 1034 3912 appellauerunt
1071 3843 1136 3892 M
1288 3860 1417 3907 quae
1455 3845 1681 3895 neutrius
1720 3846 1788 3894 M
1960 3845 2023 3895 13
2063 3849 2181 3910 qnia
2219 3849 2480 3912 passiuum
2521 3848 2584 3897 M
2619 3848 2735 3910 quia
2768 3849 3056 3910 passionem

485 3919 598 3969 BL
739 3916 808 3965 ita
848 3930 1048 3979 quoque
1084 3915 1210 3963 haec
1246 3913 1360 3963 ideo
1395 3914 1524 3964 ΒΜ
1536 3915 1582 3963 L
1724 3929 1823 3963 non
1861 3917 2023 3980 possit
2057 3917 2122 3966 M
2259 3917 2321 3966 14
2367 3917 2433 3966 ad
2470 3919 2690 3966 actiuum
2730 3918 2799 3966 M
2930 3932 3058 3980 quae

487 4003 600 4037 omn
633 3987 848 4036 formam
894 3991 1182 4037 neutrorum
1220 3983 1407 4032 habent
1441 3999 1538 4033 non
1577 3999 1667 4050 per
1705 3986 1873 4036 omnia
1909 3993 2136 4052 tempora
2174 3986 2337 4036 neutri
2374 3996 2540 4036 tamen
2594 3987 2812 4052 speciem
2857 3996 3059 4036 seruant

487 4059 554 4107 M
692 4056 757 4107 16
797 4070 912 4105 nam
944 4055 1084 4105 soleo
1123 4053 1345 4102 solebam
1387 4056 1550 4104 aetina
1584 4056 1778 4106 ratione
1813 4055 2027 4105 clinatur
2064 4056 2125 4105 M
2266 4057 2329 4106 17
2369 4057 2652 4107 declinatur
2690 4057 2804 4105 BL
2942 4072 3060 4120 pas-

486 4128 587 4179 sini
617 4127 821 4175 clinatio
859 4124 924 4173 M
1061 4123 1125 4175 18
1157 4123 1276 4185 quia
1312 4138 1406 4189 pro
1443 4132 1653 4186 utraque
1681 4126 1732 4175 B
1763 4125 1898 4188 quod
1933 4135 2146 4189 utraque
2174 4125 2238 4174 M
2377 4125 2442 4176 19
2479 4135 2655 4176 neutra
2694 4128 2900 4193 passiua
2933 4126 3058 4175 ML

623 4197 688 4247 21
735 4193 1106 4261 inspiciendum
1144 4193 1435 4258 diligentius
1472 4194 1551 4243 uel
1602 4209 1721 4243 num
1759 4195 1810 4243 B
1948 4204 2114 4263 potest
2163 4196 2367 4259 aliquod
2406 4196 2518 4246 BL
2557 4197 2763 4260 aliquod
2798 4205 2964 4261 potest
2998 4197 3059 4245 M

623 4267 692 4316 22
737 4265 812 4315 vel
845 4260 985 4329 num]
1028 4273 1083 4314 ut
1115 4264 1164 4313 B
1178 4264 1245 4312 M
1256 4266 1301 4314 L
1442 4265 1493 4313 in
1531 4265 1630 4313 alio
1659 4274 1809 4327 atque
1840 4265 1938 4316 alio
1976 4266 2231 4316 intellectu
2268 4264 2547 4318 Siclwrdus
2583 4268 2632 4316 in
2671 4266 2770 4315 alio
2807 4266 3059 4316 intellectu

487 4337 619 4386 ΒΜ
650 4337 699 4384 in
733 4336 904 4399 aliquo
941 4335 1199 4384 intellectu
1237 4334 1284 4382 L
1426 4336 1493 4384 24
1529 4343 1578 4383 at
1617 4351 1735 4385 uero
1774 4337 1823 4385 in
1864 4334 2001 4386 fonte
2041 4337 2269 4386 lauamur
2305 4336 2357 4385 B
2493 4338 2563 4387 25
2598 4334 2801 4402 dicitur]
2844 4337 3060 4386 dicimus

490 4407 554 4456 M
691 4420 787 4454 non
822 4405 957 4454 enim
996 4412 1158 4470 potest
1191 4403 1292 4452 dici
1327 4403 1608 4455 sichardus
1653 4420 1752 4455 non
1801 4406 1931 4455 enim
1971 4407 2215 4471 potuisset
2256 4406 2356 4455 dici
2406 4407 2517 4456 BL
2564 4420 2663 4455 non
2716 4407 2879 4472 possit
2924 4407 3057 4455 enim

490 4476 603 4537 quis
638 4476 736 4525 dici
771 4475 934 4536 (corr.
971 4473 1161 4537 dicere)
1201 4472 1264 4521 M
1401 4475 1581 4526 lauabo
1619 4476 1670 4525 B
1808 4474 1875 4526 26
1901 4478 1944 4526 si
1972 4477 2036 4526 de
2067 4494 2121 4527 se
2155 4477 2281 4526 BM
2290 4477 2337 4525 L
2477 4478 2543 4526 27
2573 4476 2718 4524 aliter
2754 4492 2808 4524 re
2851 4478 3060 4527 tondere

490 4545 704 4594 BML:
743 4544 889 4594 aliter
924 4545 1132 4595 tondere
1167 4554 1341 4594 curant
1378 4545 1584 4607 uellera,
1625 4560 1723 4594 non
1763 4555 1938 4610 posset
1974 4547 2073 4596 dici
2111 4547 2305 4597 tonderi
2343 4546 2529 4596 uellera
2564 4554 2741 4595 curant
2782 4547 3061 4597 Sielzardus

628 4627 769 4664 curat
805 4615 855 4663 B
1027 4625 1201 4680 posset
1238 4615 1337 4665 dici
1373 4615 1624 4665 retonderi
1662 4616 1905 4677 (retoderi
1936 4617 2006 4676 L)
2044 4617 2245 4679 quidem
2285 4616 2473 4666 uellera
2506 4625 2681 4664 curant
2728 4617 2957 4680 (currant
2986 4614 3060 4680 L)

493 4684 600 4733 BL
638 4685 800 4749 possit
828 4685 992 4734 dicere
1035 4685 1229 4734 tonderi
1269 4685 1459 4733 uellera
1488 4686 1690 4747 quidem
1722 4695 1898 4735 curant
1926 4688 1992 4736 M
2092 4686 2161 4738 29
2194 4696 2243 4736 at
2275 4687 2320 4737 si
2360 4686 2498 4736 latini
2526 4686 2626 4735 dici
2660 4695 2826 4750 potest
2851 4688 2900 4737 L
2928 4686 3061 4737 uelat

491 4754 655 4819 (corr.
689 4758 756 4808 al.
786 4770 916 4806 man.
954 4752 1119 4816 uelut)
1157 4755 1201 4804 si
1236 4754 1388 4803 latine
1418 4764 1582 4819 potest
1620 4755 1721 4805 dici
1754 4754 1807 4803 B
