3541 5564
618 360 745 424 204
1755 360 2061 422 Ponwssn

669 483 712 524 p.
739 470 916 511 243-45
945 469 987 510 1„

620 560 755 611 sunt
801 568 942 629 ergo
996 552 1228 611 numeri
1274 558 1419 630 quot
1462 556 1565 610 tot.
1655 558 1794 609 sunt
1839 546 1948 609 alia
1996 546 2251 618 ordinis,
2309 554 2527 626 quotus
2574 555 2746 608 totus,
2839 547 2970 607 vide
3013 556 3195 607 muta-

623 661 738 714 tam
786 651 1179 714 elocutionem
1225 655 1284 713 in
1330 650 1581 733 syllaba,
1629 650 1686 711 id
1733 658 1824 712 est
1865 658 2146 712 mutatam
2195 658 2460 711 naturam
2508 648 2863 729 syllabarum
2908 658 3052 729 quot
3093 657 3193 711 tot.

618 752 739 814 illic
784 753 981 815 brevis
1025 755 1218 816 suerat
1262 762 1376 823 tot;
1428 755 1585 813 venit
1628 752 1701 813 ad
1746 752 2170 814 derivationem
2219 760 2278 813 et
2321 752 2672 832 producitur
2717 759 2896 822 totuS‚

921 863 1120 917 totus
1166 865 1236 917 et
1279 855 1409 916 ille
1457 856 1614 916 dies
1661 855 1894 933 etqui
1942 863 2352 916 nascentur
2397 853 2677 915 abillo.

618 959 862 1019 mutavit
906 965 1176 1019 naturam
1223 976 1386 1018 suam
1435 963 1615 1019 totus,
1706 964 1923 1036 quotus
1969 976 2001 1017 e
2046 959 2346 1018 contrario
2391 956 2587 1017 brevis
2631 965 2748 1027 est,
2797 975 2917 1018 non
2964 973 3249 1036 possumz’)

618 1060 817 1120 dicere
863 1065 1104 1140 quotus,
1164 1078 1296 1119 cum
1343 1061 1417 1119 sit
1475 1060 1782 1137 utriusque
1825 1076 1941 1120 una
1987 1069 2194 1120 natura
2239 1061 2299 1120 in
2345 1057 2786 1139 principalibus,
2877 1077 3015 1119 nam
3060 1067 3201 1136 quot

618 1170 676 1223 et
719 1169 807 1223 tot
848 1180 962 1222 una
1007 1162 1161 1223 ratio
1207 1159 1563 1240 syllabarum
1613 1168 1730 1229 est,
1781 1168 1840 1221 et
1883 1160 1980 1223 illa
2026 1160 2237 1241 brelvis
2283 1170 2374 1221 est
2418 1168 2476 1220 et
2517 1159 2634 1221 illa.
2728 1162 2884 1221 venit
2927 1161 3001 1221 ad
3047 1160 3198 1221 deri-

618 1267 936 1334 vationem,
1008 1271 1068 1324 et
1134 1262 1231 1324 illa
1296 1271 1484 1324 mutat
1544 1262 2061 1343 principalitatem.
2152 1281 2288 1324 nam
2354 1260 2500 1325 illud
2578 1262 2839 1323 servabit
2909 1270 3194 1331 naturam,

619 1365 844 1449 [brevis
901 1365 1019 1446 est]
1068 1373 1307 1444 quotuS,
1366 1366 1479 1425 boc
1525 1365 1806 1437 mutabit,
1866 1371 2041 1425 totus.
2131 1367 2285 1425 scire
2331 1373 2528 1424 autem
2586 1364 2874 1425 debemus
2918 1367 3197 1448 quoniam

619 1478 775 1529 totus
820 1467 1131 1548 aliquando
1176 1473 1360 1528 totum
1407 1469 1725 1547 significat,
1785 1467 1843 1528 id
1890 1474 1981 1527 est
2023 1466 2194 1527 simul
2252 1466 2472 1545 aliquid
2530 1469 2658 1527 fieri
2716 1468 3037 1545 significat,
3096 1466 3273 1526 ali-10

617 1573 890 1648 quotiens
946 1569 1212 1631 ordinem
1269 1589 1377 1650 per
1435 1571 1888 1630 consensionem
1947 1571 2253 1648 significat.
2345 1570 2482 1649 qnid
2541 1577 2630 1631 est
2686 1570 2799 1630 boc
2844 1569 3001 1648 qnod
3048 1569 3199 1629 dixi?

616 1672 872 1733 adverte.
935 1679 1070 1752 puta
1119 1676 1308 1733 ‘totus
1353 1671 1529 1732 bomo
1575 1679 1872 1733 comestus
1910 1680 2000 1733 est
2044 1669 2116 1732 ab
2165 1675 2373 1732 urso’:
2423 1690 2563 1733 eece
2608 1672 2784 1732 modo
2830 1671 2971 1750 quid
3019 1673 3199 1750 signi·

616 1777 782 1835 licat?
855 1782 1039 1835 totum
1095 1773 1267 1835 simul
1324 1774 1655 1843 hominem,
1711 1780 1777 1833 ut
1832 1772 1975 1833 nihil
2032 1782 2387 1834 remaneret.
2481 1780 2639 1834 totus
2683 1773 2861 1834 homo
2907 1781 3199 1834 comestus

617 1885 734 1946 est,
779 1877 838 1937 id
885 1885 973 1937 est
1018 1876 1318 1945 manibus,
1368 1874 1643 1956 pedibus.
1693 1874 1903 1945 dorso,
1953 1874 2225 1936 omnibus
2270 1875 2466 1936 rebus.
2533 1895 2673 1936 ecce
2705 1875 2881 1937 modo
2925 1875 3200 1955 generale

616 1977 832 2058 aliquid
892 1980 1179 2057 significat
1235 1987 1293 2039 et
1346 1977 1520 2039 simul
1578 1978 1827 2047 sactum,
1889 1985 1948 2037 et
2002 1978 2076 2038 de
2131 1997 2246 2057 quo
2303 1980 2468 2057 quasi
2526 1977 2672 2039 nihil
2729 1978 3015 2047 desuerit;
3065 1993 3280 2040 eoce15

615 2088 799 2141 totum
862 2081 1038 2142 modo
1095 2082 1404 2160 significat.
1491 2079 1842 2159 aliquotiens
1894 2081 2182 2158 significat
2236 2080 2504 2141 ordinem
2563 2092 2669 2160 per
2728 2082 3198 2149 consensionem,

615 2192 679 2243 ut
723 2191 860 2261 puta
907 2184 956 2243 si
1004 2182 1164 2243 dicas
1209 2182 1352 2244 mihi
1399 2181 1532 2242 ‘ille
1564 2183 1664 2259 qui
1697 2182 1865 2243 sedet
1897 2181 1997 2242 illo
2042 2181 2174 2242 loco
2206 2183 2448 2262 quintus
2496 2186 2637 2251 est’,
2687 2182 2819 2243 dico
2865 2182 2974 2243 tibi
3021 2188 3203 2244 ‘totus

617 2288 764 2346 est’,
829 2284 972 2365 quid
1020 2296 1108 2347 est
1150 2285 1342 2346 totus?
1407 2283 1467 2345 id
1514 2291 1601 2345 est
1655 2287 1714 2345 in
1761 2284 1863 2345 illo
1908 2284 2134 2355 ordine,
2181 2285 2242 2345 in
2283 2303 2402 2364 quo
2447 2291 2507 2345 tu
2556 2292 2692 2345 ante
2738 2284 2957 2346 dixisti.
3015 2287 3198 2345 inter-

617 2389 840 2465 rogasti
901 2407 996 2448 me
1051 2395 1118 2448 ut
1168 2394 1307 2467 puta
1362 2390 1645 2463 ‘quartus
1701 2393 1789 2447 est
1843 2384 1941 2446 ille
1998 2385 2270 2455 homoi',
2328 2385 2467 2447 nolo
2512 2386 2618 2448 tibi
2677 2386 2878 2448 (licere
2920 2388 3201 2468 ‘quartus

614 2492 758 2560 est',
818 2489 922 2550 sed
982 2491 1113 2550 dico
1168 2488 1271 2550 tibi
1329 2492 1523 2548 ‘totus
1578 2490 1721 2558 est',
1782 2487 1840 2549 id
1900 2494 1990 2547 est
2043 2506 2115 2548 eo
2171 2487 2409 2559 ordine,
2469 2506 2587 2567 quo
2641 2497 2703 2550 tn
2758 2487 2984 2557 dixisti;
3063 2506 3281 2550 eccezo

612 2592 1100 2669 significationem
1158 2590 1335 2677 ljabet
1389 2591 1613 2651 ordinis
1667 2610 1775 2670 per
1829 2591 2280 2651 consensionem
2331 2600 2507 2650 tuam.
2600 2591 2649 2650 si
2695 2590 2856 2652 dicas
2900 2591 3202 2653 ‘decimus

614 2698 758 2762 est’,
819 2712 937 2776 ego·
986 2693 1123 2754 nolo
1180 2693 1378 2754 dicere
1436 2691 1739 2753 ‘decimus
1796 2696 1936 2762 est',
1996 2691 2100 2752 sed
2158 2711 2266 2771 ego
2324 2691 2459 2752 dico
2505 2695 2698 2753 ‘totus
2744 2701 2833 2754 est
2878 2701 2942 2754 ut
2988 2693 3201 2759 dicis';

614 2796 885 2857 ordinem
945 2797 1234 2876 significat
1289 2814 1397 2875 per
1454 2792 1923 2878 consensiolnem
1992 2804 2168 2856 tuam.
2256 2795 2443 2880 babes
2499 2794 2614 2856 hoc
2671 2796 2825 2876 apud
2882 2795 3202 2876 Vergilium

612 2901 871 2977 positum
921 2900 1294 2978 apertissime
1337 2900 1575 2978 penitus
1621 2899 1677 2960 in
1725 2899 1948 2978 primo:
1996 2906 2121 2958 tres
2165 2899 2322 2958 cervi
2366 2896 2772 2967 ambulabant,

1039 2982 1045 2989 ⁸
1965 3008 2124 3062 tres
2170 2999 2400 3060 litore
2447 3017 2709 3060 cervos
3191 3019 3282 3065 ,25

914 3104 1290 3184 prospicit
1337 3110 1718 3171 errantes;
1765 3102 1896 3163 hos
1940 3110 2094 3163 tota
2139 3109 2474 3163 armenta
2521 3108 2957 3180 sequuntur.

623 3203 763 3285 quid
823 3213 909 3264 est
967 3212 1083 3266 tota
1141 3205 1442 3266 armenta?
1516 3223 1635 3265 non
1692 3211 1983 3285 quotquot
2036 3224 2167 3265 esse
2222 3210 2542 3284 potuerunt
2597 3206 2658 3265 in
2702 3203 2913 3267 Africa.
3008 3224 3201 3283 neque

623 3308 780 3367 enim
839 3306 1067 3367 sciebat
1121 3307 1179 3367 in
1236 3306 1427 3367 Africa
1485 3308 1617 3386 quia
1677 3314 1903 3367 tantum
1960 3305 2058 3367 illa
2115 3307 2374 3369 suerunt.
2464 3315 2605 3368 tunc
2658 3307 2885 3369 diceret
2938 3315 3091 3378 tota,
3153 3310 3201 3368 si

617 3410 823 3478 sciret,
884 3411 934 3469 si
992 3417 1196 3470 notum
1258 3410 1309 3469 ei
1366 3408 1586 3468 suisset.
1681 3427 1797 3469 non
1843 3415 2039 3470 autem
2085 3407 2370 3470 credibile
2417 3418 2507 3469 est
2550 3408 2728 3470 homo
2773 3418 2912 3470 tnnc
2959 3412 3201 3471 veniens

614 3512 892 3587 quoniam
940 3513 1094 3572 scire
1140 3512 1356 3590 potuit,
1404 3518 1548 3590 quot
1591 3513 1753 3570 cervi
1801 3521 2000 3573 essent
2042 3512 2104 3571 in
2151 3513 2364 3573 Africa.
2441 3510 2543 3570 sed
2593 3511 2706 3571 hoc
2753 3513 2944 3590 ipsum
2993 3514 3280 3574 amun-so

611 3614 695 3672 xit
738 3611 809 3672 ad
857 3614 1311 3673 consensionem
1356 3613 1682 3692 superioris
1738 3612 1898 3673 dicti.
1991 3612 2134 3691 quid
2191 3622 2282 3672 est
2336 3613 2495 3674 tota?
2577 3615 2719 3683 tria,
2780 3615 2914 3694 quia
2973 3614 3203 3676 dixerat

613 3718 774 3774 ‘tres
818 3719 1092 3782 cervos’;
1151 3714 1402 3775 dicendo
1458 3718 1614 3776 ‘tota
1659 3719 1963 3776 armenta’
2010 3718 2130 3775 tria
2172 3717 2496 3790 siqnificat,
2545 3714 2603 3775 id
2653 3722 2739 3776 est
2782 3723 2869 3775 tot
2913 3724 3059 3794 quot
3103 3736 3201 3778 su·

611 3817 815 3897 perius
859 3816 1006 3876 dixit
1050 3834 1276 3878 cervos
1369 3835 1512 3896 ergo
1574 3818 1728 3877 scire
1787 3817 2071 3878 debemus
2117 3815 2510 3877 differentiam
2559 3818 2732 3878 buius
2776 3820 3167 3897 pronominis.

378 3934 498 3991 435,
528 3934 590 3984 31
788 3919 939 3979 Sunt
994 3920 1169 3980 etiam
1225 3921 1418 3998 gentis
1473 3921 1855 3999 pronomina:
1913 3921 2104 3998 gentis
2160 3921 2513 3998 pronomina
2570 3927 2710 3980 sunt
2768 3936 2917 3997 quae
2962 3928 3200 3998 gentem

612 4022 964 4099 significant.
1056 4020 1231 4082 bodie
1289 4040 1477 4101 paene
1532 4023 1647 4081 iam
1707 4020 1780 4081 de
1838 4039 1947 4082 usu
2006 4028 2403 4090 evanuerunt3
2462 4020 2614 4102 apud
2662 4022 2919 4082 maiores
2963 4030 3283 4084 nostrosas

613 4126 771 4184 varie
817 4125 1007 4203 posita
1053 4131 1207 4184 sunt.
1293 4124 1626 4185 invenimus
1669 4124 2027 4203 aliquotiens
2081 4125 2247 4184 cuius
2291 4125 2454 4184 cuias
2500 4124 2728 4185 cuiatis.
2821 4125 3069 4186 ‘cuiatis
3113 4134 3204 4186 est

752 4364 775 4413 l
816 4362 930 4411 vide
962 4388 1029 4398 —
1072 4371 1193 4426 quot
1242 4371 1314 4411 tot
1355 4369 1471 4411 ante
1507 4370 1624 4410 sunt
1668 4362 1766 4410 alia
1809 4361 2001 4411 ordinis
2046 4363 2306 4411 conlocata
2350 4364 2401 4411 ἰη
2439 4360 2607 4411 ABG
2646 4360 2738 4410 huc
2774 4364 3069 4425 transposui

610 4435 642 4482 2
682 4431 896 4500 syllaba]
949 4433 1194 4498 syllabam
1235 4431 1407 4483 ABG
1567 4431 1599 4481 3
1643 4432 1845 4482 breuior
1881 4431 2049 4483 ABG
2187 4433 2419 4497 producit
2466 4431 2630 4482 ABG
2763 4434 2795 4480 4
2838 4430 2996 4499 totus]
3040 4435 3199 4497 Vera.

607 4518 781 4568 yeory.
822 4504 837 4551 1
878 4504 980 4552 434
1092 4503 1122 4550 7
1163 4502 1473 4567 syllabarum
1511 4510 1586 4551 est
1627 4510 1706 4551 est
1746 4511 1795 4552 et
1834 4500 1923 4550 illa
1961 4502 2129 4551 breuis
2166 4511 2243 4551 est
2278 4510 2327 4550 et
2365 4502 2450 4551 illa
2488 4511 2535 4551 et
2574 4501 2659 4550 illa
2689 4503 2830 4552 uenit
2868 4503 2916 4550 A
3023 4503 3058 4552 8
3095 4519 3203 4552 ser-

615 4574 755 4623 uauit
788 4572 835 4621 B
937 4572 971 4622 9
1007 4573 1221 4621 mutauit
1258 4574 1358 4623 AC
1384 4573 1592 4622 motuuit
1619 4571 1671 4621 B
1779 4571 1839 4622 ll
1872 4572 2126 4639 significat
2155 4588 2244 4622 om.
2280 4572 2388 4621 Bc
2529 4572 2590 4622 17
2628 4572 2710 4621 ille
2748 4571 2898 4621 homo
2933 4575 3018 4638 qui
3054 4574 3197 4622 sedet

615 4645 663 4691 in
703 4643 788 4692 illo
825 4642 932 4692 loeo
972 4642 1013 4691 C
1151 4644 1219 4693 25
1256 4645 1348 4693 tris
1387 4642 1465 4692 A.-
1507 4644 1665 4706 Very.
1704 4642 1836 4691 Aen.
1878 4645 1894 4691 1
1938 4643 2035 4693 184
2176 4645 2242 4692 27
2279 4657 2377 4692 non
2418 4652 2661 4707 quotquot
2686 4642 2831 4692 BCa
2869 4658 2966 4691 nnn
3004 4652 3124 4707 quot
3152 4643 3202 4708 A

752 4711 820 4762 28
861 4713 1058 4762 fuerant
1088 4712 1257 4763 ABG
1391 4712 1454 4763 31
1497 4714 1780 4777 superioris
1820 4712 1984 4762 Bca*
2022 4714 2257 4778 superius
2292 4712 2341 4760 A
2462 4711 2527 4760 32
2566 4713 2781 4762 dicendo
2816 4711 2965 4762 BCa
2999 4713 3114 4763 dico
3154 4713 3202 4761 A

750 4783 846 4831 tria
889 4783 1144 4847 signifieat
1186 4798 1277 4832 om.
1318 4783 1491 4833 ABG
1661 4783 1729 4832 33
1768 4798 1944 4831 cervos
1977 4796 2071 4836 om.
2116 4783 2189 4842 A,
2227 4783 2350 4834 add.
2390 4799 2422 4831 a
2597 4782 2665 4832 35
2701 4793 3018 4833 ennannerunt
3056 4783 3203 4834 BCa

616 4861 864 4902 uenerunt
903 4854 951 4902 A
1091 4851 1160 4905 36
1200 4853 1345 4903 cuius
1387 4852 1525 4903 cuias
1561 4853 1754 4904 cuiatas
1791 4852 2000 4916 (cuiatis
2037 4852 2099 4918 a)
2135 4863 2185 4902 et
2220 4852 2396 4904 cuiatis
2435 4859 2512 4903 est
2545 4852 2595 4902 A
