3541 5564
566 1200 1020 1295 ExcERPTA
1074 1199 1185 1294 Ex
1239 1198 1566 1294 ivtlffl
1621 1198 2249 1295 comitamini)
2305 1198 2390 1293 ΙΝ
2444 1200 2851 1295 nomivit

1494 1576 1591 1637 DE
1634 1575 1927 1638 NOMINE
2474 1612 2531 1659 φ.
2558 1608 2625 1647 61.
2651 1608 2701 1647 62
2729 1606 2795 1646 ed.
2824 1606 2946 1645 nom.

589 1696 785 1767 Quare
851 1695 1147 1755 inchoavit
1204 1695 1464 1756 Donatus
1524 1713 1555 1754 a
1617 1698 1854 1756 nomine
1921 1702 1982 1754 et
2036 1713 2154 1755 non
2221 1713 2252 1754 a
2317 1682 2539 1762 littera,
2605 1714 2737 1756 cum
2804 1693 2902 1755 alii
2967 1712 2997 1753 a

423 1796 613 1859 littera
660 1797 1074 1861 inchoassent?
1121 1797 1328 1857 Sciens
1379 1797 1642 1858 Donatus
1696 1798 1828 1875 quia
1883 1804 1940 1856 et
1990 1798 2115 1876 ipsa
2162 1796 2354 1856 littera
2402 1814 2618 1856 nomen
2666 1802 2819 1864 erat,
2865 1793 3000 1853 ideo

369 1919 394 1957 5
422 1899 715 1960 inchoavit
756 1920 785 1960 a
835 1902 1072 1961 nomine
1118 1907 1176 1960 et
1221 1917 1336 1959 non
1384 1919 1414 1959 a
1459 1899 1671 1960 littera.
1764 1899 1891 1969 Quo
1937 1899 2147 1959 modo?
2192 1899 2335 1959 Puta
2385 1901 2434 1959 si
2478 1914 2768 1958 assumam
2814 1914 2999 1956 unum

421 2021 667 2074 nomen,
725 2002 921 2062 divido
968 2001 1111 2062 illud
1159 2020 1266 2081 per
1321 1999 1618 2083 syllabam}
1663 2001 1870 2063 ultima
1915 1999 2135 2080 syllaba
2182 2019 2330 2080 quae
2375 2001 2759 2069 remanserit,
2807 1997 3000 2058 divido

418 2103 576 2165 illam
633 2123 741 2183 per
798 2105 1054 2174 litteras,
1113 2104 1304 2164 littera
1363 2121 1510 2182 quae
1570 2106 1923 2164 remanserit
1986 2103 2166 2163 dividi
2235 2122 2351 2163 non
2417 2110 2614 2183 potest
2670 2108 2730 2162 et
2781 2120 2999 2161 nomen

422 2213 548 2277 est„
619 2204 754 2266 ideo
800 2224 829 2266 a
879 2208 1116 2267 nomine
1158 2206 1453 2266 inchoavit
1509 2211 1566 2265 et
1623 2224 1741 2265 non
1800 2225 1832 2266 a
1891 2205 2104 2267 littera.
2178 2239 2246 2248 -
2308 2204 2579 2266 Nomen
2637 2203 2807 2281 quid
2854 2203 3001 2262 est?

419 2308 597 2369 Pars
664 2304 1032 2368 orationis
1104 2326 1257 2368 cum
1337 2325 1540 2368 casu:
1634 2307 1763 2378 Quo
1830 2306 2005 2367 modo
2072 2305 2210 2386 pars
2276 2309 2562 2367 orationis
2627 2325 2759 2367 cum
2827 2306 3001 2365 casu?

346 2431 395 2468 ιο
424 2410 566 2470 Pars
611 2410 924 2471 locutionis
969 2428 1100 2470 cum
1146 2428 1301 2471 casu.
1393 2410 1521 2481 Quo
1568 2408 1780 2468 modo?
1856 2409 2002 2480 Quia
2061 2411 2325 2489 quamvis
2381 2409 2732 2470 defectivum
2778 2409 2854 2467 sit
2897 2425 3000 2466 no-

420 2530 587 2581 men,
645 2513 772 2572 sine
832 2529 971 2572 casu
1031 2530 1163 2572 esse
1220 2530 1339 2572 non
1395 2519 1609 2591 potest.
1698 2509 1877 2572 habet
1931 2512 2087 2570 enim
2146 2520 2248 2571 aut
2301 2530 2480 2572 unum
2540 2520 2641 2573 aut
2699 2510 2849 2570 duos
2904 2516 3003 2569 aut

419 2611 819 2693 quantoslibet
862 2614 934 2674 de
978 2615 1102 2674 istis
1148 2633 1251 2673 sex
1297 2613 1551 2674 casibus,
1633 2612 1829 2683 Quare
1866 2612 2011 2673 dixit
2056 2616 2229 2692 ‘pars
2273 2615 2557 2674 orationis
2602 2632 2736 2674 cum
2784 2612 3000 2673 casu’?

421 2716 564 2788 Quia
610 2735 760 2797 puer
805 2715 944 2776 inde
990 2714 1429 2794 ambiguitatem
1476 2714 1681 2785 habet,
1742 2734 1813 2775 eo
1860 2713 2017 2793 quod
2064 2718 2404 2795 pronomini
2450 2724 2508 2776 et
2552 2717 2860 2797 participio
2906 2733 3000 2774 ca-

422 2837 521 2879 sus
578 2818 882 2888 accidunt,
940 2819 1091 2879 sicut
1148 2825 1206 2878 et
1260 2820 1503 2879 nomini.
1595 2817 1736 2878 dicit
1791 2819 2107 2898 Pompeius
2160 2823 2180 2853 ‘
2196 2818 2371 2898 plane
2429 2821 2581 2879 scire
2635 2817 2819 2878 debes
2865 2817 3001 2894 quia

353 2941 400 2981 15
427 2920 525 2997 qui
569 2919 819 2998 aliquam
865 2939 992 2981 rem
1039 2919 1245 2980 delinit
1286 2921 1363 2981 ita
1409 2919 1587 2980 debet
1630 2919 1907 2990 definire,
1971 2927 2035 2980 ut
2079 2929 2137 2980 et
2180 2922 2366 3000 ipsam
2412 2940 2539 2982 rem
2586 2921 2894 3000 exprimat,
2944 2925 3003 2978 et

426 3039 456 3079 a
504 3024 719 3083 ceteris
762 3021 941 3083 rebus
986 3023 1279 3100 seiungat‚
1329 3023 1408 3081 ita
1457 3029 1521 3082 ut
1565 3018 1729 3100 prius
1774 3021 1929 3083 dicat
1969 3021 2124 3102 quod
2172 3042 2488 3084 commune
2535 3031 2648 3093 est,
2697 3029 2755 3081 et
2798 3029 3002 3100 postea

425 3122 581 3201 quod
628 3125 936 3204 proprium
984 3130 1075 3184 est
1093 3129 1129 3183 ’.
1222 3130 1280 3184 et
1335 3124 1598 3184 Donatus
1653 3123 1807 3185 hanc
1850 3123 2116 3202 regulam
2161 3143 2401 3186 servans
2443 3127 2611 3206 prius
2654 3123 2802 3182 dixit
2843 3121 2999 3202 quod

424 3242 737 3285 commune
785 3232 904 3295 est,
954 3234 1012 3286 et
1054 3233 1256 3305 postea
1304 3225 1458 3304 quod
1506 3227 1813 3305 proprium
1862 3234 1968 3286 est.
2029 3225 2170 3287 dum
2200 3226 2346 3286 dixit
2390 3228 2561 3288 ‘cum
2594 3229 2791 3295 casu’,
2840 3243 3000 3284 com-

421 3345 658 3388 munem
706 3346 833 3387 rem
889 3328 1063 3398 dixit,
1125 3330 1261 3408 quia
1317 3328 1655 3406 pronomini
1713 3335 1772 3388 et
1825 3328 2136 3407 participio
2182 3347 2349 3388 casus
2392 3328 2697 3398 accidunt,
2746 3329 2900 3388 sicut
2945 3334 3003 3385 et

350 3454 400 3492 ‘20
428 3430 673 3490 nomini.
734 3429 837 3489 sed
885 3437 949 3489 ut
992 3428 1152 3490 illam
1199 3430 1268 3491 ad
1314 3430 1739 3509 proprietatem
1786 3423 2171 3509 perduceret,
2220 3430 2361 3491 dixit
2409 3433 2664 3512 ‘corpus
2696 3437 2796 3491 aut
2826 3431 3001 3497 rem',

425 3550 576 3611 quae
621 3538 851 3590 tantum
896 3530 1072 3591 modo
1117 3533 1344 3592 nomini
1386 3531 1686 3601 accidunt,
1747 3548 1865 3590 non
1925 3530 2052 3592 aliis
2097 3529 2293 3598 rebuS.
2365 3532 2519 3593 unde
2564 3531 2782 3599 Audax,
2829 3530 3002 3590 “defi-

424 3634 569 3693 nitio
616 3630 758 3712 quid
804 3632 1165 3725 est?··oratio
1210 3651 1359 3713 quae
1402 3632 1459 3693 id
1508 3632 1581 3693 de
1613 3650 1728 3710 quo
1775 3634 2081 3712 quaeritur
2126 3641 2330 3714 aperte
2375 3633 2659 3696 describit
2704 3641 2763 3694 et
2807 3631 3001 3693 deter-

425 3736 634 3803 minat,
693 3741 758 3794 ut
812 3742 957 3814 puta
1012 3737 1061 3796 si
1117 3753 1367 3815 quaeras
1423 3755 1455 3796 a
1510 3754 1635 3806 me,
1694 3735 1835 3815 quid
1886 3736 1965 3796 sit
2019 3735 2229 3807 homo,
2288 3735 2692 3817 respondebo,
2752 3732 3002 3795 ‘animal

424 3835 706 3898 rationale
750 3835 1000 3896 mortale
1044 3838 1200 3899 risus
1244 3840 1483 3917 capax’.
1543 3837 1681 3897 dum
1728 3837 1877 3898 dixit
1919 3836 2224 3908 ‘animast
2271 3857 2647 3900 communem
2680 3856 2805 3899 rem
2838 3837 2999 3905 dixit,

345 3964 397 4004 25
424 3942 560 4019 quia
618 3957 791 3999 omne
850 3937 1004 4018 quod
1062 3940 1197 4001 vivit
1253 3947 1311 3999 et
1368 3958 1474 4019 per
1530 3959 1593 4000 se
1652 3946 1923 4000 movetur
1975 3959 2154 4020 super
2210 3947 2431 4002 terram
2489 3940 2701 4002 animal
2756 3941 3001 4000 dicitur:

425 4059 559 4101 nam
606 4039 851 4101 arbores
897 4048 955 4101 et
987 4048 1195 4101 'cetera
1250 4041 1585 4102 inanimalia
1628 4050 1965 4113 moventur,
2023 4043 2126 4104 sed
2174 4062 2293 4104 non
2339 4060 2410 4103 ex
2456 4062 2548 4112 se,
2608 4045 2722 4104 nisi
2766 4061 2797 4102 a
2845 4049 3001 4102 tactu

425 4151 523 4203 aut
567 4141 824 4223 impulsu
870 4141 1182 4202 cuiuslibet
1224 4143 1329 4203 rei.
1407 4144 1547 4205 dum
1594 4143 1738 4203 dixit
1784 4144 2162 4215 ‘rationale’,
2196 4147 2523 4224 segregavit
2549 4144 2621 4205 ab
2652 4143 3002 4205 animalibus

419 4243 639 4316 brutis,
688 4252 746 4306 et
789 4244 902 4305 hoc
948 4243 1121 4315 dixit,
1158 4245 1313 4325 quod
1359 4263 1673 4307 commune
1718 4245 1896 4307 habet
1941 4246 2118 4308 honio
2163 4266 2294 4308 cum
2343 4247 2592 4326 angeliS,
2628 4249 2762 4325 quia
2807 4244 2999 4324 angeli

549 4488 604 4544 R
647 4490 814 4546 editio
861 4489 1124 4545 Romana
1170 4507 1227 4544 α.
1277 4488 1437 4546 1797
1485 4505 1516 4545 e
1562 4492 1759 4547 codice
1803 4489 2072 4547 Palatino
2121 4481 2283 4546 1746
2329 4504 2612 4563 expressa

558 4654 593 4703 6
634 4668 722 4718 per
759 4652 987 4718 syllabas
1021 4681 1091 4694 —
1127 4654 1268 4704 illam
1303 4670 1396 4708 om.
1429 4656 1492 4718 R,
1530 4656 1651 4708 add.
1693 4656 1743 4705 B
1887 4656 1947 4705 ll
1986 4653 2161 4719 habet]
2205 4655 2381 4705 habuit
2413 4657 2460 4706 R
2603 4658 2665 4707 14
2705 4654 2998 4721 Pompeius]

417 4739 470 4786 p.
508 4721 579 4769 90
611 4724 691 4777 ed.
732 4723 886 4778 Lind.
1063 4723 1239 4791 debes]
1290 4725 1439 4775 debet
1475 4725 1520 4775 R
1660 4726 1724 4775 21
1764 4725 1990 4774 definitio
2023 4754 2086 4763 --
2117 4725 2185 4777 23
2219 4728 2354 4776 risus
2388 4742 2551 4792 capax
2587 4743 2658 4776 ex
2685 4727 2912 4776 Audacia
2936 4728 3000 4776 de

420 4801 539 4842 arte
575 4797 902 4857 grammatica
936 4795 1066 4846 libro
1081 4834 1092 4851 .
1148 4798 1232 4860 qui
1267 4803 1342 4846 esc
1377 4798 1426 4847 in
1461 4797 1633 4846 codice
1668 4795 1925 4846 Ber-reensi
1959 4795 2062 4848 336
2108 4804 2157 4846 el
2194 4797 2506 4862 Friainyensi
2537 4798 2638 4847 234
2672 4799 2837 4862 petila
2883 4805 3002 4848 sunt

560 4865 626 4915 24
668 4862 934 4933 rationale]
977 4867 1270 4916 rationabile
1302 4866 1346 4917 R
1488 4866 1554 4918 26
1587 4875 1861 4917 monentur
1898 4866 1946 4917 B
1975 4868 2309 4918 monebuntnr
2343 4868 2389 4919 R
2533 4868 2628 4918 nisi
2660 4868 2842 4919 adactu
2881 4869 2930 4920 B
