3541 5564
1349 356 1821 420 COMMENTVM
2758 354 2876 419 127

2536 477 2579 518 p.
2605 466 2756 506 67—oe
2782 464 2827 504 L.

310 563 426 624 quo
470 545 648 607 modo
690 545 1024 608 invenimus
1068 546 1258 624 ipsum
1305 547 1653 605 accentum?
1729 551 1788 605 et
1841 544 1954 606 hoc
1997 543 2276 605 traditum
2325 551 2430 605 est.
2521 552 2659 605 sunt
2699 543 2878 623 pleri-

308 666 422 726 que
468 649 568 728 qui
611 646 956 710 naturaliter
1002 665 1122 708 non
1167 643 1388 706 habent
1444 654 1643 707 acutas
1698 664 1874 708 aures
1929 646 2000 707 ad
2047 645 2364 724 capiendos
2418 645 2526 706 hos
2581 654 2875 714 accentus,

308 757 368 810 et
409 750 709 811 inducitur
754 748 865 809 hac
909 758 1054 810 arte.
1110 749 1267 827 finge
1311 746 1415 809 tibi
1460 749 1629 827 quasi
1673 767 1878 809 vocem
1917 747 2232 809 clamantis
2276 747 2349 809 ad
2395 748 2570 827 longe
2614 747 2872 826 aliquem

305 853 587 930 positum.
675 860 738 913 ut
796 859 933 930 puta
986 851 1141 928 finge
1186 849 1294 912 tibi
1337 851 1593 927 aliquem
1646 849 1749 911 illo
1804 849 1935 911 loco
1990 856 2194 910 contra
2251 857 2407 910 stare
2463 858 2521 911 et
2576 848 2759 910 clama
2807 847 2877 909 ad

252 968 278 1008 ⁵
302 953 516 1032 ipsum.
618 971 754 1015 cum
815 954 1082 1032 coeperis
1139 950 1420 1025 clamare,
1478 952 1761 1014 naturalis
1817 954 1968 1014 ratio
2025 952 2205 1030 exigit
2259 958 2325 1011 ut
2379 969 2555 1012 unam
2599 950 2878 1032 syllabam

300 1053 433 1133 plus
480 1054 639 1116 dicas
683 1076 716 1118 a
760 1053 1007 1140 reliquis
1050 1053 1208 1115 illius
1253 1050 1447 1121 verbi;
1505 1061 1568 1113 et
1619 1072 1795 1132 quam
1857 1053 2074 1114 videris
2127 1052 2262 1132 plus
2314 1071 2524 1114 sonare
2569 1073 2600 1114 a
2644 1055 2877 1123 ceteris,

301 1158 428 1235 ipsa
477 1155 659 1218 babet
701 1165 1028 1219 accentum.
1118 1162 1184 1215 ut
1226 1162 1363 1233 puta
1405 1154 1456 1214 si
1503 1153 1663 1215 dicas
1705 1163 1932 1229 orator,
1982 1173 2132 1236 quae
2177 1153 2311 1234 plus
2355 1157 2558 1216 sonat?
2614 1173 2706 1224 ra,
2752 1157 2878 1234 ipsa

300 1256 484 1319 habet
527 1266 854 1320 accentum.
943 1258 1228 1337 optimuS,
1288 1273 1437 1333 quae
1490 1255 1625 1334 plus
1671 1258 1878 1319 sonat?
1949 1257 2047 1319 illa
2104 1275 2256 1336 quae
2299 1258 2464 1335 prior
2510 1265 2616 1318 est.
2708 1275 2879 1317 num-

299 1359 441 1439 quid
489 1363 575 1421 sic
620 1353 792 1422 sonat
835 1362 881 1421 ti
926 1369 985 1420 et
1027 1377 1192 1429 mus,
1252 1376 1428 1438 quem
1474 1357 1837 1420 admodum
1883 1360 1994 1438 op?
2052 1376 2194 1437 crgo
2252 1377 2497 1420 necesse
2542 1365 2630 1419 est
2672 1365 2739 1419 ut
2780 1357 2881 1419 illa

228 1480 275 1519 10
299 1460 526 1542 syllaba
572 1461 787 1526 babeat
832 1468 1166 1532 accentum,
1225 1478 1379 1540 quae
1435 1460 1571 1539 plus
1623 1472 1795 1522 sonat
1851 1479 1882 1521 a
1938 1460 2214 1540 reliquis,
2271 1461 2503 1540 quando
2560 1441 2917 1521 clamorem¹

301 1565 595 1643 fingimus,
714 1563 726 1619 l

471 1654 604 1728 Dixi
648 1666 794 1728 duos
840 1684 971 1727 esse
1026 1673 1304 1727 accentus
1348 1665 1504 1744 apud
1551 1665 1820 1735 Latinos,
1880 1673 2112 1726 acutum
2172 1674 2230 1727 et
2285 1664 2744 1727 circumflexum.
2821 1672 2878 1725 et

298 1786 544 1830 necesse
590 1777 678 1830 est
722 1775 787 1830 ut
827 1768 890 1828 in
934 1785 1051 1828 uno
1097 1786 1333 1847 quoque
1377 1766 1557 1829 verbo
1604 1775 1703 1829 aut
1748 1775 1955 1829 acutus
1998 1770 2075 1829 sit
2118 1775 2220 1829 aut
2260 1766 2692 1829 circumflexus,
2741 1784 2874 1844 gra-

294 1872 383 1931 vis
429 1888 573 1930 vero
616 1871 710 1931 vel
755 1889 892 1933 cum
937 1877 1106 1931 acuto
1150 1867 1241 1929 vel
1289 1887 1420 1931 cum
1468 1870 1851 1931 circumflexo
1895 1872 2166 1949 ponitur:
2222 1873 2283 1931 in
2330 1869 2574 1949 reliquis
2619 1868 2874 1950 syllabiS,

224 1972 399 2033 isubi
449 1991 573 2033 non
602 1972 783 2033 fuerit
828 1970 926 2032 ille
974 1972 1061 2033 vel
1106 1970 1222 2041 ille,
1270 1971 1352 2034 ibi
1397 1973 1589 2048 gravis
1634 1974 1762 2033 erit.
1826 1973 1942 2032 iam
1986 1970 2164 2032 modo
2194 1971 2514 2040 videamus,
2555 1989 2669 2050 quo
2700 1971 2876 2031 modo
2900 1987 3018 2049 426,
3045 1989 3110 2036 20

296 2081 704 2154 conputantur
748 2081 1043 2136 accentus,
1109 2091 1139 2133 a
1186 2074 1331 2139 fine,
1384 2092 1502 2135 non
1549 2071 1621 2134 ab
1666 2075 1854 2134 initio.
1915 2081 1982 2133 ut
2023 2082 2163 2153 puta
2208 2074 2670 2142 indoctissimus»,
2704 2075 2875 2152 quin-

295 2194 409 2254 que
460 2183 628 2238 sunt:
676 2194 794 2237 non
850 2176 1064 2254 incipis
1119 2182 1477 2255 conputare,
1535 2183 1734 2237 utrum
1789 2176 1953 2255 prior
2006 2174 2225 2255 syllaba
2279 2174 2493 2237 habeat
2546 2181 2874 2243 accentum,

296 2277 353 2337 id
401 2284 499 2338 est
542 2273 639 2348 in,¹
677 2278 818 2339 inde
862 2279 911 2338 si
957 2276 1069 2337 doc
1112 2276 1326 2339 habeat
1370 2286 1711 2348 accentum,
1756 2277 1897 2339 inde
1941 2262 2033 2347 tis,
2080 2277 2219 2338 inde
2263 2279 2331 2346 si,
2379 2275 2518 2337 inde
2546 2295 2700 2337 mus..
2759 2294 2879 2336 non

293 2387 471 2458 potes
515 2381 595 2440 ita
642 2380 715 2441 ab
757 2382 927 2441 initio
973 2387 1329 2459 conputare,
1377 2379 1482 2440 sed
1526 2397 1557 2440 a
1603 2380 1720 2441 fine
1766 2397 2015 2458 quaere,
2065 2380 2115 2439 si
2159 2377 2351 2439 finalis
2378 2377 2609 2440 habeat.
2656 2380 2705 2439 si
2734 2378 2878 2438 fina-

220 2480 370 2543 solis
417 2500 542 2543 non
589 2481 891 2552 habuerit,
938 2480 1296 2562 paenultima
1343 2479 1551 2550 habet;
1609 2483 1658 2542 si
1717 2480 2074 2561 paenultima
2117 2499 2237 2541 non
2282 2479 2582 2551 habuerit,
2629 2482 2798 2541 tertia
2846 2500 2878 2541 a

294 2584 411 2644 fine
460 2582 658 2644 habet.
751 2591 810 2645 et
852 2584 966 2645 hoc
1010 2583 1143 2664 plus
1189 2602 1306 2644 non
1354 2582 1618 2645 ascendit
1660 2592 1973 2653 accentus,
2031 2582 2134 2643 sed
2191 2591 2290 2643 aut
2331 2585 2392 2643 in
2437 2582 2597 2644 finali
2643 2590 2733 2644 est
2778 2590 2877 2643 aut

296 2687 354 2747 in
403 2685 775 2765 paenultima
809 2694 908 2747 aut
936 2688 997 2747 in
1028 2687 1201 2747 tertia
1233 2704 1264 2745 a
1295 2686 1433 2746 fine.
1481 2688 1544 2746 in
1574 2687 1702 2746 istis
1730 2685 1922 2747 tribus
1953 2704 1984 2746 a
2015 2686 2131 2746 fine
2163 2692 2560 2763 conputantur
2582 2692 2878 2745 accentus,

296 2789 365 2850 ad
399 2796 675 2869 quartam
721 2787 1004 2869 syllabam
1034 2788 1126 2849 vel
1158 2788 1228 2848 ad
1262 2790 1522 2869 quintam
1557 2807 1676 2850 non
1711 2786 1977 2849 ascendit
2006 2795 2286 2850 accentus
2318 2807 2427 2849 nec
2459 2787 2612 2867 apud
2643 2787 2881 2848 Latinos

295 2910 405 2952 nec
433 2890 597 2969 apud
622 2891 897 2961 GraecoS,
930 2891 1035 2951 sed
1059 2897 1281 2952 tantum
1307 2891 1482 2952 modo
1513 2898 1637 2952 tres
1669 2897 1808 2952 sunt
1840 2889 2096 2970 syllabae
2127 2908 2277 2969 quae
2304 2888 2524 2951 habent
2547 2897 2876 2951 accentum.

220 2992 305 3072 ²⁵l
352 2992 496 3054 ideo
541 2998 789 3072 propter
833 2991 987 3053 hanc
1017 3011 1253 3054 causam
1289 2991 1417 3054 vide
1449 3010 1622 3071 quam
1655 2992 1869 3054 bonam
1903 2992 2248 3054 brevitatem
2287 2994 2640 3053 invenerunt
2669 2991 2874 3054 Latini.

295 3101 418 3156 tres
465 3094 727 3156 diximus
772 3113 804 3154 a
859 3095 975 3155 fine
1040 3092 1260 3156 babere
1316 3102 1623 3156 accentus:
1685 3113 1828 3173 ergo
1874 3102 1995 3156 tres
2041 3094 2282 3173 regulae
2328 3102 2532 3163 erunt;
2592 3112 2707 3155 una
2765 3096 2878 3155 erit

295 3196 505 3275 regula
554 3196 629 3257 de
671 3196 911 3265 ultima,
961 3214 1074 3256 una
1118 3196 1192 3258 de
1234 3198 1610 3275 paenultima,
1659 3215 1774 3258 uua
1821 3196 1895 3258 de
1941 3199 2112 3259 tertia
2156 3216 2187 3257 a
2219 3198 2353 3258 fine.
2404 3197 2509 3258 sed
2540 3197 2678 3275 quid
2708 3198 2758 3257 si
2804 3195 2877 3257 dc

296 3306 587 3377 quattuor
616 3297 854 3378 syllabis
889 3297 1184 3359 constabit
1212 3317 1447 3371 nomen,
1481 3299 1619 3378 quid
1652 3302 1702 3361 si
1733 3299 1807 3360 de
1837 3300 2113 3378 quinque,
2147 3298 2287 3376 quid
2320 3301 2369 3360 si
2396 3298 2469 3359 de
2505 3318 2627 3369 sex,
2656 3298 2794 3378 quid
2827 3299 2877 3358 si

297 3400 371 3462 de
407 3408 663 3481 septem,
697 3399 840 3480 quid
870 3402 920 3461 si
952 3399 1024 3460 de
1056 3402 1227 3461 octo?
1260 3403 1375 3462 iam
1406 3402 1611 3492 Q
1644 3403 1793 3462 ratio
1825 3408 1928 3463 est.
1992 3420 2104 3482 qua
2133 3402 2399 3462 ratione?
2429 3420 2565 3461 nam
2599 3402 2875 3478 quoniam

222 3510 591 3564 waccentus
632 3520 754 3563 non
799 3501 1065 3564 ascendit
1107 3502 1258 3565 ultra
1301 3510 1425 3564 tres
1465 3503 1743 3584 syllabas,
1805 3503 1941 3581 quid
1999 3521 2146 3583 opus
2190 3510 2280 3564 est
2322 3512 2387 3563 ut
2431 3521 2678 3581 quaeras
2721 3500 2875 3562 aliud

297 3608 358 3665 in
404 3607 538 3666 istis
582 3603 820 3683 syllabis
864 3603 1165 3684 pluribus,
1215 3611 1316 3667 aut
1357 3607 1418 3666 in
1464 3615 1670 3686 quarta
1716 3613 1818 3668 aut
1860 3607 1922 3666 in
1969 3606 2200 3683 quinta,
2248 3623 2381 3666 cum
2429 3605 2500 3665 ad
2545 3604 2674 3666 illas
2704 3622 2877 3683 supe-

297 3708 494 3768 riores
540 3714 818 3767 accentus
861 3726 981 3769 non
1026 3706 1341 3769 ascendat?
1389 3726 1531 3787 ergo
1578 3707 1793 3805 Q
1831 3709 1945 3768 erit
1989 3708 2137 3769 ratio
2167 3706 2374 3797 inxillis
2403 3707 2691 3787 pluribuS,
2725 3724 2876 3785 quae

295 3811 356 3871 in
404 3808 601 3871 tribus
643 3807 910 3887 syllabis,
957 3811 1081 3889 ipsa
1125 3812 1187 3870 in
1232 3828 1333 3870 sex
1378 3808 1645 3889 syllabis,
1703 3812 1835 3889 ipsa
1879 3812 2052 3871 etiam
2099 3811 2158 3870 in
2205 3816 2356 3871 octo.
2420 3827 2560 3888 ergo
2605 3811 2691 3870 sic
2735 3827 2874 3868 con-

298 3920 586 3991 putantur
629 3917 906 3972 accentus
949 3891 1171 3981 mim
1218 3913 1345 3991 ipse
1389 3920 1582 3974 autem
1628 3896 1908 3974 acfflffi'lus
1950 3920 2072 3973 tres
2116 3910 2295 3973 habet
2337 3910 2528 3984 locos3
2586 3909 2874 3979 ultimum,

226 4012 766 4093 aspaenultimum,
815 4012 1393 4092 antepaenultimum.
1487 4015 1591 4076 sed
1638 4015 1796 4095 apud
1841 4015 2098 4076 Graecos
2139 4013 2358 4094 ubique
2400 4016 2696 4075 invenitur
2740 4031 2875 4073 acu-

299 4124 394 4176 tus
440 4122 755 4184 accentus,
804 4122 866 4174 et
907 4116 967 4175 in
1013 4113 1214 4178 ultima
1262 4123 1320 4177 et
1362 4118 1422 4177 in
1467 4116 1832 4196 paenultima
1863 4125 1922 4178 et
1949 4119 2009 4178 in
2042 4115 2556 4195 antepaenultima.
2619 4118 2873 4177 circum-

299 4216 489 4277 flexus
533 4216 687 4297 apud
735 4217 993 4279 Graecos
1039 4217 1188 4279 duos
1230 4217 1412 4280 habet
1467 4219 1654 4295 locoS,
1716 4220 1987 4285 ultimum
2043 4227 2103 4280 et
2143 4218 2571 4298 paenultimum
2614 4225 2872 4286 tantum;

301 4319 369 4380 ad
416 4321 660 4382 tertium
706 4318 903 4381 locum
952 4337 1270 4399 numquam
1331 4321 1612 4383 ascendit.
1678 4328 1798 4385 tres
1852 4329 1987 4384 sunt
2034 4338 2173 4399 ergo
2229 4320 2343 4382 loci
2401 4324 2556 4383 acuti
2601 4328 2875 4382 accentus

298 4420 451 4500 apud
501 4423 790 4492 Graecos,
838 4421 1109 4492 ultimus,
1155 4422 1577 4502 paenultimus,
1626 4425 2177 4505 antepaenultimuS,
2226 4431 2285 4486 et
2330 4424 2444 4485 duo
2476 4423 2590 4485 loci
2620 4425 2873 4483 circum-

436 4659 472 4711 3
511 4660 576 4709 ad
621 4660 774 4727 longe
812 4658 879 4710 a*
924 4676 955 4709 a
992 4661 1143 4729 longe
1189 4660 1355 4712 ABG
1524 4663 1557 4712 6
1602 4670 1653 4711 et
1685 4678 1833 4726 quam
1875 4662 1983 4713 BC
2014 4678 2163 4726 quam
2206 4664 2296 4712 Ac
2465 4665 2494 4711 7
2531 4677 2586 4711 ra
2625 4662 2707 4711 Ca
2738 4678 2768 4711 a
2804 4660 2871 4727 B,

298 4743 388 4782 om.
430 4730 483 4777 A
624 4732 658 4780 8
704 4731 791 4780 illa
834 4746 962 4793 qnae
1007 4735 1146 4796 prior
1182 4733 1327 4782 BCa
1380 4730 1465 4780 ina
1499 4733 1637 4797 prior
1675 4735 1724 4781 A
1869 4733 1932 4783 18
1969 4747 2065 4782 non
2104 4741 2269 4799 potest
2305 4734 2468 4784 ABG
2603 4731 2670 4783 20
2708 4748 2739 4782 a
2774 4732 2873 4783 flue

299 4797 485 4847 habeat
517 4800 681 4850 ABG
818 4801 883 4849 22
918 4802 1270 4866 paeneultimis
1303 4801 1464 4851 ABG
1602 4810 1936 4868 conputantur
1961 4802 2043 4852 Ga
2074 4811 2375 4868 conputatur
2410 4804 2518 4853 AB
2656 4803 2722 4853 25
2759 4804 2874 4853 ideo

300 4878 505 4934 propter
553 4870 687 4919 hanc
722 4884 927 4920 causam
962 4872 1103 4921 lma
1149 4873 1263 4921 ideo
1311 4887 1440 4920 nuuc
1478 4886 1683 4921 cansam
1724 4872 1773 4919 A
1913 4872 1982 4922 28
2015 4876 2322 4923 coustauerit
2357 4875 2471 4923 AB
2509 4874 2786 4924 constiterit
2824 4874 2875 4924 B
