3541 5564
1065 398 1463 460 EXCERPTA
1511 399 1910 460 BOBIENSIA
1956 396 2228 461 35—38
2813 397 2940 461 649

2557 519 2599 560 p.
2629 509 2806 550 167-70
2836 507 2890 548 v.

357 600 490 645 cum
537 604 647 645 nec
691 590 863 647 nator
908 604 1019 645 nec
1064 586 1332 647 ambulor
1378 587 1496 648 dici
1545 590 1754 667 possit.
1831 590 1973 648 item
2019 587 2124 648 ‘ad
2173 587 2546 648 salutandum
2596 590 2702 647 eo'
2749 590 2940 668 parti-

355 689 576 766 cipium
634 706 763 748 esse
822 690 936 749 iam
1002 689 1248 758 desinit,
1307 691 1422 750 nisi
1483 689 1779 750 adieceris
1833 688 1922 749 vel
1982 690 2281 750 hominem
2324 688 2418 748 vel
2462 691 2739 750 amicum.
2830 689 2939 750 hac

355 791 512 849 enim
559 789 892 857 adiectione
939 792 1321 869 participium
1369 789 1690 860 obtinebit,
1740 793 1843 852 sed
1876 799 2016 852 tunc
2048 811 2181 852 cum
2215 809 2286 852 ex
2318 791 2501 851 verbo
2547 802 2636 853 est
2681 791 2939 852 habente

354 898 414 950 et
473 895 769 971 passivam
814 893 1305 961 declinationem,
1364 901 1430 953 ut
1474 894 1547 953 ad
1593 893 1944 963 videndum,
2007 894 2079 953 ad
2125 894 2527 964 salutandum;
2587 893 2695 953 “ad
2743 894 2940 954 decla-

289 1002 326 1043 ‘5
353 994 667 1054 mandum’
728 1014 867 1055 vero
912 1013 1044 1055 cum
1093 994 1256 1065 dico,
1318 1013 1432 1055 non
1495 1012 1732 1073 possum
1779 996 1980 1056 dicere
2028 996 2226 1065 illum,
2283 998 2420 1075 quia
2468 996 2763 1056 declamor
2808 997 2939 1056 lati-

353 1114 493 1155 num
541 1115 658 1157 non
706 1106 813 1157 est.
905 1096 1160 1175 denique
1208 1115 1342 1157 cum
1389 1096 1537 1156 dicit
1581 1100 1716 1176 quis
1761 1099 1855 1158 ‘eo
1902 1099 1974 1158 ad
2022 1098 2394 1158 salutandum
2442 1098 2530 1157 vel
2577 1098 2648 1157 ad
2695 1097 2938 1159 audien-

354 1196 493 1257 dum
540 1198 630 1257 vel
678 1198 749 1258 ad
796 1197 1112 1258 videndum
1159 1198 1253 1259 vel
1300 1196 1307 1279 1
1357 1200 1431 1259 ad
1477 1200 1860 1260 osculandum
1882 1204 1919 1268 ’,
1964 1203 2103 1279 quia
2147 1207 2342 1279 potest
2387 1198 2520 1259 addi
2568 1206 2628 1259 et
2670 1199 2834 1259 illum
2882 1208 2940 1258 et

355 1299 428 1360 ab
476 1301 610 1371 illo,
659 1303 709 1362 si
759 1300 907 1361 nihil
965 1300 1244 1368 addatur,
1306 1302 1600 1362 incertum
1660 1300 2051 1380 relinquitur,
2112 1311 2310 1363 utrum
2357 1303 2662 1377 activasan
2708 1303 2939 1378 passiva

354 1404 788 1478 significatione
834 1402 1127 1481 prolatum
1176 1405 1286 1472 sit;
1333 1406 1383 1463 si
1432 1423 1570 1463 vero
1615 1405 1824 1464 dixero
1873 1403 1978 1464 ‘ad
2027 1391 2441 1483 loquendum’,
2490 1403 2600 1462 hoc
2645 1404 2938 1479 significo,

280 1514 329 1552 10
357 1513 421 1563 ut
466 1504 537 1563 de
587 1504 699 1564 alio
745 1502 976 1583 loquar,
1026 1522 1141 1564 non
1189 1507 1365 1565 etiam
1415 1514 1477 1566 ut
1523 1507 1675 1566 alius
1719 1506 1791 1565 de
1840 1524 1931 1564 me
1976 1505 2270 1584 loquatur,
2318 1508 2455 1585 quia
2502 1505 2715 1583 loquor
2760 1505 2940 1583 depo-

353 1622 502 1665 nens
567 1614 683 1673 est,
754 1624 869 1665 non
936 1623 1267 1665 commune.
1360 1608 1497 1667 inde
1564 1615 1654 1667 est
1723 1608 2067 1686 ‘uritque
2124 1608 2440 1668 videndo
2510 1608 2821 1667 semina’
2881 1615 2942 1666 et

352 1709 587 1786 ‘picis
632 1710 703 1768 in
750 1726 1018 1768 morem
1052 1708 1138 1768 ad
1180 1707 1462 1785 digitos
1506 1710 1868 1770 lentescit
1913 1709 2287 1769 habendo'
2333 1717 2391 1769 et
2436 1707 2942 1770 ‘verberando

354 1811 658 1879 necati’,
705 1813 844 1889 quia
889 1816 950 1868 et
995 1808 1198 1868 videor
1244 1817 1305 1869 et
1350 1810 1573 1889 habeor
1618 1820 1678 1870 et
1723 1810 2009 1871 verberor
2056 1830 2170 1871 non
2221 1811 2608 1890 deponentia,
2655 1809 2757 1869 sed
2804 1829 2937 1889 pas-

352 1912 476 1972 siva
524 1921 679 1972 sunt.
769 1915 910 1974 item
958 1916 1115 1974 inter
1159 1913 1546 1994 loquendum,
1606 1916 1761 1973 iuter
1818 1913 2110 1991 agendum
2169 1912 2255 1971 vel
2319 1914 2389 1973 de
2451 1912 2808 1991 inperando,
2868 1912 2938 1969 dc

276 2024 324 2063 15
351 2013 581 2073 edendo
628 2014 804 2075 verba
853 2018 1193 2095 usurpativa
1240 2016 1536 2076 dixerunt.
1607 2016 1713 2075 sed
1759 2024 1818 2075 et
1865 2015 1994 2084 illa,

648 2134 780 2176 nec
829 2119 990 2178 visu
1036 2118 1315 2186 sariliS,
1365 2136 1494 2177 nec
1540 2117 1750 2177 dictu
1799 2116 2149 2176 effabilis
2193 2115 2361 2186 ulli,

352 2217 532 2278 verba
589 2225 728 2278 sunt
784 2218 854 2278 ad
914 2220 1159 2280 eandem
1226 2221 1478 2279 formam
1545 2221 1940 2298 pertinentia,
2011 2236 2160 2297 quae
2228 2218 2506 2277 latinitati
2562 2232 2679 2277 non
2751 2217 2938 2278 solum

354 2328 615 2397 praestat
671 2330 974 2391 ornatum,
1034 2321 1136 2380 sed
1180 2329 1244 2381 ,et
1287 2321 1431 2381 illud
1486 2340 1747 2399 quoque,
1798 2327 1863 2379 ut
1906 2319 2130 2399 aliquid
2175 2319 2397 2379 habere
2444 2318 2735 2387 videatur,
2782 2320 2936 2398 quod

358 2421 571 2482 Graeci
620 2424 749 2482 iure
797 2424 1170 2491 desiderent,
1220 2425 1487 2502 quamvis
1533 2430 1592 2481 et
1635 2424 1749 2501 ipsi
1800 2429 2032 2501 partem
2076 2440 2280 2482 eorum
2326 2422 2614 2501 aliquam,
2662 2422 2801 2481 licet
2845 2423 2936 2482 in-

273 2536 326 2573 20
353 2531 446 2582 ter
513 2524 790 2584 adverbia
861 2527 1150 2605 positam,
1235 2524 1458 2584 habere
1526 2528 1721 2585 tamen
1803 2525 2248 2593 existimentur,
2329 2531 2395 2583 ut
2459 2532 2550 2583 est
2625 2519 2940 2603 ποιητέον

351 2621 693 2703 γραπτέον
738 2621 1045 2688 λεκτέονε
1094 2627 1238 2687 llaec
1286 2628 1443 2686 enim
1494 2626 1610 2686 illis
1653 2626 1870 2687 similia
1917 2633 2088 2694 sunt,
2137 2629 2294 2685 ‘aut
2339 2644 2586 2704 pacem
2619 2626 2938 2686 Troiano

353 2747 383 2786 a
431 2746 610 2807 rege
656 2730 1114 2809 petendum'.
1177 2736 1317 2790 sunt
1362 2736 1557 2790 autem
1604 2731 1881 2790 universa
1929 2729 2002 2799 V,
2051 2728 2284 2789 amandi
2330 2728 2580 2788 amando
2626 2727 2936 2789 amandum

353 2839 611 2891 amatum
657 2840 892 2903 amatu,
952 2832 1230 2892 monendi
1276 2831 1570 2892 monendo
1615 2830 1973 2891 monendum
2019 2833 2308 2891 monitum
2353 2833 2610 2898 monitu,
2658 2831 2934 2890 audiendi

353 2931 651 2993 audiendo
709 2934 1065 2994 audiendum
1123 2933 1387 2994 auditum
1444 2934 1691 3002 auditu,
1742 2934 1976 3009 legendi
2037 2932 2288 3009 legendo
2344 2932 2657 3008 legendum
2718 2932 2931 2992 lectum

275 3043 326 3083 ²⁵
353 3031 529 3093 lectu.
583 3029 588 3106 Ι

1233 3203 1327 3249 DE
1372 3203 1629 3250 FORMIS
1675 3202 2055 3250 VERBORVM

521 3305 772 3367 Formae
821 3305 1137 3366 verborum
1183 3309 1305 3366 sive
1352 3310 1583 3386 speeies
1628 3315 1766 3365 sunt
1809 3308 1910 3377 IV,
1956 3306 2174 3387 quibus
2218 3325 2288 3365 ex
2335 3305 2515 3366 rebus
2559 3325 2703 3385 quas
2746 3307 2927 3383 signi·
2957 3321 3076 3384 625,
3103 3321 3171 3369 24

354 3407 531 3468 licant
576 3408 759 3469 indita
804 3406 1087 3468 vocabula
1134 3416 1288 3467 sunt.
1352 3427 1488 3467 nam
1534 3410 1728 3486 prima
1770 3409 1994 3467 dieitur
2023 3407 2394 3475 meditativa,
2443 3425 2593 3484 quae
2639 3408 2935 3483 significat

350 3509 796 3570 meditationem
844 3512 974 3570 eius
1018 3511 1105 3569 rei
1152 3528 1301 3589 quae
1348 3511 1617 3569 imminet
1663 3516 1721 3567 et
1764 3510 1934 3568 cuius
1979 3516 2251 3586 speratur
2296 3508 2574 3576 effectus,
2622 3515 2688 3567 ut
2731 3517 2931 3587 partu-

274 3627 325 3664 30
352 3613 475 3681 rio,
524 3611 677 3691 quod
727 3621 818 3673 est
860 3630 1073 3691 parere
1120 3611 1402 3680 meditor,
1451 3613 1651 3670 esurio
1697 3629 1828 3671 esse
1875 3610 2160 3680 meditor;
2208 3612 2293 3670 sic
2341 3611 2632 3670 amaturio
2679 3610 2932 3671 lecturio

352 3720 411 3772 et
455 3711 687 3773 similia.
777 3713 1033 3775 secunda
1091 3714 1454 3782 inchoativa,
1512 3732 1662 3791 quae
1723 3711 1945 3791 aliquid
2009 3713 2138 3772 lieri
2186 3714 2301 3772 iam
2348 3714 2615 3789 coepisse
2661 3718 2928 3781 testatur,

485 3935 518 3982 8
542 3935 756 3984 addatur
779 3935 827 3982 in
855 3935 1096 3983 incertum
1119 3934 1168 3984 B
1262 3935 1318 3983 11
1349 3935 1542 3995 utrique
1562 3933 1640 3983 B:
1675 3934 2024 3997 Ver9.9eor9.
2051 3933 2113 3982 lll
2140 3933 2240 3981 215
2332 3933 2391 3980 12
2418 3929 2563 3996 picis]
2586 3932 2928 3996 Very.9eor9.

353 4003 520 4052 11250
592 4004 652 4051 16
679 3999 790 4068 nec]
817 4004 968 4066 Ver-9.
993 4004 1121 4053 Aen.
1146 4003 1208 4051 111
1233 4004 1329 4052 621
1404 4003 1467 4052 18
1492 4011 1751 4066 praestant
1769 4000 1820 4048 B
1887 4003 1952 4049 20
1975 4015 2247 4066 ποιηαιον
2267 3999 2316 4048 Β
2385 4001 2446 4048 21
2475 3998 2580 4065 aut]
2615 4000 2769 4063 Ver-9.
2793 4003 2926 4052 Aen.

349 4070 420 4119 Xl
447 4073 547 4120 230
637 4073 703 4120 22
727 4080 871 4134 agete
899 4071 1064 4130 (corr.
1090 4086 1119 4118 a
1144 4070 1289 4134 rege)
1317 4071 1603 4134 pedendum
1630 4068 1679 4118 B
1770 4070 1837 4118 25
1860 4069 2010 4121 lectu.
2050 4069 2324 4117 declinatio
2345 4069 2756 4134 inpersonalium.
2795 4083 2926 4131 quae

349 4139 399 4186 in
436 4149 516 4186 tur
550 4149 738 4187 exeunt
771 4154 860 4204 per
893 4139 1119 4202 singulas
1153 4139 1537 4203 coniugationes
1570 4137 1635 4187 ad
1670 4137 2046 4186 similitudinem
2083 4137 2405 4201 passiuorum
2440 4151 2500 4184 ex
2539 4137 2683 4184 tertia
2707 4151 2926 4201 persona

350 4206 631 4270 figurantur
662 4215 973 4268 curruntque
1008 4223 1099 4272 per
1134 4220 1309 4256 omnes
1348 4207 1528 4255 modos
1563 4217 1892 4270 temporaque
1925 4205 2274 4267 unusquisque
2311 4218 2480 4252 eorum
2524 4205 2726 4268 recepit.
2775 4205 2925 4253 modo

352 4274 633 4323 indicatiuo
671 4286 868 4323 amatur
900 4301 982 4322 —-.
1017 4275 1169 4323 modo
1205 4274 1400 4323 infinito
1436 4275 1612 4322 eadem
1658 4283 1802 4322 erunt
1835 4273 2175 4337 inpersonalia
2209 4287 2297 4336 per
2331 4287 2504 4320 omnes
2546 4273 2926 4336 coniugationes

353 4356 483 4404 quae
508 4341 704 4391 infinita
729 4343 956 4407 passiua.
1004 4344 1093 4391 sed
1120 4343 1242 4392 haec
1270 4345 1361 4390 erit
1386 4341 1641 4391 discretio.
1693 4343 1733 4390 si
1761 4341 1936 4390 dixero
1963 4340 2061 4404 legi
2086 4341 2387 4404 ciceronem,
2417 4339 2512 4403 legi
2536 4340 2821 4403 salustium,
2849 4342 2925 4388 in-

352 4409 478 4458 finiti
505 4419 605 4466 est:
643 4412 684 4459 si
715 4425 834 4460 uero
873 4410 967 4474 legi
1003 4420 1193 4459 tantum
1222 4411 1392 4464 modo,
1420 4410 1739 4473 inpersonale
1765 4417 1859 4461 est.
1885 4424 1983 4457 non
2013 4409 2144 4457 enim
2171 4408 2304 4456 hunc
2329 4416 2415 4456 aut
2440 4408 2574 4455 illum
2604 4407 2924 4472 intellegitur,

355 4478 444 4526 sed
473 4478 587 4543 ipsa
611 4479 997 4542 qualiscumque
1023 4479 1169 4527 lectio
1196 4479 1588 4528 demonstratur.
1613 4477 1769 4526 amari
1790 4504 1854 4513 —
1875 4478 2054 4525 lectum
2073 4477 2148 4528 iri.
2175 4490 2303 4538 quae
2326 4477 2377 4524 in
2404 4486 2453 4524 et
2477 4485 2664 4524 exeunt
2686 4476 2921 4539 quoniam

355 4559 419 4593 ex
452 4560 507 4594 se
542 4561 639 4595 non
676 4562 947 4610 numquam
985 4547 1213 4595 oriuntur
1251 4561 1347 4595 non
1384 4546 1666 4594 reserentur
1698 4545 1762 4594 ad
1796 4546 2203 4609 coniugationes,
2241 4553 2294 4592 ut
2318 4554 2393 4608 est
2418 4544 2582 4592 taedet
2607 4543 2761 4608 pudet
2783 4544 2924 4608 piget

355 4613 578 4677 poenitet
602 4615 805 4664 miseret
831 4625 1047 4680 oportet,
1078 4615 1170 4663 nisi
1199 4615 1330 4677 quod
1360 4624 1526 4679 potest
1551 4613 1828 4663 similitudo
1856 4614 2100 4675 quaedam
2132 4613 2180 4661 in
2209 4611 2286 4661 his
2313 4626 2424 4660 esse
2449 4611 2813 4673 coniugationis
2838 4626 2922 4659 se-

354 4680 573 4745 cundae,
601 4695 843 4744 quantum
868 4684 933 4732 ad
960 4684 1154 4732 tertiam
1182 4697 1448 4748 personam
1477 4683 1654 4730 attinet
1678 4682 2004 4746 singularem.
2029 4681 2178 4730 modo
2204 4678 2476 4728 indicatiuo
2501 4679 2804 4742 poenitet—
2822 4686 2924 4727 tae·

353 4748 511 4799 debit.
563 4751 627 4798 ad
653 4752 1032 4800 similitudinem
1058 4752 1376 4817 superiorum
1403 4758 1450 4799 et
1471 4751 1668 4810 reliqua
1693 4749 2078 4799 declinabantur
2095 4764 2188 4814 per
2205 4762 2382 4797 omnes
2401 4747 2580 4796 modos
2606 4755 2655 4794 et
2678 4757 2921 4812 tempora.

358 4814 432 4865 De
467 4814 641 4867 formis
678 4819 743 4868 B.
790 4821 1153 4870 declinationes
1196 4819 1459 4870 verborum
1501 4819 1892 4881 inpersonalt'um
1938 4827 2130 4866 amatur
2166 4817 2372 4865 docetur
2413 4813 2614 4864 auditur
2649 4813 2829 4878 legitur
2870 4822 2923 4864 et

348 4884 572 4949 poenitet
607 4887 762 4950 pudet
796 4888 933 4952 piget
968 4887 1081 4936 licet
1116 4889 1262 4937 omisi
1379 4890 1444 4937 30
1469 4886 1709 4953 parireB

452 4972 802 5019 GRAMMAncl
830 4976 1011 5017 ιΑτιΝι
1040 4976 1097 5021 v.
2164 5018 2171 5025 .
2431 4963 2514 5027 42
