3541 5564
1086 366 1483 428 EXCERPTA
1533 367 1933 429 BOBlENSlA
1982 364 2154 428 38-
2169 365 2248 428 41
2846 365 2973 430 '651

2605 488 2649 529 p.
2679 475 2767 515 178.
2797 476 2844 514 73
2876 474 2927 513 ν.

394 550 488 610 bis
530 550 662 612 aliis
707 552 998 621 derivata,
1048 553 1189 613 licet
1233 556 1294 614 in
1340 573 1442 615 sco
1487 556 1900 624 terminentur,
1948 555 2282 616 inchoativa
2327 574 2443 616 non
2490 561 2656 623 sunt,
2705 562 2769 614 ut
2814 554 2978 614 disco

393 671 598 715 cresco
643 673 906 716 senesco.
986 656 1322 734 perfectum
1364 664 1597 736 tempus
1643 658 1783 718 huic
1827 659 2055 718 formae
2101 660 2343 718 evenire
2388 676 2505 718 non
2551 659 2761 735 potuit.
2838 655 2978 735 quid

392 759 550 817 enim
610 757 786 817 simul
844 764 904 816 et
959 757 1149 818 adhuc
1208 759 1475 837 incipere
1535 766 1594 818 et
1650 761 1766 821 iam
1833 762 2193 839 praeterisse
2252 760 2523 820 dicatur?
2596 760 2978 838 participium

390 876 624 938 quoque
671 859 858 919 futuri
909 862 1197 938 temporis
1254 859 1587 938 abnegavit.
1678 860 1819 940 quid
1867 864 2028 922 enim
2074 861 2267 922 adhuc
2314 869 2615 941 speratur,
2663 879 2810 921 cum·
2845 878 2978 919 coe-

341 969 367 1007 ⁵
395 964 580 1038 perit,
631 969 732 1021 aut
775 960 933 1040 quod
980 962 1095 1021 iam
1142 944 1303 1021 extat
1346 970 1660 1024 venturum
1706 982 1836 1023 esse
1883 964 2290 1042 promittitur?
2335 981 2570 1043 semper
2615 965 2793 1023 etiam
2839 980 2980 1021 neu-

388 1064 467 1122 tri
513 1070 604 1122 est
646 1064 906 1139 generiS.
997 1063 1091 1123 his
1136 1065 1321 1140 igitur
1366 1066 1629 1146 quinque
1686 1064 2088 1126 inchoativum
2134 1066 2410 1146 quodque
2456 1067 2866 1143 cognoscitur,
2928 1064 2977 1122 si

390 1182 491 1223 sco
535 1163 758 1242 syllaba
812 1166 1083 1233 finiatur,
1144 1166 1411 1227 neutrale
1468 1169 1574 1237 sit,
1637 1169 2074 1244 coniugationis
2132 1169 2346 1228 tertiae
2392 1176 2733 1247 correptae,
2782 1172 2981 1225 careat

342 1286 345 1293 ¹
389 1268 713 1345 praeterito
758 1267 1054 1345 perfecto,
1117 1286 1234 1328 non
1291 1269 1507 1330 habeat
1564 1271 1945 1349 participium
2009 1270 2295 1330 futurum.
2386 1269 2537 1330 hanc
2582 1287 2814 1350 quoque
2861 1268 2979 1327 sor-

283 1398 293 1408 ·
391 1386 544 1428 mam
591 1375 728 1428 sunt
773 1370 876 1447 qui
922 1368 1167 1429 Graecis
1212 1372 1571 1433 familiarem
1617 1373 1974 1441 existiment,
2026 1370 2371 1432 adserentes
2414 1371 2527 1430 hoc
2574 1389 2703 1430 esse
2748 1368 2981 1450 μελαί-

316 1482 367 1519 10
392 1488 593 1550 νομαι
650 1466 763 1530 καὶ
822 1469 1305 1549 θερμαίνομαι,
1364 1474 1519 1553 quod
1579 1483 1668 1534 est
1726 1476 1999 1551 nigresco
2057 1481 2116 1532 et
2161 1472 2408 1533 calesco.
2501 1473 2604 1533 sed
2651 1472 2804 1552 apud
2851 1471 2982 1532 illos

388 1590 622 1652 quoque
669 1572 865 1652 aliqua
910 1572 1088 1633 huius
1132 1574 1583 1651 significationis
1629 1578 1688 1635 in
1736 1587 1874 1635 σκω
1923 1576 2088 1635 exire
2135 1575 2532 1644 contendunt,
2592 1583 2654 1635 ut
2699 1573 2980 1635 τελίσκω

388 1672 690 1753 γαμίσκω
748 1669 1095 1752 τιτρώσκω
1153 1671 1489 1753 γηράσκω.
1582 1673 1880 1738 διδάσκω
1929 1685 2155 1746 autem,
2206 1677 2346 1737 licet
2390 1676 2658 1738 eiusdem
2703 1678 2839 1737 finis
2883 1678 2977 1745 sit,

389 1793 567 1835 nemo
616 1756 815 1835 tamen
860 1776 1226 1854 perfectum,
1277 1795 1393 1838 non
1440 1779 1842 1845 inchoativum
1889 1797 2018 1839 esse
2065 1777 2374 1839 dubitavit.

556 1877 639 1938 De
686 1878 1138 1957 frequentativa.
1203 1878 1379 1939 huius
1425 1882 1651 1940 formae
1684 1879 1862 1941 verba
1910 1899 2028 1941 non
2075 1899 2395 1961 numquam
2443 1900 2558 1941 uno
2602 1883 2808 1961 gradu,
2857 1901 2974 1942 non
3001 1885 3210 1939 626.10

315 1990 363 2029 1⁵
388 1972 712 2059 numquam
758 1978 989 2040 duobus
1034 1980 1406 2050 derivantur,
1457 1989 1520 2041 ut
1564 1981 1763 2041 scribo
1808 1985 2034 2061 scripto
2080 1984 2379 2062 scriptito,
2428 2001 2575 2043 cano
2620 1992 2793 2044 canto
2839 2002 2976 2045 can·

388 2082 521 2150 tite,
582 2081 729 2141 salio
787 2081 936 2142 salto
993 2082 1208 2143 saltito.
1299 2100 1409 2142 nec
1465 2090 1662 2143 tamen
1721 2092 1813 2144 est
1868 2086 1930 2145 in
1976 2083 2411 2164 posterioribus
2457 2087 2646 2145 maior
2692 2105 2868 2165 quam
2913 2089 2975 2146 in

392 2181 696 2262 prioribus
754 2184 1252 2265 frequentationis
1307 2188 1642 2263 expressio,
1711 2188 1868 2246 sicut
1934 2205 2042 2246 nec
2117 2189 2178 2247 in
2246 2187 2614 2247 diminutivis
2681 2188 2977 2248 secundus

390 2285 611 2362 gradus
654 2287 853 2345 minus
897 2287 1097 2364 priore
1145 2287 1466 2364 significat,
1528 2305 1674 2347 anus
1720 2288 1893 2348 anula
1939 2288 2187 2349 anicula.
2265 2297 2400 2350 sunt
2447 2296 2642 2350 tamen
2689 2289 2974 2368 quaedam

387 2389 514 2448 eius
560 2386 739 2448 verba
793 2406 945 2467 quae
1004 2390 1064 2448 in
1124 2407 1190 2448 so
1235 2397 1485 2458 exeunt,
1546 2396 1611 2449 ut
1657 2390 1826 2449 video
1874 2391 2032 2460 viso,
2080 2390 2237 2470 pello
2281 2389 2483 2469 pulSO,
2531 2409 2665 2451 cnm
2712 2391 2972 2470 plerum-

309 2502 360 2541 20
386 2509 501 2570 que
549 2493 612 2550 in
657 2498 718 2550 to
762 2489 994 2549 soleant
1039 2493 1224 2550 exire.
1315 2489 1419 2550 sed
1465 2509 1533 2551 ea
1589 2491 1830 2570 quidem
1877 2511 2028 2572 quae
2074 2495 2135 2552 in
2184 2500 2241 2553 to
2287 2501 2505 2553 exeunt
2552 2511 2788 2572 semper
2833 2513 2972 2554 con—

386 2594 709 2670 iugationis
754 2602 890 2653 sunt
933 2594 1196 2672 primae;
1244 2610 1311 2652 ea
1360 2610 1499 2652 vero
1544 2611 1694 2673 quae
1740 2595 1805 2653 in
1851 2612 1917 2654 so
1972 2612 2090 2654 non
2146 2582 2466 2675 numquam
2514 2603 2574 2655 et
2616 2598 2829 2656 tertiae
2875 2615 2971 2656 re-

386 2697 726 2773 periuntur,
784 2703 850 2755 ut
906 2696 1028 2755 viso
1087 2696 1228 2754 visis
1288 2691 1486 2773 [pulso
1541 2693 1795 2775 pulsas].
1885 2704 2025 2757 sunt
2068 2700 2127 2757 in
2175 2715 2241 2758 ea
2288 2716 2405 2758 non
2452 2697 2611 2759 nulla
2657 2699 2788 2758 sine
2835 2697 2972 2758 sub·

390 2800 605 2858 stantia
650 2797 1032 2877 principalis,
1082 2805 1145 2856 ut
1191 2797 1552 2876 cyathissare
1599 2797 2000 2859 crotalissare.
2091 2808 2228 2860 sunt
2272 2802 2332 2861 in
2379 2818 2449 2860 ea
2498 2798 2506 2882 Ι
2557 2799 2737 2860 verba
2784 2800 2969 2879 expli-

386 2900 578 2958 cantia
623 2901 812 2977 magis
858 2918 1082 2960 moram
1127 2919 1301 2978 quam
1346 2902 1754 2969 iterationem,
1816 2909 1878 2961 ut
1923 2901 2357 2983 ‘clipeoque
2415 2904 2970 2963 sinistram'in-

309 2999 767 3061 2⁵sertaham
813 3004 891 3060 a.'
938 3009 998 3060 et
1043 3001 1513 3082 ‘hastamque
1558 3010 1902 3081 receptat
1956 3003 2258 3065 ossibus
2313 3004 2399 3064 h.'
2459 3004 2557 3063 hic
2603 3005 2761 3068 enim
2806 3003 2971 3063 moli-

385 3103 469 3161 tio
512 3101 801 3181 quaedam
863 3104 1167 3163 inserendi
1225 3112 1285 3164 et
1340 3105 1670 3184 recipiendi
1719 3105 2035 3166 difficultas
2079 3105 2189 3166 sub
2235 3107 2432 3185 specie
2478 3106 2973 3185 frequentationis

386 3206 761 3284 exprimitur.
852 3212 1221 3282 quaeruntur
1266 3209 1329 3265 in
1375 3224 1443 3265 ea
1490 3214 1649 3265 certa
1699 3206 1908 3275 verba,
1969 3226 2040 3266 ex
2086 3207 2303 3286 quibus
2348 3206 2785 3287 principalibus
2830 3206 2971 3267 sub-

386 3308 661 3367 stantiam
707 3307 1056 3375 sumserint,
1107 3317 1170 3365 ut
1214 3314 1510 3375 sternuto,
1558 3306 1714 3385 quod
1761 3327 1794 3366 a
1840 3315 2084 3367 sternuo
2129 3311 2319 3369 venit:
2369 3308 2718 3386 Propertius

681 3407 1046 3468 candidus
1091 3415 1452 3485 augustae
1500 3410 1834 3467 sternuit
1879 3427 2089 3469 omen
2136 3412 2365 3470 Amor.

308 3524 358 3562 30
385 3511 548 3590 pulto
593 3518 732 3570 sunt
788 3511 891 3589 qui
948 3510 1240 3589 accipiant
1297 3528 1405 3588 pro
1464 3526 1534 3568 eo
1578 3508 1734 3588 quod
1783 3517 1872 3570 est
1916 3510 2088 3588 pulso
2134 3503 2208 3570 et'
2237 3501 2629 3590 ἄττικισμόν
2674 3511 2968 3590 quendam

384 3612 696 3673 latinitatis
740 3613 1108 3676 existiment.
1157 3620 1221 3671 ut
1264 3612 1418 3691 apud
1465 3610 1596 3671 illos
1638 3605 1954 3671 θάλασσα
1983 3608 2308 3692 θάλαττα,
2356 3606 2631 3672 πλάσσω
2664 3607 2965 3686 πλάττω;

384 3715 488 3775 sed
544 3714 777 3793 pultare
842 3721 935 3774 est
990 3733 1166 3792 saepe
1226 3713 1490 3793 pulsare,
1556 3714 1712 3772 sicut
1769 3720 2025 3774 tractare
2083 3733 2260 3794 saepe
2306 3714 2542 3775 trahere
2590 3717 2658 3773 et'
2692 3714 2966 3776 habitare

385 3835 560 3897 saepe
594 3815 852 3877 habere:
900 3816 1136 3877 Coelius
1167 3817 1229 3875 in
1271 3817 1464 3894 primo
1494 3813 1695 3874 ‘illis
1742 3814 2218 3903 facilius-est
2263 3814 2546 3876 bellum
2593 3818 2964 3887 tractare’,

384 3920 495 3979 boc
542 3927 631 3980 est
675 3919 779 3979 diu
824 3918 1092 3988 trabere;
1139 3918 1369 3979 Ennius
1412 3919 1818 3976 ‘tractatus
1861 3935 1992 3995 per
2036 3935 2357 3997 aequora
2404 3920 2697 3997 campi'.
2760 3929 2965 3978 eructo

306 4023 564 4081 35etiam
611 4042 643 4083 a
688 4040 804 4101 quo
849 4021 1165 4101 principali
1212 4021 1408 4080 veniat
1450 4020 1789 4098 quaeritur,
1837 4025 1898 4078 et
1941 4027 2032 4079 est
2077 4039 2108 4080 a
2155 4019 2336 4080 verbo
2382 4023 2606 4098 erugit:
2667 4020 2892 4080 Ennius

680 4125 1147 4202 contempsit
1190 4123 1472 4188 fontes,
1521 4119 1811 4198 quibus
1858 4139 1940 4180 ex
1983 4124 2238 4199 erugit
2283 4138 2508 4201 aquae
2556 4123 2679 4181 vis,

518 4382 552 4429 4
583 4379 848 4428 abnecabit
872 4376 921 4426 B
1059 4380 1090 4427 5
1109 4377 1338 4439 fortasse
1362 4385 1449 4424 aut
1473 4389 1586 4424 cum
1612 4375 1712 4423 iarn
1739 4384 1878 4424 extet
2005 4378 2068 4426 10
2085 4371 2345 4442 nigresco]
2377 4376 2426 4425 in
2452 4390 2603 4441 greco
2630 4377 2680 4426 B
2820 4379 2878 4425 11
2909 4377 2956 4424 in

385 4461 472 4496 seo
498 4448 637 4497 exire
661 4446 710 4496 B
850 4448 910 4494 12
934 4460 1190 4509 γερασκω
1215 4443 1264 4492 Β
1405 4446 1464 4492 13
1491 4442 1824 4507 perfectiuum
1849 4442 1899 4491 B
2039 4445 2100 4492 16
2128 4458 2218 4492 nec
2242 4456 2423 4508 tamen,
2446 4461 2560 4495 exc.
2590 4446 2716 4494 Par.
2744 4460 2833 4493 nec
2859 4459 2957 4493 non

387 4513 436 4562 B
573 4518 636 4566 18
670 4505 846 4580 enula]
882 4514 1035 4562 anilla
1060 4513 1108 4562 B
1248 4514 1310 4561 19
1345 4511 1593 4561 eiusmodi
1617 4511 1773 4560 verba
1797 4512 1879 4561 ed.
1914 4511 2064 4560 Vinci.
2207 4513 2273 4562 23
2299 4509 2374 4578 ut]
2404 4517 2453 4562 et
2478 4513 2527 4562 B
2672 4513 2738 4561 24
2771 4513 2956 4577 clipeo-

387 4579 503 4647 que]
538 4584 692 4648 Very.
718 4583 844 4634 Aen.
873 4582 913 4630 11
940 4583 1035 4632 671
1165 4583 1231 4630 25
1254 4579 1553 4642 hastamque
1576 4587 1836 4644 receperat
1864 4577 1909 4626 B
1919 4597 1934 4626 .-
1981 4579 2136 4644 Very.
2162 4581 2291 4630 Aen.
2319 4580 2368 4629 X
2392 4583 2491 4631 383
2604 4582 2670 4629 26
2694 4581 2960 4629 insecand-

386 4666 522 4699 corr.
553 4651 810 4700 inserendi
835 4649 884 4699 B
1022 4651 1088 4700 28
1122 4644 1429 4714 Propertius]
1466 4648 1506 4696 ll
1532 4650 1584 4712 3,
1610 4649 1676 4695 24
1814 4648 1880 4699 34
1911 4644 2177 4714 tractatus]
2204 4651 2255 4698 in
2290 4650 2511 4699 secundo
2548 4649 2798 4698 annalium
2831 4648 2960 4699 libro

382 4719 554 4781 posuit
589 4720 661 4768 H.
691 4720 951 4776 Columna,
990 4721 1076 4783 qui
1109 4727 1159 4767 et
1193 4719 1322 4778 Ituna
1358 4716 1514 4765 Ennii
1557 4711 1755 4765 versum'
1786 4721 1833 4764 et
1869 4731 1976 4765 eum
1995 4717 2083 4781 qui
2115 4718 2358 4782 ‚sequitur
2394 4733 2463 4767 ex
2497 4716 2591 4766 hoc
2626 4719 2736 4766 loco
2765 4718 2962 4781 primus

387 4786 545 4835 edidit
582 4786 713 4836 Ena.
746 4788 932 4852 fragm.
966 4804 1022 4851 p.
1057 4788 1124 4836 49
1162 4791 1210 4834 et
1249 4789 1346 4838 143
1381 4787 1464 4834 ed.
1491 4784 1693 4834 Hes-sel.
1799 4785 1863 4833 36
1890 4785 2074 4845 quibus
2102 4787 2331 4850 dixerugit
2356 4784 2406 4833 B
2438 4785 2611 4847 quibu·
2647 4799 2762 4834 sese
2798 4785 2962 4846 erugit

396 4853 647 4903 Vahlenua
683 4855 816 4905 Eun.
855 4872 996 4919 poes.
1034 4857 1126 4906 rel.
1162 4871 1215 4920 p.
1251 4856 1318 4906 80

2425 4934 2558 4999 42*
