3541 5564
1458 369 1931 442 COMMENTVM
2501 387 2504 392 ·
2556 419 2620 466 ,2-
2717 353 2744 373 ‘'
2844 357 2872 414 -ἑ
2936 365 3054 465 aaa
3093 385 3124 410 ,.

2501 405 2969 539 K'msam-usi.
3075 443 3158 507 s

441 567 777 633 dividuntur
822 568 1232 651 principaliter
1278 571 1336 631 in
1384 568 1529 630 duas
1572 576 1800 648 parteS,
1847 570 1908 630 in
1939 565 2170 629 vocales
2198 565 2344 628 etin
2378 545 2820 628 consonatsstesss
2855 543 3022 645 ipssae

445 677 583 735 item
640 681 1035 735 consonantes
1089 672 1428 735 dividuntur
1485 674 1545 731 in
1604 671 1749 732 duas
1794 678 2019 750 partes,
2068 671 2129 731 in
2175 670 2556 731 semivocales
2602 676 2661 729 et
2705 670 2763 728 in
2808 677 3019 729 mutas

441 795 582 854 ergo
628 777 777 836 duae
821 786 958 837 sunt
1000 778 1228 855 primae
1274 784 1499 854 parteS,
1546 773 1780 834 vocales
1826 781 1885 833 et
1927 781 2336 833 consonantes.
2411 773 2460 832 si
2509 790 2625 832 non
2670 778 2809 830 sunt
2851 789 3023 830 voca-

441 879 550 947 les,
611 887 1004 939 consonantes
1047 886 1209 945 sunt;
1269 879 1317 936 si
1364 894 1482 937 non
1527 884 1665 936 sunt
1708 883 2130 945 consonanteS,
2190 873 2419 934 vocales
2461 882 2616 934 sunt.
2706 875 2846 933 item
2895 874 3022 932 fieri

394 987 836 1040 sconsonantes
881 980 1098 1059 duplici
1131 978 1307 1040 modo
1352 979 1587 1039 scimus
1650 985 1754 1038 aut
1798 978 1955 1037 enim
2005 974 2012 1054 Ι
2059 975 2439 1036 semivocales
2483 981 2620 1035 sunt
2664 984 2763 1035 aut
2806 982 3019 1034 mutae.

437 1084 555 1141 sive
602 1083 760 1141 enim
808 1081 1188 1142 semivocales
1233 1083 1351 1141 sint
1392 1082 1513 1140 sive
1559 1088 1784 1147 mutae,
1831 1098 1952 1140 uno
1998 1080 2240 1139 nomine
2286 1084 2676 1138 consonantes
2720 1075 3020 1156 appellan-

444 1196 556 1245 tur.
650 1183 947 1245 videamus
1006 1201 1148 1263 ergo
1207 1202 1356 1263 quae
1414 1193 1551 1243 sunt
1604 1182 1866 1251 vocaleS,
1914 1199 2064 1259 quae
2110 1188 2531 1248 consonantes,
2579 1197 2729 1258 quae
2773 1180 3022 1239 semivo-

440 1285 623 1355 caleS,
672 1306 825 1365 quae
871 1294 1086 1347 mutae.
1176 1285 1278 1345 sed
1326 1287 1489 1364 prius
1535 1282 1867 1344 definienda
1915 1291 2005 1342 est
2045 1284 2169 1361 ipsa
2215 1282 2429 1344 littera.

604 1389 729 1448 Vox
787 1387 1002 1449 dicitur
1057 1388 1336 1467 quicquid
1393 1388 1687 1455 sonuerit,
1748 1387 1870 1446 sive
1925 1387 2211 1464 strepitus
2266 1387 2342 1444 sit
2397 1386 2628 1453 ruinae,
2696 1384 2816 1443 sive
2861 1382 3256 1452 ssuvii519,1·2

371 1509 415 1546 10
442 1492 765 1559 currentis,
822 1491 945 1550 sive
988 1508 1098 1550 vox
1143 1497 1373 1559 nostra,
1432 1490 1553 1549 sive
1597 1489 1857 1566 mugitus
1902 1486 2110 1548 boum:
2167 1489 2361 1547 omnis
2407 1506 2587 1547 sonus
2633 1504 2741 1546 vox
2787 1485 3020 1545 dicitur.

438 1611 643 1654 verum
700 1593 812 1652 bae
872 1592 1022 1652 duae
1078 1600 1217 1653 sunt
1273 1598 1501 1672 partes,
1560 1590 1867 1651 articulata
1928 1599 1984 1651 et
2040 1589 2301 1650 confusa.
2392 1587 2698 1649 articulata
2762 1595 2852 1647 est
2917 1604 3025 1646 vox

446 1713 595 1773 quae
641 1704 838 1774 potest
882 1693 1092 1763 scribi:
1141 1703 1207 1755 ut
1252 1711 1389 1754 ecce
1434 1693 1546 1754 hoc
1591 1694 1785 1771 ipsum
1832 1691 1988 1771 quod
2034 1691 2155 1751 dixi
2199 1699 2396 1770 potest
2439 1690 2640 1751 scribi.
2704 1688 2839 1748 ideo
2885 1689 3024 1748 arti·

442 1796 630 1858 culata
677 1797 831 1857 dicta
880 1803 995 1864 est,
1044 1795 1198 1873 quod
1246 1803 1443 1875 potest
1487 1793 1735 1856 articulo
1784 1794 1983 1854 scribi.
2061 1802 2222 1853 artus
2266 1794 2423 1853 enim
2469 1792 2717 1852 dicimus
2761 1789 3025 1851 membra

440 1900 692 1969 maiora,
740 1897 1022 1959 articulos
1066 1900 1295 1958 minora
1340 1897 1607 1959 membra
1653 1898 1713 1956 in
1760 1898 1923 1957 omni
1968 1913 2241 1974 corpore.
2330 1893 2475 1954 nihil
2522 1893 2760 1955 brevius
2805 1893 3022 1970 digitis,

371 2017 415 2056 ιτ)
443 2001 663 2061 idcirco
709 1999 1013 2061 articulata
1061 2018 1170 2059 vox
1216 2000 1370 2061 dicta
1418 2008 1536 2069 est,
1585 1998 1743 2079 quod
1789 2006 1981 2078 potest
2027 1997 2288 2058 articulis
2332 1996 2759 2076 conprehendi.
2829 1994 3027 2072 digitis

439 2111 637 2163 autem
694 2111 961 2163 tenemus
1017 2101 1293 2162 calamos.
1385 2102 1518 2161 ideo
1577 2119 1719 2178 ergo
1778 2100 1991 2161 dicitur
2049 2118 2159 2159 vox
2216 2098 2549 2167 articulata,
2619 2097 2776 2177 quod
2830 2104 3028 2176 potest

439 2204 699 2266 articulis
754 2202 954 2264 scribi.
1045 2204 1286 2264 confusa
1341 2202 1440 2263 illa
1497 2204 1708 2263 dicitur
1764 2220 1907 2269 vox.
1966 2221 2118 2281 quae
2174 2219 2294 2261 non
2350 2207 2546 2280 potest
2590 2198 2836 2261 articulo
2883 2217 3024 2258 con·

439 2305 760 2385 prehendi,
819 2311 885 2364 ut
940 2314 1079 2384 puta
1135 2308 1390 2382 mugitus
1445 2304 1653 2375 boum,
1724 2304 2043 2382 digitorum
2109 2304 2357 2364 sonitus
2449 2320 2592 2381 ergo
2659 2301 2894 2361 litterae
2952 2300 3025 2360 ad

397 2425 616 2485 ·quam
670 2425 877 2466 vocem
932 2408 1272 2486 pertinent?
1325 2407 1398 2468 ad
1455 2409 1733 2467 omnem?
1791 2425 1927 2467 non.
2003 2405 2075 2465 ad
2132 2406 2436 2466 confusam
2494 2405 2828 2484 pertinent?
2885 2421 3024 2472 non,

367 2528 416 2568 so
443 2509 546 2570 sed
593 2509 664 2569 ad
712 2508 1079 2570 articulatam
1129 2512 1449 2588 pertinent.
1510 2511 1636 2588 ipsa
1684 2508 1876 2569 littera
1909 2524 2060 2587 quae
2106 2526 2244 2587 pars
2288 2508 2446 2567 vocis
2491 2505 2865 2567 articulatae?
2909 2507 3025 2565 ima

442 2618 501 2672 et
544 2612 880 2671 novissima.
970 2629 1103 2670 nam
1161 2629 1272 2671 vox
1329 2619 1416 2671 est
1472 2610 1746 2690 quicquid
1805 2608 2130 2690 loquimur,
2189 2616 2252 2669 ut
2307 2617 2446 2687 puta
2491 2610 2540 2668 si
2586 2608 2747 2669 dicas
2792 2613 3026 2668 ‘orator

389 2784 393 2791 .
442 2714 599 2774 venit
655 2720 715 2772 et
772 2712 1030 2772 docuit’.
1122 2720 1315 2792 potest
1370 2722 1570 2772 tamen
1626 2723 1684 2773 et
1728 2712 1902 2782 solvi,
1960 2719 2188 2781 orator,
2239 2713 2425 2780 venit,
2475 2720 2561 2779 et,
2611 2710 2837 2772 docuit:
2887 2728 3026 2770 ecce

445 2815 666 2876 solvisti
711 2817 1037 2876 orationem
1083 2817 1143 2875 in
1190 2814 1387 2876 verba.
1463 2824 1631 2893 potes
1674 2816 1800 2894 ipsa
1849 2814 2026 2875 verba
2071 2813 2300 2875 solvere
2346 2816 2405 2874 in
2451 2813 2702 2893 syllabas
2746 2833 2782 2873 o
2828 2821 2887 2873 et
2930 2831 3024 2879 ra:

444 2925 609 2996 potes
664 2919 850 2996 ipsam
908 2917 1193 2996 syllabam
1248 2916 1477 2977 solvere
1536 2918 1597 2977 in
1652 2916 1896 2977 litteras.
1989 2915 2273 2995 numquid
2328 2923 2496 2995 potes
2538 2918 2725 2995 ipsam
2769 2915 3026 2976 litteram

367 3019 670 3079 ascivere
732 3018 739 3098 Ι
800 3018 1086 3080 ulterius?
1152 3036 1524 3098 nequaquam
1590 3027 1778 3098 potes.
1870 3036 2015 3097 ergo
2081 3025 2329 3097 propter
2395 3018 2500 3078 has
2555 3036 2652 3078 res
2706 3036 2851 3097 quas
2907 3017 3028 3076 dixi

443 3138 648 3180 omnes
693 3120 824 3180 vide
883 3128 941 3180 et
998 3119 1398 3180 definitionem
1446 3121 1688 3189 Donati,
1750 3119 1981 3181 ‘littera
2025 3121 2166 3200 quid
2216 3121 2339 3180 est?
2398 3138 2538 3199 pars
2583 3122 2821 3180 minima
2868 3120 3029 3179 vocis

446 3221 844 3282 articulatae'.
935 3221 1079 3282 dicit
1137 3222 1365 3282 ‘littera
1424 3229 1513 3281 cst
1565 3240 1703 3300 pars
1762 3223 2003 3282 minima
2061 3223 2273 3282 vocis’.
2367 3222 2582 3299 quare?
2657 3221 2814 3301 quod
2876 3220 3027 3281 ultra

442 3326 630 3403 ipsam
676 3341 1000 3402 numquam
1046 3323 1308 3384 solvitur.
1401 3324 1514 3384 hoc
1560 3332 1757 3384 autem
1804 3323 2056 3384 dicendo
2102 3324 2299 3383 ‘vocis
2345 3323 2722 3385 articulatae’
2769 3323 3028 3384 ostendit

445 3443 574 3486 esse
605 3434 664 3485 et
704 3423 951 3486 alteram
997 3426 1306 3486 confusam
1354 3435 1413 3486 et
1456 3445 1574 3486 non
1619 3444 1793 3505 posse
1838 3424 2086 3486 articulo
2131 3425 2557 3505 conprehendi.
2621 3434 2680 3485 et
2723 3425 2866 3485 dicit.
2909 3426 3022 3486 iam
3050 3437 3226 3499 421‚4

374 3547 420 3585 so
447 3530 694 3606 primam
761 3527 1134 3595 divisionem.
1205 3526 1574 3588 ‘litterarum
1641 3527 1794 3587 aliae
1849 3537 1986 3588 sunt
2044 3527 2300 3596 vocaleS‚
2367 3528 2516 3588 aliae
2574 3531 3022 3589 consonantes’.

448 3629 771 3690 litterarum
816 3631 1006 3709 prima
1052 3628 1259 3688 divisio
1305 3630 1414 3689 ista
1463 3636 1577 3697 est,
1625 3629 1857 3689 vocales
1897 3629 2176 3690 dicuntur
2221 3639 2280 3691 et
2322 3640 2732 3692 consonantes.
2795 3628 3026 3691 vocales

582 3901 614 3951 3
646 3915 770 3966 ergo
813 3902 943 3950 duae
985 3913 1103 3952 sunt
1139 3901 1335 3968 primae
1366 3912 1536 3967 partes
1572 3902 1624 3953 B
1637 3903 1721 3953 Ca
1749 3917 1873 3968 ergo
1911 3904 2107 3967 primae
2137 3911 2252 3952 sunt
2285 3903 2415 3953 duae
2447 3912 2618 3969 partes
2649 3905 2698 3956 A
2737 3918 2857 3968 ergo
2894 3904 3024 3953 duae

447 3972 638 4035 primae
669 3980 844 4036 partes
879 3981 996 4020 sunt
1036 3973 1082 4021 L
1188 3975 1231 4020 si
1271 3987 1369 4022 non
1408 3985 1524 4021 sunt
1561 3973 1764 4021 uocales
1797 3983 2132 4023 consonantes
2170 3982 2286 4022 suut
2321 3975 2365 4023 si
2400 3990 2499 4024 non
2530 3985 2648 4023 sunt
2683 3986 3023 4023 consonantes

447 4042 646 4091 uocales
685 4051 803 4088 sunt
836 4042 885 4091 L
926 4042 972 4090 si
1012 4056 1109 4090 non
1154 4051 1272 4091 sunt
1308 4054 1644 4092 consonantes
1681 4043 1888 4092 uocales
1925 4052 2043 4092 sunt
2081 4043 2126 4092 si
2160 4058 2256 4092 non
2299 4055 2415 4092 sunt
2453 4044 2654 4093 uocales
2691 4056 3024 4094 consonantes

448 4119 561 4159 sunt
596 4110 644 4158 Α
683 4111 729 4158 si
768 4126 867 4161 non
907 4119 1022 4159 sunt
1058 4123 1394 4162 consonantes
1418 4114 1639 4165 uocales
1673 4123 1791 4161 sunt
1828 4112 1936 4163 BC
2071 4113 2101 4160 7
2139 4113 2405 4162 uideamus
2442 4129 2564 4178 ergo
2608 4129 2738 4177 quae
2780 4124 2896 4163 sunt
2931 4127 3024 4160 uo-

448 4180 580 4229 cales
626 4195 758 4243 quae
795 4190 1135 4230 consonantes
1185 4197 1314 4243 quae
1354 4182 1687 4232 semiuocales
1725 4197 1855 4245 quae
1895 4193 2064 4232 mutae
2096 4181 2104 4241 Ι
2145 4183 2218 4231 De
2255 4198 2380 4233 uoce
2417 4194 2465 4231 et
2502 4184 2666 4232 littera
2697 4196 2704 4240 ι
2738 4183 2839 4232 Sed
2880 4184 3023 4246 prius

449 4250 731 4299 definienda
766 4260 845 4301 est
883 4252 999 4315 ipsa
1034 4265 1134 4300 uox
1159 4253 1280 4313 quid
1318 4263 1393 4301 est
1421 4252 1518 4301 hoc
1556 4267 1658 4302 uox
1694 4252 1882 4302 dicitur
1913 4254 1985 4301 Lx
2021 4254 2286 4301 videamus
2319 4280 2369 4289 -
2400 4264 2740 4303 consonantes
2768 4269 2859 4305 om.
2886 4252 3028 4301 ABG

585 4321 649 4370 12
683 4329 737 4368 ut
773 4335 892 4369 ecce
931 4319 1026 4369 hoc
1060 4323 1225 4386 ipsum
1255 4323 1390 4384 quod
1430 4324 1537 4372 dixi
1582 4330 1747 4387 potest
1782 4323 1933 4372 scribi
1961 4331 2081 4386 post
2117 4323 2327 4371 articulo
2366 4324 2517 4371 scribi
2550 4321 2732 4372 habent
2772 4324 2819 4371 A
2841 4324 2884 4370 L

450 4388 511 4439 13
541 4404 679 4439 artus
729 4392 866 4439 enim
906 4389 1121 4439 dicimus
1168 4393 1394 4440 membra
1442 4395 1632 4441 maiora
1676 4392 1918 4441 articulos
1963 4394 2156 4441 minora
2203 4393 2425 4442 membra
2464 4393 2512 4441 in
2553 4393 2687 4441 omni
2727 4407 2938 4458 corpure
2979 4391 3024 4439 J.

448 4469 582 4508 artus
631 4461 853 4509 dicimus
894 4461 1091 4510 minora
1142 4462 1359 4523 (maiora
1389 4461 1461 4521 B)
1498 4462 1725 4511 membra
1769 4462 1820 4510 in
1876 4464 2012 4511 omni
2056 4477 2267 4528 corpore
2315 4462 2479 4513 ABG
2618 4463 2681 4513 18
2718 4456 3017 4527 digitorum]

450 4542 711 4579 uentorum
751 4530 825 4579 L:
863 4531 1091 4592 sortasse
1128 4531 1350 4597 crepitus
1384 4532 1689 4598 digitorum,
1728 4533 1927 4582 sonitus
1956 4540 2220 4582 uentorum
2359 4530 2429 4581 20
2465 4528 2781 4598 articulatae]
2824 4532 3022 4581 articuli

450 4601 496 4647 A
518 4600 558 4649 O
655 4602 726 4649 ²4
761 4611 911 4666 potes
942 4602 1130 4665 (potest
1154 4602 1230 4663 B)
1271 4602 1433 4666 ipsam
1471 4603 1670 4653 soluere
1702 4604 1754 4651 in
1785 4602 1976 4651 litteras
1996 4601 2098 4651 BG
2128 4610 2273 4667 potes
2299 4640 2315 4654 .
2347 4637 2358 4649 .
2385 4603 2499 4666 ipsa
2520 4636 2532 4649 .
2563 4604 2756 4667 (potest
2793 4604 2904 4666 ipsa
2931 4602 3023 4664 α*)

450 4668 645 4718 soluere
680 4670 731 4718 in
775 4671 971 4719 litteras
1006 4670 1054 4718 Α
1086 4681 1355 4735 potuerunt
1389 4674 1533 4737 ipsae
1567 4672 1697 4720 solui
1727 4672 1779 4719 in
1817 4672 2014 4720 litteras
2050 4672 2099 4721 L
2240 4673 2487 4735 numquid
2524 4684 2669 4735 potes
2701 4671 2750 4719 B
2781 4672 3024 4734 numquid

449 4748 610 4804 potest
648 4740 816 4790 ACL
960 4740 1027 4789 28
1063 4740 1160 4789 hoc
1197 4751 1365 4790 autem
1407 4741 1624 4791 dicendo
1665 4742 1802 4789 uocis
1848 4741 2143 4790 articulatae
2181 4741 2229 4789 L
2268 4741 2364 4792 hoc
2399 4741 2614 4791 dicendo
2655 4756 2758 4789 uox
2793 4752 2870 4790 est
2904 4742 3026 4789 arti-

446 4809 605 4857 culata
641 4810 810 4859 ABG
948 4808 1016 4859 29
1050 4820 1098 4859 et
1139 4811 1262 4860 dicit
1300 4811 1398 4861 iam
1439 4811 1814 4861 Lindemannus
1850 4822 1899 4860 et
1935 4811 2117 4860 diuidit
2154 4812 2255 4861 iam
2290 4811 2461 4861 ABG
2492 4822 2540 4860 et
2577 4811 2762 4860 diuidit
2802 4811 2938 4860 illam
2976 4810 3023 4858 L

578 4879 643 4930 31
686 4881 964 4929 litterarum
1001 4879 1203 4930 uocales
1240 4881 1475 4931 dicuntur
1511 4892 1558 4931 et
1588 4891 1927 4931 consonantes
1961 4881 2123 4946 prima
2159 4882 2343 4933 diuisio
2379 4883 2474 4931 ista
2512 4890 2587 4931 est
2622 4880 2807 4941 ABG,
2846 4896 2938 4931 om.
2977 4882 3024 4931 L

2536 4965 2621 5032 7*
