3541 5564
1510 398 1809 462 PHOCAE
2823 399 2946 467 407

373 591 762 647 enarratam.
854 582 1142 647 eiusdem
1198 584 1454 668 generis
1511 583 1778 649 videtur
1842 606 1986 650 esse
2039 586 2534 651 commentarius
2593 587 2663 650 in
2728 586 2948 653 codice

295 752 301 758 ,
370 684 694 749 Vaticano
738 682 1173 750 bibliothecae
1217 684 1603 770 Reginensis
1652 687 1817 751 1560
1860 709 2027 751 saec.
2072 686 2175 752 XI
2219 697 2369 753 ante
2411 687 2650 753 librum
2694 678 2949 755 Phocae

374 787 653 872 scriptus
700 787 743 850 f.
789 786 1100 868 24—35,
1158 793 1374 867 incipit
1421 791 1688 864 feliciter
1733 810 1839 853 ars
1884 796 2086 854 Focae
2124 798 2529 869 qrammatici.
2620 796 2737 855 Ars
2780 797 2947 856 dicta

373 900 458 952 est
485 910 556 953 eo
585 894 750 969 quod
777 896 931 954 artis
969 897 1329 970 praeceptis,
1363 896 1430 953 id
1470 902 1557 954 est
1598 898 1822 955 strictis
1865 898 2114 973 reyuliS,
2162 900 2448 957 uniuersa
2492 899 2948 973 conprehendat

369 1026 454 1038 ——-
497 999 840 1071 usurpauit,
861 998 955 1055 ’id
996 1003 1082 1056 est
1126 1014 1236 1056 usu
1281 999 1568 1072 arripuit.
1621 1000 1775 1070 finit.
1860 999 2060 1058 Focas
2102 1002 2212 1059 iste
2256 1002 2701 1074 antiquissimus
2741 1017 2945 1074 qram-

370 1101 623 1158 malicus
660 1097 788 1169 suit
831 1105 970 1157 ante
1012 1099 1392 1159 Prisc-ianam
1437 1106 1497 1158 et
1542 1100 1870 1172 Donatum,
1927 1102 2081 1160 adeo
2135 1108 2201 1161 ut
2247 1102 2599 1162 Priscianus
2640 1104 2830 1162 multa
2873 1103 2949 1161 de

369 1217 440 1259 eo
487 1204 547 1260 in
593 1200 745 1259 libro
787 1217 895 1259 suo
942 1201 1106 1259 dicat
1149 1209 1206 1259 et
1250 1203 1527 1276 exempla
1569 1210 1784 1262 sumat.
1846 1205 1954 1277 qui
1990 1206 2322 1279 composuit
2360 1204 2523 1264 hunc
2566 1205 2828 1264 libellum
2873 1205 2949 1263 de

371 1309 505 1361 arte
545 1304 950 1375 qrammatica
997 1303 1072 1361 de
1117 1303 1351 1362 duabus
1388 1305 1670 1378 partibus
1711 1305 2113 1364 substanciali
2151 1313 2208 1365 et
2248 1309 2456 1366 uocali
2495 1312 2617 1368 etc.

540 1400 1024 1464 Grammaticae
1066 1399 1225 1462 artis
1271 1400 1596 1464 doctorem
1642 1402 1848 1466 fuisse
1893 1401 2177 1468 Phocam
2223 1425 2428 1489 eaque
2473 1425 2636 1490 quae
2684 1402 2763 1467 de
2808 1413 2945 1466 arte

370 1501 708 1588 scripserit
749 1502 1096 1587 praecipue
1142 1501 1604 1587 discipulorum
1650 1525 1913 1568 suorum
1957 1505 2103 1568 usui
2148 1504 2475 1569 destinata
2517 1508 2613 1569 ita
2658 1527 2741 1569 ex
2784 1506 2947 1569 anti-

372 1604 668 1689 quiorum
713 1605 1286 1688 grammaticorum
1330 1602 1517 1669 libris
1549 1604 1918 1690 collegisse,
1965 1616 2039 1670 ut
2081 1605 2241 1670 nihil
2287 1608 2442 1672 novi
2487 1606 2782 1688 adderet,
2830 1606 2946 1669 sed

373 1704 574 1767 solam
627 1705 974 1770 brevitatis
1032 1704 1289 1769 laudem
1346 1705 1473 1770 sibi
1531 1706 1921 1789 vindicaret,
1989 1707 2127 1794 ipse
2192 1708 2257 1771 in
2323 1709 2729 1795 praefatione
2797 1707 2943 1772 libri

371 1808 701 1892 professus
747 1818 868 1872 est.
954 1805 1236 1894 plurima
1280 1816 1494 1871 autem
1542 1831 1625 1873 ex
1668 1809 1748 1873 iis
1795 1832 1961 1896 quae
2018 1810 2305 1876 breviter
2347 1811 2431 1876 ab
2478 1832 2553 1876 eo
2598 1821 2947 1897 praecepta

373 1917 524 1971 sunt
578 1931 747 1972 nunc
802 1910 997 1973 etiam
1054 1908 1317 1974 uberius
1375 1912 1674 1996 exposita
1728 1911 1906 1997 apud
1963 1910 2331 1976 Charisium
2390 1923 2454 1977 et
2508 1914 2575 1976 in
2619 1912 2944 1997 excerptis

371 2021 521 2095 post
587 2009 954 2075 Charisium
1028 2010 1217 2075 editis
1285 2011 1608 2096 leguntur.
1695 2036 1904 2099 neque
1966 2023 2182 2077 tamen
2249 2037 2333 2079 ex
2389 2013 2672 2078 Charisii
2738 2011 2941 2094 libris,

372 2134 530 2197 quos
578 2111 841 2198 quidem
886 2135 1056 2177 nunc
1100 2114 1447 2196 habemuS,
1494 2115 1653 2179 haec
1698 2113 2005 2200 decerpta
2049 2137 2190 2180 esse
2234 2115 2385 2180 inde
2429 2117 2710 2180 maxime
2756 2113 2938 2178 intel-

371 2212 642 2298 legitur,
690 2216 861 2302 quod
906 2215 1222 2302 quaedam
1268 2238 1353 2279 ex
1395 2216 1518 2281 hoc
1563 2239 1834 2301 genere,
1879 2216 1947 2280 in
1979 2216 2215 2302 quibus
2261 2218 2485 2281 eadem
2518 2216 2722 2281 verba
2765 2239 2941 2302 repe-

370 2317 492 2379 tita
535 2325 720 2398 sunt,
767 2319 983 2402 potius
1029 2340 1174 2382 cum
1221 2319 1543 2404 excerptis
1588 2318 1750 2401 illis,
1799 2342 1963 2405 quae
2008 2319 2248 2405 partim
2292 2342 2374 2383 ex
2417 2318 2716 2384 uberiore
2760 2321 2942 2383 fonte

370 2417 669 2482 derivata
722 2442 863 2483 esse
919 2432 1118 2506 supra
1174 2443 1236 2505 p.
1278 2420 1403 2483 336
1462 2420 1636 2501 dixi,
1696 2444 1890 2507 quam
1945 2444 2090 2486 cum
2145 2422 2287 2507 ipso
2335 2419 2632 2485 Charisio
2677 2443 2939 2485 consen-

367 2521 561 2585 tiunt.
624 2521 808 2586 cuius
855 2522 949 2585 rei
994 2520 1510 2586 luculentissima
1553 2521 1854 2609 exempla
1898 2533 2050 2587 sunt
2090 2524 2251 2587 haec
2294 2545 2460 2609 quae
2504 2526 2749 2609 scripta
2793 2533 2944 2588 sunt

368 2646 431 2708 p.
484 2622 648 2687 1690
692 2624 773 2687 de
819 2622 1288 2710 monosyllabis
1333 2624 1475 2689 coll.
1525 2624 1714 2689 Char.
1761 2647 1826 2710 p.
1871 2625 1976 2706 42,
2022 2626 2061 2689 6
2105 2648 2247 2690 exc.
2295 2625 2489 2689 Char.
2536 2648 2599 2710 p.
2644 2625 2791 2705 546,
2842 2626 2938 2707 173

365 2746 427 2811 p.
470 2726 629 2790 1692
674 2724 756 2789 de
788 2735 1099 2813 quattuor
1129 2727 1499 2792 nominibus
1545 2750 1579 2793 o
1624 2725 1842 2793 littera
1874 2727 2104 2810 finitis„
2162 2733 2282 2793 duo
2324 2733 2497 2793 ambo
2540 2739 2672 2793 octo
2707 2733 2938 2810 ponde,

368 2826 511 2890 coll.
561 2828 752 2891 Char.
812 2852 873 2914 p.
921 2830 1032 2910 64,
1080 2830 1119 2893 9
1165 2852 1301 2894 exc.
1378 2831 1567 2894 Char.
1625 2854 1690 2917 p.
1735 2831 1891 2911 545,
1938 2831 2009 2912 5,
2058 2840 2122 2894 et
2165 2853 2330 2917 quae
2375 2830 2473 2894 his
2522 2830 2626 2896 vel
2671 2832 2754 2896 ab
2798 2831 2941 2917 ipso

367 2931 792 3012 grammatico
851 2929 1298 3016 neglegentius
1357 2933 1743 3018 interposita
1788 2931 1892 2999 vel
1936 2944 2164 3019 postea
2207 2933 2465 2997 adiecta
2510 2942 2661 2996 sunt
2705 2934 2785 2997 de
2830 2955 2939 2998 no-

370 3031 541 3094 mine
577 3038 790 3112 pondo
836 3031 980 3096 coll.
1030 3033 1225 3097 Char.
1263 3058 1332 3120 p.
1365 3035 1476 3113 35,
1525 3035 1604 3098 21
1653 3019 1789 3102 exit.
1837 3034 2030 3100 Char.
2077 3059 2141 3122 p.
2187 3036 2332 3116 551,
2386 3036 2489 3113 1ος
2537 3058 2599 3121 p.
2655 3036 2813 3099 1713
2858 3034 2939 3099 de

369 3134 590 3198 verbis
634 3155 704 3198 eo
750 3133 1019 3219 syllabis
1067 3135 1264 3199 finitis
1311 3135 1455 3200 coll.
1501 3159 1643 3201 exc.
1691 3135 1885 3201 Char.
1932 3160 1994 3223 p.
2037 3138 2185 3218 565,
2231 3137 2333 3201 39.
2398 3159 2600 3223 quare
2644 3138 2813 3202 sieut
2858 3137 2939 3200 de

368 3234 513 3299 aliis
558 3237 1033 3319 grammaticis,
1079 3239 1146 3299 in
1193 3238 1427 3323 quibus
1461 3237 1736 3302 similem
1769 3263 2157 3304 consensum
2191 3238 2756 3324 deprehendimuS,
2804 3262 2941 3326 sae-

365 3339 513 3423 pius
560 3336 842 3402 diximus
858 3388 875 3421 ,
933 3340 1026 3404 ita
1072 3339 1354 3404 Phocam
1399 3364 1654 3428 quoque
1708 3341 1870 3405 haec
1914 3364 2080 3428 quae
2127 3343 2187 3405 ei
2230 3365 2375 3406 cum
2422 3340 2723 3406 Charisio
2769 3364 2939 3406 com-

368 3441 588 3503 munia
633 3449 783 3503 sunt
825 3464 954 3506 non
1001 3441 1083 3506 ab
1130 3442 1249 3506 hoc
1295 3443 1472 3529 ipso,
1521 3443 1637 3507 sed
1682 3445 1765 3508 ab
1812 3444 2045 3508 iisdem
2091 3443 2492 3523 auctoribu8‚
2548 3443 2783 3528 quibus
2830 3442 2938 3508 ille

365 3565 520 3607 usus
568 3553 702 3623 est,
756 3543 823 3604 in
876 3543 1137 3628 primis,
1186 3545 1252 3607 ni
1298 3544 1521 3626 fallor,
1580 3569 1662 3609 ex
1716 3558 1857 3611 arte
1903 3545 2311 3610 Palaemonis
2328 3595 2346 3628 ,
2393 3546 2709 3631 petivisse
2752 3557 2941 3632 puta-

362 3646 598 3709 bimus.
689 3642 913 3709 eodem
974 3646 1317 3712 referenda
1370 3659 1524 3712 sunt
1578 3670 1654 3712 ea
1698 3671 1865 3734 quae
1906 3648 2082 3734 apud
2126 3648 2546 3733 Diomedem,
2592 3670 2784 3734 quem
2828 3648 2936 3711 iis-

367 3746 511 3812 dem
557 3747 934 3812 auctoribus
979 3771 1169 3812 usum
1215 3772 1359 3813 esse
1405 3759 1693 3831 constat,
1742 3750 1824 3815 de
1868 3751 2085 3815 verbis
2132 3749 2432 3814 similiter
2477 3751 2720 3835 scripta
2763 3761 2933 3814 sunt.

365 3848 599 3914 deinde
666 3872 750 3914 ex
815 3848 1150 3914 catholicis
1189 3851 1445 3936 Probi,
1509 3875 1675 3938 quae
1740 3854 1805 3916 in
1873 3851 2068 3916 simili
2137 3862 2515 3936 argumento
2572 3861 2935 3932 versantur,

364 3955 680 4040 quaedam
748 3951 1073 4017 translata
1140 3976 1281 4017 esse
1340 3955 1404 4017 in
1459 3954 1684 4041 primis
1745 3977 1824 4019 ea
1878 3978 2045 4042 quae
2101 3955 2182 4018 de
2246 3955 2501 4039 graecis
2565 3954 2934 4019 nominibus

364 4056 697 4142 disputata
752 4067 902 4120 sunt
957 4079 1020 4141 p.
1071 4057 1236 4119 1704
1290 4056 1438 4120 coll.
1495 4057 1688 4121 Prob.
1737 4059 1910 4122 cath.
1957 4058 2029 4137 9,
2081 4058 2190 4140 18;
2246 4058 2348 4121 33.
2416 4058 2523 4138 18,
2568 4057 2672 4120 24.
2728 4056 2849 4137 27,
2894 4056 2934 4117 4

361 4158 638 4244 probare
682 4157 1008 4222 videntur.
1098 4158 1308 4222 minus
1355 4168 1603 4223 certum
1659 4173 1791 4241 est,
1850 4183 2002 4224 num
2049 4160 2379 4224 Donatum
2435 4182 2690 4246 quoque
2735 4170 2799 4223 et
2842 4158 2933 4221 in-

363 4269 677 4348 terpretes
724 4261 1002 4342 Donati,
1061 4261 1446 4346 quibuscum
1504 4260 1841 4346 complura
1885 4283 2039 4324 sane
2085 4263 2450 4325 communia
2493 4261 2721 4343 habet,
2768 4261 2934 4324 Pho—

364 4381 470 4427 cas
516 4363 908 4429 adhibuerit.
999 4385 1150 4426 nam
1206 4385 1352 4426 cum
1406 4364 1750 4428 brevitatis
1809 4362 2025 4426 studio
2081 4362 2313 4426 ductus
2359 4372 2424 4426 et
2467 4361 2932 4448 discipulorum

363 4465 631 4531 utilitati
679 4464 1024 4532 consulens
1070 4465 1284 4528 omnia
1330 4465 1492 4528 adeo
1540 4465 1605 4527 in
1650 4465 2083 4550 conpendium
2130 4462 2479 4547 redigeret,
2525 4475 2599 4529 ut
2640 4476 2754 4529 aut
2796 4464 2933 4528 nul·

368 4564 446 4630 lis
496 4579 609 4632 aut
653 4571 877 4654 paucis
923 4569 1166 4632 veteris
1214 4567 1546 4632 doctrinae
1592 4566 1883 4649 vestigiis
1939 4564 2178 4630 relictis
2224 4564 2479 4650 regulas
2525 4590 2565 4630 a
2607 4566 2932 4653 plerisque

368 4668 604 4733 artium
638 4669 1067 4756 scriptoribus
1101 4668 1375 4733 traditas
1408 4678 1827 4754 conponeret,
1876 4667 2005 4731 dici
2049 4668 2303 4755 nequit,
2350 4692 2390 4732 a
2432 4669 2669 4756 quibus
2716 4681 2935 4735 aucto-

363 4771 541 4834 ribus
589 4794 877 4858 quaeque
922 4781 1130 4860 petita
1174 4772 1324 4835 sint.
1414 4770 1528 4833 sed
1572 4779 1644 4833 ut
1686 4768 2202 4854 intellegeretur,
2249 4783 2559 4858 quantum
2601 4771 2744 4835 fieri
2788 4796 2932 4859 pos·

363 4882 497 4955 set,
555 4895 638 4937 ex
695 4874 929 4960 quibus
986 4874 1278 4940 fontibus
1334 4873 1797 4959 grammaticus
1853 4885 2200 4961 praecepta
2242 4876 2402 4939 artis
2448 4874 2775 4961 duxisset,
2823 4898 2931 4941 eos
