3541 5564
1375 1334 1918 1432 PHOCAE

1522 1558 1762 1637 ARS

1035 1744 1178 1826 DE
1239 1745 1652 1828 NOMINE
1714 1745 1845 1826 ΕΤ
1908 1746 2258 1831 VERBO

550 1943 958 2009 mvsnEM
1005 1943 1163 2024 QVI
1208 1943 1596 2009 mcrrvn
1639 1943 1913 2007 LIBER
1958 1944 2082 2008 DE
2128 1946 2744 2013 AsPIRA'rloNE

525 2303 781 2369 Phocae
822 2302 979 2368 artis
1025 2302 1107 2367 de
1150 2303 1409 2367 nomine
1463 2314 1529 2369 et
1572 2303 1775 2369 verbo
1820 2302 2013 2367 multi
2056 2314 2211 2370 sunt
2252 2306 2402 2372 libri
2445 2329 2641 2371 manu
2686 2307 2931 2393 scripti,

355 2429 627 2493 quorum
693 2406 1179 2492 antiquissimus
1245 2415 1347 2470 est
1388 2405 1726 2471 Parisinus
1795 2406 1962 2471 7530
2026 2418 2258 2474 octavo
2314 2408 2569 2473 saeculo
2636 2411 2931 2495 scriptus,

356 2510 403 2572 f.
449 2509 531 2573 66
549 2509 748 2573 -782
798 2508 883 2572 cf.
929 2507 1060 2572 vol.
1107 2506 1201 2572 1v
1246 2490 1454 2593 praeis.
1502 2531 1569 2594 p.
1615 2507 1832 2573 XLII.
1882 2509 1969 2572 ad
2014 2508 2206 2574 huius
2252 2520 2532 2576 aetatem
2574 2533 2658 2575 ex
2701 2511 2781 2574 iis
2827 2532 2929 2576 00-

356 2611 609 2677 dicibus
655 2633 817 2697 quos
863 2610 1005 2695 ipse
1050 2608 1189 2674 vidi
1233 2610 1528 2695 proxime
1570 2609 1892 2676 accedunt
1933 2619 2066 2675 tres
2114 2611 2363 2676 decimo
2395 2613 2653 2677 saeculo
2685 2612 2930 2697 scripti,

356 2712 767 2779 Monacensis
789 2713 979 2795 6281,
1010 2711 1163 2775 olim
1192 2712 1633 2798 Frisingensis
1664 2714 1765 2794 81,
1798 2713 1845 2775 f.
1881 2712 2252 2776 91*—108*
2282 2714 2396 2800 (cf.
2429 2714 2520 2779 ib.
2553 2737 2614 2802 p.
2650 2714 2930 2800 XLIV),

355 2817 687 2880 Parisinus
734 2815 901 2881 7520
956 2821 1174 2896 incipit
1227 2837 1332 2881 ars
1378 2820 1566 2893 socae
1604 2823 1994 2895 qrammatici
2037 2816 2048 2904 Ι
2087 2821 2204 2882 Ars
2245 2838 2380 2882 mea
2420 2855 2503 2866 -—-
2541 2823 2763 2883 similia
2804 2839 2885 2882 ezr-
2920 2819 2928 2899 Ι

347 2925 525 2998 plicit
568 2940 673 2982 ars
711 2922 898 2995 socae
936 2924 1327 2997 qrammatici
1377 2924 1453 2982 de
1494 2925 1732 2982 nomine
1775 2929 1833 2981 et
1873 2924 2080 2996 verba,
2132 2920 2465 2984 Parisinus
2513 2919 2679 2984 7759
2723 2926 2933 2999 incipit

355 3041 461 3084 ars
498 3025 643 3096 soce
681 3026 1074 3099 qrammacici
1121 3019 1132 3107 1
1181 3025 1300 3084 Ars
1341 3041 1475 3084 mea
1516 3057 1603 3069 —
1644 3025 1865 3085 similia
1909 3028 2076 3102 expl.
2124 3043 2230 3086 ars
2263 3028 2505 3102 phocae
2543 3028 2937 3101 yrammatici

354 3128 430 3185 cle
471 3129 709 3186 nomine
752 3135 809 3186 et
852 3127 1053 3186 uerbo.
1142 3133 1371 3208 postea
1413 3121 1497 3186 ab
1542 3120 1654 3186 illo
1700 3131 1988 3208 tempore
2036 3145 2242 3210 usque
2287 3121 2372 3188 ad
2417 3123 2716 3210 quintum
2761 3124 2931 3187 deci·

353 3246 530 3288 mum
576 3221 906 3288 saeculum
948 3225 1172 3288 multis
1217 3222 1702 3311 exemplaribus
1748 3246 1945 3289 manu
1991 3225 2249 3311 scriptis
2280 3226 2539 3291 Phocae
2577 3224 2744 3293 liber
2787 3248 2932 3312 pro-

353 3335 628 3414 pagatus
675 3335 795 3390 est.
884 3326 1099 3391 editus
1144 3335 1361 3390 autem
1407 3335 1508 3390 est
1551 3325 1835 3411 primum
1878 3336 2148 3393 curante
2176 3326 2447 3393 Nicolao
2478 3327 2758 3393 Iensono
2803 3349 2934 3392 una

354 3450 505 3493 cum
548 3428 869 3493 Diomede
911 3428 1184 3514 aliisque
1228 3428 1672 3512 grammaticis
1717 3428 2015 3494 Venetiis
2063 3429 2238 3495 circa
2292 3453 2533 3495 annum
2590 3430 2781 3494 1476:
2843 3429 2927 3493 cf.

353 3530 480 3595 vol.
530 3528 562 3592 I
607 3530 816 3615 praef.
863 3553 927 3617 p.
979 3529 1306 3595 XXXIV.
1352 3553 1544 3618 quam
1589 3531 1940 3596 editionem
1993 3533 2105 3618 qui
2150 3533 2469 3620 proximis
2514 3532 2702 3596 annis
2748 3553 2930 3618 repe-

353 3632 642 3697 tiverunt
706 3653 917 3717 pauca
981 3630 1290 3699 videntur
1352 3634 1735 3698 mutavisse.
1825 3656 1978 3698 nam
2033 3634 2103 3698 in
2159 3635 2561 3700 Ascensiana
2620 3633 2929 3715 editione,

351 3757 545 3821 quam
589 3731 797 3799 solam
843 3757 927 3799 ex
971 3735 1256 3822 antiquis
1301 3733 1619 3822 exemplis
1666 3758 1814 3800 cum
1844 3736 2137 3822 principe
2171 3736 2454 3802 editione
2485 3736 2756 3818 contuli,
2802 3758 2931 3800 non

350 3835 557 3902 multa
602 3859 685 3902 ex
729 3835 908 3902 illius
954 3839 1276 3925 scriptura
1318 3847 1575 3903 mutata
1615 3839 1860 3903 inveni.
1932 3838 2125 3926 plura
2167 3840 2417 3925 primus
2460 3839 2736 3904 novavit
2777 3838 2931 3903 Put-

354 3939 600 4021 schiuS,
647 3941 758 4027 qui
801 3944 920 4003 ‘ex
964 3939 1240 4004 Puteani
1282 3940 1540 4023 codice,
1586 3941 1772 4006 cuius
1818 3942 2151 4007 variantes
2198 3964 2238 4005 a
2278 3941 2409 4007 Dn.
2457 3941 2822 4027 Bongarsio
2867 3951 2933 4006 et

351 4043 451 4108 Ol.
510 4042 754 4107 Ioanne
811 4041 1122 4107 Wouwer
1175 4053 1574 4128 acceperat’‚
1641 4052 1714 4107 ut
1768 4044 1894 4125 ait,
1948 4042 2120 4107 hunc
2173 4041 2413 4108 librum
2470 4042 2696 4109 edidit.
2784 4052 2937 4130 post

352 4143 527 4210 hunc
569 4140 945 4209 Fridericus
991 4143 1482 4209 Lindemannus
1538 4145 1606 4208 in
1660 4144 1944 4231 primum
1997 4143 2304 4211 volumen
2356 4145 2931 4230 grammaticorum

353 4270 394 4312 a
437 4270 508 4313 se
552 4247 877 4313 editorum
921 4256 1129 4314 artem
1157 4246 1416 4320 Phocae
1453 4246 1703 4332 recepit
1745 4247 1956 4313 tribus
1999 4270 2154 4338 usus
2199 4245 2535 4312 codicibus
2579 4270 2699 4312 nec
2740 4248 2930 4313 bonis

355 4373 473 4415 nec
546 4349 829 4439 antiquis
902 4372 980 4414 ac
1051 4371 1131 4414 ne
1201 4358 1415 4415 totum
1468 4346 1733 4434 quidem
1788 4347 2031 4413 librum
2087 4350 2599 4424 continentibus,
2675 4349 2931 4414 duobus

357 4451 1013 4535 Wolfenbuttelanis‚
1059 4453 1233 4535 Aug.
1264 4450 1381 4532 38,
1411 4449 1492 4513 27
1539 4451 2033 4515 membranaceo
2079 4473 2247 4517 saec.
2280 4449 2449 4515 XIV
2494 4461 2560 4515 et
2601 4448 2774 4516 Gud.
2804 4451 2933 4515 260

360 4554 704 4621 chartaceo
763 4578 934 4621 saec.
984 4553 1117 4618 XV
1175 4553 1289 4638 (cf.
1345 4552 1571 4617 Ebert.
1627 4550 1789 4617 bibl.
1853 4550 2194 4618 Guelferb.
2253 4554 2393 4617 cod.
2450 4575 2663 4637 graec.
2713 4563 2776 4617 et
2819 4552 2927 4621 lat.

353 4656 542 4722 class.
603 4680 665 4743 p.
720 4658 904 4743 129),
960 4656 1152 4722 tertio
1210 4655 1512 4722 Gothano
1575 4655 1692 4718 117
1762 4655 2102 4720 chartaceo
2162 4676 2331 4719 saec.
2387 4654 2542 4720 XV.
2598 4678 2634 4720 e
2688 4655 2930 4742 quibus

353 4757 691 4825 codicibus
737 4782 882 4824 cum
925 4758 1036 4825 ille
1081 4758 1518 4844 antiquiorem
1559 4754 2244 4824 Wolfenbuttelanum
2285 4756 2510 4823 multis
2551 4756 2708 4823 locis
2752 4756 2929 4824 haud

348 4859 551 4928 dubia
595 4859 1006 4928 librariorum
1035 4861 1143 4929 vel
1172 4857 1745 4948 grammaticorum
1789 4858 2200 4946 neglegentia
2243 4869 2616 4948 corruptum
2660 4860 2927 4948 potissi-
