3541 5564
1091 398 1487 459 EXCERPTA
1534 397 1884 458 mulsum
1908 396 2111 468 xxu.
2161 397 2348 458 xxm
2865 392 3004 456 629
3039 360 3056 372 ”

2613 516 2654 555 p.
2681 503 2882 543 2768—70
2909 501 2954 541 P.

438 588 622 654 mille,
672 595 732 646 et
775 587 1103 646 remedium
1149 585 1221 644 de
1268 586 1583 663 participio
1628 591 1891 644 mutuata
1924 594 2080 644 sunt.
2106 563 2116 575 ⁹
2143 584 2253 644 alia
2301 592 2440 644 sunt
2483 583 2635 662 apud
2680 581 2814 643 illos
2856 600 3003 661 quae

437 688 800 749 consuetudo
845 686 1146 756 destituit,
1194 696 1258 745 nt
1304 687 1496 745 omnia
1528 686 1709 746 verba
1740 705 1890 765 quae
1924 686 2201 747 desinunt
2245 688 2305 744 in
2350 704 2469 763 νω,
2517 680 2839 743 λανθάνω
2885 676 3004 743 ιῖινω

437 785 621 850 δάνω
666 785 1030 869 μανθάνω,
1076 808 1224 868 quae
1272 807 1388 848 uon
1434 789 1544 848 uisi
1592 806 1777 867 usque
1824 788 1894 848 ad
1941 789 2328 867 praeteritum
2374 788 2768 867 inperfectum
2825 784 3003 844 decli-

436 898 681 960 nantur;
741 891 1019 952 similiter
1072 898 1133 950 et
1188 910 1334 969 quae
1393 892 1454 950 in
1502 903 1683 967 σκω,
1729 884 2044 969 γηράσκω
2099 887 2379 948 τελίσκω
2423 887 2726 969 γαμίσκω
2772 879 3007 965 τιτρῶ-
3069 902 3072 905 ·

385 1011 410 1049 5
438 1005 597 1053 σκω.
691 1013 824 1054 nam
870 993 1025 1072 quod
1070 993 1321 1070 legimus
1365 987 1649 1069 διδάξω,
1696 1011 1726 1049 a
1776 992 2030 1052 themate
2075 1000 2167 1051 est
2210 1009 2328 1050 non
2374 986 2707 1067 διδάσκω,
2753 988 2856 1048 sed
2902 986 3006 1048 δι-

436 1091 651 1174 δάχω,
708 1097 877 1154 cuius
934 1094 1220 1154 indicium
1278 1101 1366 1152 est
1423 1089 1678 1171 διδαχή.
1772 1093 1925 1153 idem
1982 1094 2288 1171 patiuntur
2344 1110 2493 1171 quae
2538 1094 2600 1151 in
2647 1111 2745 1150 υω
2792 1098 3007 1149 exeunt

434 1196 770 1276 dissyllabis
813 1199 1067 1277 maiora3
1117 1188 1349 1274 ὀμνύω
1395 1187 1666 1274 ὄμνυμι,
1712 1189 1990 1273 πηγνύω
2022 1189 2342 1273 πήγνυμι,
2390 1188 2658 1273 ρηγνύω
2689 1188 3001 1272 ῥήγνυμι.

436 1298 708 1358 similiter
760 1299 1161 1377 inperfectum
1216 1299 1602 1375 praeteritum
1660 1315 1777 1356 non
1836 1296 2128 1356 excedunt
2182 1304 2241 1355 et
2295 1314 2443 1375 quae
2502 1298 2564 1354 in
2611 1314 2723 1354 ειω
2770 1303 3005 1359 exeunt:

437 1407 500 1459 ut
557 1392 798 1459 ὀκνείω
854 1397 1189 1479 γαμησείω
1246 1397 1583 1477 βρωσείω,
1646 1418 1754 1460 nec
1812 1418 1928 1459 non
1984 1406 2044 1458 et
2099 1417 2247 1477 quae
2303 1417 2375 1457 ex
2431 1396 2830 1476 monosyllabo
2899 1414 3006 1475 per

363 1522 409 1557 10
438 1498 601 1561 ἰῶτα
658 1505 1061 1578 geminantur,
1120 1508 1186 1559 ut
1239 1498 1375 1575 τρῶ
1428 1500 1659 1578 τιτρῶ,
1715 1498 1818 1580 βῶ
1859 1498 2064 1580 βιβῶ,
2121 1499 2258 1579 χρῶ
2303 1497 2530 1579 κιχρῶ.
2618 1499 2766 1558 haec
2811 1500 3004 1558 onmia

439 1623 624 1684 usque
682 1605 755 1664 ad
811 1604 1208 1681 inperfectum
1265 1608 1499 1681 tempus
1555 1612 1803 1682 possunt
1847 1602 2116 1669 extendi,
2165 1620 2281 1661 non
2327 1601 2478 1679 plus.
2567 1600 2719 1680 apud
2767 1600 3008 1660 Latinos

438 1705 719 1764 deficiunt
764 1707 1004 1784 inquam
1051 1712 1110 1763 et
1155 1723 1304 1765 sum.
1367 1722 1502 1764 nam
1546 1711 1862 1783 sequentes
1906 1722 2193 1783 personae
2227 1702 2554 1780 analogiam
2597 1705 2825 1781 primae
2871 1720 3004 1781 per-

438 1824 615 1866 sonae
662 1825 778 1865 non
825 1813 1089 1868 servant:
1140 1807 1391 1866 alterum
1436 1807 1593 1865 enim
1640 1808 1783 1866 facit
1813 1809 2052 1884 inquam
2084 1808 2283 1884 inquis
2315 1806 2534 1883 inquit,
2582 1806 2832 1865 alterum
2878 1822 3005 1863 sum

439 1927 503 1967 es
549 1915 669 1977 est,
720 1905 729 1989 Ι
779 1917 838 1967 et
894 1907 1037 1968 illud
1094 1907 1331 1987 quidem
1391 1910 1452 1967 in
1510 1908 1760 1987 reliquis
1814 1907 2087 1969 omnibus
2154 1907 2351 1967 deficit
2414 1905 2810 1986 temporibus:
2880 1925 3006 1965 sum

364 2030 413 2065 ις»
439 2029 579 2069 vero
623 2013 684 2070 in
731 2010 889 2070 aliud
934 2012 1178 2077 transit,
1227 2018 1291 2069 ut
1339 2017 1601 2088 tempora
1647 2009 1952 2088 conpleat,
2015 2028 2178 2070 eram
2224 2011 2312 2069 fui
2355 2028 2478 2068 ero.
2568 2017 2707 2069 sunt
2750 2026 2899 2088 quae
2945 2010 3005 2068 in

439 2114 627 2190 prima
675 2112 862 2171 solum
906 2129 1158 2190 persona
1205 2111 1523 2181 deficiunt,
1572 2130 1710 2172 ovas
1754 2120 1913 2171 ovat:
1963 2131 2071 2171 ovo
2116 2115 2276 2171 enim
2321 2112 2535 2171 lectum
2585 2128 2699 2171 non
2746 2119 2864 2170 est:
2927 2113 3005 2171 si·

438 2212 658 2273 militer
714 2215 877 2274 daris
935 2214 1125 2274 datur.
1216 2215 1376 2274 soleo
1439 2216 1630 2273 nescit
1693 2215 1990 2282 futurum;
2052 2212 2059 2294 Ι
2122 2232 2291 2273 verro
2358 2214 2685 2291 perfectum
2753 2215 3004 2288 ignorat.

437 2317 615 2392 genui
663 2335 730 2374 ex
779 2334 895 2394 quo
940 2315 1197 2375 themate
1244 2318 1405 2375 venit
1450 2316 1647 2376 nullus
1692 2318 1834 2385 scit,
1881 2316 2018 2375 licet
2062 2316 2247 2375 Varro
2292 2316 2511 2375 dixerit
2553 2320 2850 2391 genunt.
2899 2332 3007 2372 nec

337 2424 345 2441 ¹
436 2419 682 2478 mirum:
747 2436 881 2477 nam
936 2425 996 2476 et
1052 2417 1207 2496 apud
1254 2414 1510 2477 Graec’os
1555 2426 1673 2477 tant
1718 2421 2043 2497 praeterita
2088 2408 2352 2477 invenies
2398 2435 2571 2496 quam
2618 2416 2812 2476 sutura
2858 2434 3006 2493 quae

359 2538 410 2577 20
435 2521 736 2597 praesenti
783 2527 1049 2587 careant,
1096 2512 1347 2598 ἤνεγκα
1393 2515 1686 2599 ἔδραμον
1728 2520 1912 2579 οἴσω.

570 2776 601 2822 6
625 2774 758 2824 idem
784 2774 946 2824 Ianus
970 2774 1087 2822 item
1114 2774 1163 2823 P
1297 2775 1361 2823 14
1396 2773 1576 2822 defecit
1601 2775 1651 2823 P
1787 2775 1849 2823 18
1884 2770 2063 2838 Varro]
2092 2776 2144 2823 in
2168 2773 2418 2823 andabata
2447 2774 2562 2823 ‘sed
2590 2773 2721 2834 quod
2750 2772 2873 2822 haec
2897 2773 3006 2822 loca

437 2842 625 2903 aliquid
661 2841 876 2906 genunt‘
908 2843 1206 2891 I’visciumes
1239 2845 1270 2890 l.
1296 2841 1343 2890 X
1364 2859 1419 2905 p.
1447 2843 1565 2905 528,
1592 2844 1658 2891 26
1795 2845 1862 2892 20
1894 2857 2043 2893 οισω.
2081 2843 2325 2907 explicuit
2359 2843 2617 2891 defloratio
2655 2843 2718 2891 de
2743 2841 2869 2890 libro
2895 2857 3003 2889 am-

440 2910 589 2959 brosii
617 2912 858 2959 macrobii
886 2910 1130 2959 theodosii
1157 2925 1306 2973 quam
1333 2911 1579 2960 iohannes
1604 2922 1861 2975 carpserat
1892 2912 1957 2958 ad
1983 2912 2252 2960 discendas
2276 2925 2537 2974 grecorum
2565 2913 2829 2959 uerborum
2855 2924 3005 2972 regu-

439 2978 515 3026 las
541 2976 602 3026 P.
639 2987 916 3043 sequuntur
939 2980 1121 3027 deinde
1153 2980 1205 3026 in
1227 2980 1402 3029 codice
1437 2979 1577 3041 ltuec,
1614 2996 1742 3043 quae
1767 2987 2048 3058 excerptor
2071 2979 2328 3028 Macrobii
2354 2979 2624 3028 subiecisse
2657 2980 2885 3027 videtur:
2926 2970 3006 3027 Τὸ

439 3038 593 3109 ὅῆμα
627 3037 989 3110 ἐνεργητικὸν
1024 3044 1125 3109 τῆς
1158 3037 1446 3111 ὁριστικῆς
1482 3041 1777 3112 ἐγκλίσεως
1811 3062 1959 3096 κατα
1982 3042 2208 3112 πρώτην
2231 3040 2339 3111 τὴν
2363 3046 2636 3110 συζυγίαν
2659 3042 3005 3111 περισπωμέ·

438 3122 577 3162 νων·
615 3104 910 3170 ἐνεστῶτος
942 3113 1086 3164 ποιῶ
1116 3116 1303 3172 ποιεῖς
1334 3118 1499 3165 ποιεῖ
1521 3113 1800 3179 ποιοῦμεν
1832 3118 2048 3165 ποιεῖτε
2071 3113 2314 3176 ποιοῦσι,
2350 3112 2742 3178 παρατατικοῦ
2774 3105 3007 3164 ἐποίουν

437 3174 652 3239 ἐποίεις
687 3173 871 3232 ἐποίει
906 3173 1210 3245 ἐποιοῦμεν
1242 3173 1483 3233 ἐποιεῖτε
1520 3173 1773 3248 έποίουν,
1807 3179 2232 3247 παρακειμένου
2255 3181 2544 3248 πεποίηκα
2566 3181 2745 3232 πεποί
2780 3198 2884 3239 κας
2907 3197 3003 3231 πε-

435 3248 642 3312 ποίηκε
664 3241 1060 3314 πεποιήκαμεν
1077 3244 1425 3314 πεποιήκατε
1445 3245 1809 3315 πεποιήκασι,
1842 3245 2321 3315 ὑπερσυντελικοῦ
2351 3243 2716 3314 ἐπεποιήκειν
2768 3242 3002 3314 πεποιή-

437 3330 556 3372 κεις
608 3308 938 3381 ἐπεποιήκει
991 3310 1430 3381 ἑπεποιήκειμεν
1479 3310 1874 3382 ἐπεποιήκειτε
1925 3313 2389 3382 ἐπεποιήκεισαν,
2441 3315 2739 3383 μέλλοντος
2788 3315 3006 3382 ποιήσω

435 3375 692 3449 ποιήσεις
716 3378 941 3450 ποιήσει
966 3377 1279 3450 ποιήσομεν
1303 3382 1569 3451 ποιήσετε
1602 3379 1917 3451 ποιήσουσι.
1989 3389 2318 3452 imperativus
2353 3380 2651 3443 ἐνεστῶτος
2694 3384 2792 3436 καὶ
2825 3402 3006 3448 παρα-

437 3452 671 3502 τατικοῦ
705 3453 857 3504 ποίει
892 3453 1123 3503 ποιείτω
1156 3456 1376 3503 ποιεῖτε
1412 3453 1770 3516 ποιείτωσαν,
1805 3450 2233 3520 παρακειμένου
2266 3453 2363 3506 καὶ
2397 3447 2875 3520 ὖπερσυντελικοῦ
2902 3469 3002 3505 πε·

437 3519 640 3584 ποίηκε
674 3515 1030 3586 πεποιηκέτω
1066 3515 1406 3586 πεποιήκετε
1446 3517 1937 3586 πεποιηκέτωσαν,
1982 3516 2252 3583 ἀορίστου
2291 3519 2391 3572 καὶ
2422 3517 2723 3587 μέλλοντος
2764 3522 3006 3588 ποίησον

435 3581 723 3650 ποιησάτω
757 3582 1031 3653 ποιήσατε
1074 3584 1487 3654 ποιησάτωσαν.
1558 3591 1909 3639 coniunctivns
1943 3582 2324 3647 ὑποτακτικός
2356 3582 2658 3648 ἐνεστῶτος
2691 3590 2788 3641 καὶ
2824 3607 3003 3654 παρα-

435 3654 668 3705 τατικοῦ
704 3649 809 3706 ἐὰν
840 3655 984 3706 ποιῶ
1019 3649 1123 3706 ἐὰν
1155 3655 1323 3722 ποιῇς
1359 3649 1463 3708 ἐάν
1486 3656 1623 3721 ποιῇ
1649 3650 1755 3707 ἐὰν
1779 3657 2027 3724 ποιῶμεν
2054 3652 2158 3709 ἐὰν
2180 3657 2378 3721 ποιῆτε
2405 3651 2509 3709 ἐὰν
2534 3657 2791 3721 ποιῶσιν,
2823 3675 3000 3724 παρα-

436 3719 699 3787 κειμένου
732 3721 830 3774 καὶ
864 3715 1342 3789 ὖπερσυντελικοῦ
1375 3717 1480 3775 ἐὰν
1511 3719 1805 3791 πεποιήκω
1841 3719 1942 3778 ἐὰν
1968 3719 2285 3793 πεποιήκῃς
2317 3719 2421 3778 ἐὰν
2453 3742 2625 3778 πεποι
2652 3723 2741 3792 ’κῃ
2778 3721 2880 3777 ἐὰν
2910 3742 3004 3776 πεἡ

435 3784 761 3855 ποιήκωμεν
786 3784 899 3842 »ἐὰν
933 3786 1280 3858 πεποιήκητε
1315 3785 1420 3842 ἐάν
1453 3788 1867 3858 πεποιήκωσιν,
1904 3790 2202 3859 μέλλοντος
2238 3788 2342 3846 ἐάν
2374 3787 2589 3860 ποιήσω
2660 3792 2734 3845 ἀν
2769 3791 3004 3860 ποιήσῃς

436 3851 539 3909 ἐὰν
572 3853 783 3925 ποιήσῃ
819 3852 922 3909 ἐὰν
954 3853 1281 3925 ποιήσωμεν
1305 3853 1408 3910 ἐὰν
1441 3854 1715 3926 ποιήσητε
1751 3854 1857 3912 ἐὰν
1887 3857 2216 3926 ποιήσωσιν.
2288 3864 2540 3928 optativus
2575 3854 2874 3920 ἐνεστῶτος
2906 3859 3002 3912 καὶ

436 3925 828 3991 παρατατικοῦ
867 3932 1087 3992 ποιοῖμι
1129 3933 1318 3985 ποιοῖς
1358 3933 1527 3980 ποιοῖ
1567 3934 1834 3995 ποιοῖμεν
1873 3935 2092 3982 ποιοῖτε
2143 3936 2394 3995 ποιοῖεν,
2443 3926 2867 3995 παρακειμένου
2906 3928 3002 3980 καὶ

433 3987 913 4056 ὑπερσυντελικοῦ
942 3991 1310 4060 πεποιήκοιμι
1347 3989 1682 4061 πεποιήκοις
1716 3991 2022 4063 πεποιήκοι
2057 3992 2468 4066 πεποιήκοιμεν
2509 3991 2873 4065 πεποιήκοιτε
2906 4013 3001 4048 πε-

432 4057 754 4128 ποιήκοιεν,
790 4053 1060 4127 ἀορίστου
1094 4057 1395 4129 ποιήσαιμι
1430 4060 1697 4128 ποιήσαις
1729 4059 1964 4129 ποιήσαι
1991 4059 2335 4132 ποιήσαιμεν
2357 4061 2659 4145 ποιήσαιτε
2682 4060 3003 4131 ποιήσαιεν,

432 4127 737 4195 μέλλοντος
771 4126 1064 4196 ποιήσοιμι
1098 4127 1356 4198 ποιήσοις
1392 4124 1618 4196 ποιήσοι
1653 4127 1991 4197 ποιήσοιμεν
2022 4126 2316 4197 ποιήσοιτε
2346 4149 2658 4200 ποιησοιεν.
2730 4137 3005 4184 infinitivus

436 4190 738 4275 {vectrices
763 4197 861 4249 καὶ
883 4198 1277 4263 παρατατικοῦ
1308 4202 1520 4264 ποιεῖν,
1552 4197 1978 4266 παρακειμένου
2016 4214 2063 4250 et
2098 4194 2573 4263 ὑπερσυντελικοῦ
2608 4200 3004 4268 πεποιηκέναι,

437 4266 706 4332 αορίστου
731 4266 985 4332 ποιῆσαι,
1013 4263 1316 4332 μέλλοντος
1341 4262 1620 4332 ποιήσειν.

593 4338 841 4395 Quoniam
872 4336 1155 4385 Macrobius
1179 4335 1497 4386 Theodosius
1530 4336 1711 4385 librum
1746 4338 1810 4384 de
1844 4337 2141 4387 differentiis
2176 4340 2339 4400 deque
2372 4341 2698 4389 societatibus
2738 4341 3002 4388 verborum

437 4405 700 4467 utriusque
726 4404 947 4466 linguae,
984 4419 1198 4468 graecae
1223 4405 1412 4453 scilicet
1437 4416 1592 4466 atque
1619 4404 1820 4468 latinae,
1856 4408 2155 4470 composuit,
2194 4408 2241 4456 in
2271 4422 2370 4469 quo
2396 4408 2533 4456 varie
2558 4408 2869 4470 confuseque
2897 4424 3002 4456 vet·-

438 4472 612 4520 borum
642 4472 841 4536 regulas
868 4473 1142 4530 miscuerit,
1181 4474 1345 4520 visum
1374 4472 1495 4520 milti
1522 4483 1598 4521 est
1624 4474 1783 4537 primo
1810 4474 2024 4522 eundem
2061 4475 2286 4522 eiusdem
2315 4476 2490 4523 eodem
2518 4491 2616 4537 quo
2641 4478 2752 4541 ipse
2778 4491 2903 4524 usus
2930 4489 3004 4525 est

436 4541 611 4589 ordine
650 4543 862 4588 breviter
896 4541 1156 4600 deflorare,
1194 4541 1463 4604 aliquando
1490 4542 1804 4605 permutatiS,
1839 4542 2043 4606 saepius
2078 4543 2267 4592 eisdem
2292 4544 2476 4604 quibus
2501 4556 2550 4592 et
2575 4544 2658 4592 ille
2683 4545 2869 4592 utendo
2895 4560 3004 4593 ser·

437 4608 696 4671 monibus;
732 4609 914 4657 deinde
948 4609 1260 4672 singularum
1294 4610 1710 4672 coniugationum
1746 4611 1964 4673 regulas,
1999 4611 2046 4658 iu
2085 4621 2325 4674 qnantum
2362 4628 2424 4660 ex
2459 4613 2738 4661 rationibus
2764 4614 3002 4676 praedicti

439 4677 656 4724 auctoris
682 4677 850 4741 colligi
876 4688 1169 4742 potuerunt,
1207 4692 1476 4743 exponere.
1527 4678 1575 4724 in
1603 4679 1786 4740 quibus
1812 4679 1971 4741 siquis
2001 4679 2154 4728 multa
2179 4694 2273 4728 nos
2299 4681 2698 4746 praetertttisisse
2733 4697 3003 4746 perspexe-

437 4743 517 4804 rit,
552 4750 679 4792 sciat
713 4745 835 4792 illud
874 4760 973 4793 uon
1012 4757 1183 4794 nostra
1218 4746 1413 4794 desidia
1448 4761 1562 4793 esse
1597 4745 1800 4807 sactum,
1835 4747 1927 4795 sed
1957 4749 2074 4808 quia
2100 4748 2161 4795 de
2189 4748 2267 4797 his
2291 4764 2421 4811 quae
2444 4749 2634 4797 intacta
2661 4749 2894 4798 videntur
2919 4761 3003 4799 aut

437 4812 718 4874 ambiguam
749 4823 834 4860 :tut
855 4815 1040 4862 nullam
1070 4815 1328 4878 potuimus
1350 4814 1573 4862 invenire
1592 4814 1800 4862 rationis
1826 4816 2191 4867 auctoritatem.
2222 4818 2468 4876 quaedam
2491 4829 2654 4865 tamen
2678 4820 3000 4881 inseruimus,

435 4894 564 4941 quae
600 4883 745 4929 nobis
771 4897 835 4930 ex
860 4884 1183 4947 proportione
1216 4883 1431 4930 aliorum
1470 4882 1760 4930 verisimilia
1786 4881 1890 4931 sseri
1917 4885 2023 4932 visa
2054 4898 2189 4934 sunt.
2238 4900 2353 4934 cum
2379 4886 2531 4950 igitur
2555 4887 2732 4936 Graeci
2760 4889 2998 4951 coniuga-
