3541 5564
529 339 657 405 590
1391 341 1487 401 DE
1533 339 1781 401 DVBllS
1827 339 2238 400 NOMINIBVS

583 462 624 502 p.
651 452 715 491 98.
743 452 793 490 99
823 449 871 491 H.

699 529 905 609 Syrma
952 531 1192 607 generis
1237 530 1464 598 neutri;
1510 530 1743 607 priores
1788 529 2089 596 seminini,
2141 535 2203 587 ut
2233 529 2543 589 Cornelius
2572 529 2829 605 ‘tragica
2863 533 3109 607 syrma'.

699 631 976 711 Supellex
1023 633 1263 708 generis
1307 631 1606 698 feminini,
1654 637 1719 690 ut
1763 631 2126 691 Prudentius
2171 634 2324 691 ‘tota
2372 630 2689 709 supellex’.

701 734 864 794 Situs
908 734 1020 793 loci
1068 734 1305 810 generis
1352 733 1693 800 masculini,
1742 739 1809 791 ut
1851 732 2097 793 Porcina
2145 730 2281 791 ‘ille
2326 735 2478 793 situs
2522 732 2719 793 selix’.

699 836 1019 896 Scabillum
1079 837 1317 912 generis
1372 836 1605 903 neutri,
1678 837 1834 894 sicut
1888 853 2222 902 scamnum,
2298 843 2359 894 ut
2418 835 2600 894 Varro
2658 836 2720 893 in
2776 835 3115 895 actionibus

530 941 801 999 scenicis
3139 953 3167 990 5

698 1039 849 1100 Sues
892 1057 1111 1116 genere
1156 1038 1443 1098 feminino
1488 1037 1769 1098 dixerunt
1816 1041 2077 1118 antiqui,
2125 1048 2189 1098 ut
2235 1038 2376 1098 illud
2426 1035 2618 1116 (Petri
2650 1056 2745 1114 ep.
2793 1038 2843 1098 11
2886 1035 2957 1108 2,
3005 1036 3111 1118 22)

532 1148 670 1202 ‘sus
727 1141 841 1201 lota
899 1143 960 1201 in
1022 1140 1328 1201 volutabro
1384 1139 1542 1199 luti’.
1635 1141 1735 1200 sed
1797 1141 2076 1217 Virgilius
2134 1138 2212 1218 (y.
2263 1141 2282 1199 l
2330 1137 2475 1219 400)
2521 1158 2741 1218 genere
2788 1140 3116 1201 masculino

533 1242 834 1303 ‘inmundi
882 1244 1209 1302 meminere
1255 1243 1451 1302 sucs’.

702 1344 923 1404 Saccus
953 1345 1192 1421 generis
1226 1343 1562 1413 masculini,
1609 1352 1673 1403 ut
1706 1343 1892 1402 Varro
1925 1345 2156 1404 ‘vinum
2193 1346 2287 1404 cui
2321 1345 2473 1404 nihil
2506 1345 2775 1404 sacculus
2806 1345 3110 1406 abstulit'.

702 1448 860 1525 Stips
906 1445 977 1505 de
1025 1446 1225 1523 stipite
1271 1448 1508 1522 generis
1551 1448 1855 1513 seminini,
1918 1455 1980 1505 ut
2023 1449 2206 1526 stirps
2251 1446 2325 1506 ab
2370 1448 2576 1525 stirpe.
3146 1467 3197 1500 ιο

703 1548 852 1626 Seps
896 1549 1135 1624 generis
1179 1548 1479 1616 seminini,
1528 1553 1592 1607 ut
1622 1548 1904 1625 Virgilius
1939 1546 2010 1626 (b.
2054 1545 2105 1617 l,
2137 1545 2240 1629 54)
2290 1550 2513 1609 ‘vicina
2560 1548 2632 1608 ab
2680 1549 2867 1609 limite
2915 1551 3111 1628 seps’;

535 1649 637 1709 sed
683 1648 896 1710 melius
943 1650 1130 1726 sepiS,
1178 1649 1312 1726 quia
1356 1652 1690 1728 praesepiS‚
1738 1668 1856 1710 non
1902 1669 2203 1730 praesepS.
2991 1653 2999 1658 ’

703 1751 1049 1812 Stomachus
1103 1751 1341 1827 generis
1398 1750 1734 1821 masculini,
1794 1755 2062 1831 quamvis
2107 1774 2143 1809 aa
2215 1752 2526 1833 pluraliter
2585 1752 2743 1813 dicat
2788 1753 3114 1814 ‘stomachi

534 1871 725 1930 nuper
770 1853 1059 1932 decepti’.
1112 1851 1118 1930 Ι

703 1954 884 2016 Stiria
929 1954 1209 2014 dicuntur
1240 1954 1313 2015 ab
1356 1955 1558 2025 stillis,
1606 1976 1757 2036 quae
1789 1957 2070 2034 Virgilius
2119 1954 2196 2032 (q.
2231 1953 2486 2034 111366)
2534 1975 2754 2034 genere
2800 1960 3111 2026 feminino,
3151 1979 3198 2016 ιε»

533 2056 718 2115 Varro
764 2065 975 2117 neutro
1021 2057 1225 2116 dixit·
1278 2058 1379 2116 sed
1429 2060 1570 2117 vicit
1617 2057 1846 2137 Virgilii
1894 2061 2230 2120 auctoritas,

702 2158 912 2218 Strues
953 2160 1195 2236 generis
1239 2160 1541 2228 feminini,
1592 2169 1655 2219 ut
1682 2161 2001 2222 Fabianus
2046 2162 2421 2234 ‘coacervata
2470 2164 2723 2222 strues’.

705 2260 904 2320 Scalas
950 2269 1009 2320 et
1054 2278 1260 2338 scopas
1315 2268 1534 2337 negant
1577 2266 1948 2339 grammatici
1994 2263 2334 2342 pluraliter;
2393 2263 2492 2323 sed
2542 2265 2906 2324 consuetudo
2952 2266 3111 2323 vicit.

702 2361 913 2422 Serum
970 2363 1140 2422 lactis
1195 2365 1434 2438 generis
1491 2367 1717 2433 neutri,
1780 2373 1844 2425 ut
1900 2364 2178 2426 Rabirius
2232 2367 2327 2424 ‘in
2386 2372 2655 2425 tenerum
2714 2373 2804 2425 est
2859 2366 3113 2426 deducta

534 2482 732 2524 serum
777 2483 916 2543 pars
959 2466 1166 2524 intima
1212 2464 1437 2524 lactis’.
3143 2496 3201 2533 20

703 2565 994 2626 Salientes
1062 2584 1346 2645 aquarum
1415 2569 1655 2643 generis
1720 2568 2063 2637 masculini,
2135 2577 2199 2629 ut
2263 2569 2494 2630 Caelius
2560 2571 2947 2649 perpetuum
3018 2589 3113 2630 sa-

531 2668 833 2728 lientem'.
2078 2725 2083 2731 .

704 2769 873 2830 Serta
920 2769 1232 2849 pluraliter
1277 2769 1424 2831 dixit
1456 2770 1740 2849 Virgilius
1784 2791 1820 2825 -κ
1880 2771 2031 2832 ‘huc
2076 2767 2215 2833 ades
2246 2772 2430 2834 Aonia
2477 2776 2704 2835 crinem
2750 2775 3115 2836 circumdata
3194 2834 3209 2847 ,

545 2874 756 2931 serta'.
852 2872 954 2932 sed
1000 2872 1346 2951 Propertius
1393 2871 1464 2950 (11
1509 2870 1623 2943 33,
1670 2871 1773 2953 37)
1822 2873 1968 2933 dicit
2012 2875 2181 2934 ‘cum
2230 2883 2331 2934 tua
2372 2877 2778 2956 praependent
2822 2878 3115 2937 demissae

542 2976 601 3033 in
649 2971 857 3052 pocula
904 2976 1151 3033 sertae’.
1243 2984 1380 3035 sunt
1426 2976 1583 3034 enim
1631 2960 1824 3036 sertae
1870 2978 2025 3036 sicut
2068 2994 2339 3036 coronae.
3144 3004 3200 3043 25

706 3074 1036 3153 Simpulum
1081 3078 1317 3152 generis
1364 3079 1593 3146 neutri,
1642 3086 1705 3137 ut
1751 3079 1934 3137 Varro
1980 3077 2051 3137 ad
2085 3078 2401 3138 Neronem.

681 3263 705 3312 1
744 3278 912 3328 syrma
944 3263 1110 3315 Prisc.
1143 3262 1273 3325 200,
1315 3263 1339 3312 1
1489 3262 1553 3313 10
1588 3265 1716 3329 stips
1751 3263 1901 3314 Char.
1943 3264 2059 3324 109,
2093 3265 2160 3314 26
2303 3263 2366 3315 13
2403 3266 2691 3315 stomachus
2732 3267 2882 3318 Char.
2917 3268 3004 3326 81,
3044 3270 3112 3317 24

673 3333 738 3383 23
776 3343 911 3383 serta
951 3334 1102 3385 Char.
1134 3333 1251 3396 107,
1293 3334 1358 3383 25
1392 3332 1536 3383 Serv.
1576 3337 1626 3384 in
1669 3337 1828 3399 Ver-9.
1867 3335 1995 3386 Aen.
2040 3336 2056 3382 l
2093 3334 2193 3385 417

539 3440 570 3445 ,ἠ
653 3440 764 3444 --
951 3437 1138 3445 -ᾳ-

683 3505 708 3556 1
745 3506 900 3554 sirma
933 3506 981 3554 L
1120 3504 1361 3553 cornilius
1403 3506 1467 3554 M
1489 3507 1540 3549 V
1674 3507 1869 3572 tragica
1906 3521 2074 3570 syrma
2115 3508 2366 3569 Hauptius
2401 3508 2499 3556 tria
2533 3522 2686 3572 greca
2721 3523 2889 3571 syrma
2926 3510 2978 3556 V
3010 3516 3112 3557 tra-

536 3590 713 3640 grema
751 3590 897 3638 casyr
936 3575 1000 3624 M
1099 3576 1131 3624 2
1170 3575 1436 3639 suppellex
1469 3576 1614 3625 ML:
1653 3576 1889 3641 supellex
1926 3604 1995 3612 —
2031 3585 2133 3625 tota
2168 3577 2399 3642 supellex
2437 3594 2528 3629 om.
2572 3578 2625 3624 V
2763 3587 2861 3626 tota
2893 3572 3113 3644 supplex

541 3643 627 3693 M:
667 3646 808 3709 apud
831 3644 1341 3695 Prudentium,verba
1379 3659 1474 3695 non
1503 3647 1668 3696 inveni
1804 3646 1837 3697 3
1876 3644 1959 3695 ille
1994 3647 2056 3698 H.
2092 3646 2335 3709 Meyer-ns
2371 3656 2502 3697 orat.
2532 3647 2667 3696 Rom.
2706 3650 2892 3712 fragm.
2927 3664 2979 3710 p.
3013 3647 3116 3699 196

539 3714 618 3767 ed.
659 3730 760 3770 sec.
799 3713 872 3765 illi
906 3714 972 3764 M
1004 3714 1102 3762 illis
1142 3715 1194 3763 V
1365 3717 1394 3765 5
1433 3716 1648 3765 scenicis
1687 3716 1943 3778 Hauptius
1988 3718 2141 3765 seinis
2180 3716 2247 3765 M
2262 3719 2328 3770 V.
2377 3720 2601 3782 sequitur
2635 3720 2686 3766 in
2720 3720 2768 3767 L
2802 3719 2956 3783 stirps
2989 3733 3110 3783 gen.

543 3784 660 3834 fem.
766 3785 797 3833 7
826 3784 1091 3849 uolutapro
1130 3784 1244 3832 lutis
1279 3786 1409 3852 nirg.
1453 3785 1517 3833 M
1615 3786 1648 3836 8
1678 3788 1943 3839 miminere
1980 3788 2033 3836 V
2069 3787 2346 3836 mimineris
2379 3788 2445 3842 M
2545 3787 2578 3832 Ω
2618 3786 2799 3854 Varro]
2844 3789 2913 3851 cs.
2948 3790 3111 3841 lucil.

537 3855 676 3918 apud
702 3855 803 3905 oie.
834 3856 897 3904 de
913 3857 1003 3917 fin.
1042 3856 1084 3903 11
1112 3854 1162 3912 8,
1188 3855 1255 3906 23
1330 3854 1395 3904 10
1429 3856 1557 3919 stips
1594 3872 1686 3910 om,
1720 3857 1764 3905 L
1872 3856 1935 3905 de
1972 3857 2157 3923 stipide
2193 3857 2329 3905 MV
2432 3867 2482 3905 ut
2518 3858 2689 3934 stit-ips
2724 3858 2788 3906 M
2889 3859 2947 3908 11
2988 3873 3115 3922 sepe

539 3926 585 3973 L
692 3926 856 3973 uicina
883 3925 944 3973 ad
982 3926 1167 3974 limites
1199 3939 1317 3989 seps
1345 3926 1410 3973 M
1441 3926 1608 3974 uicino
1635 3927 1697 3976 ab
1737 3926 1924 3975 limites
1950 3943 2069 3991 seps
2104 3929 2167 3976 V.
2203 3943 2322 3992 seps
2354 3935 2431 3975 est
2467 3917 2606 3989 apiaed
2640 3929 2910 3992 Vergilium
2931 3930 3116 3992 legisse

531 3997 901 4058 ‘qrammaticum
935 3996 1144 4044 coniecit
1171 3994 1427 4056 Hauptius
1568 3997 1631 4046 12
1670 3993 1809 4063 quia]
1854 4014 1883 4059 q
1923 3998 1988 4046 M
2129 3998 2189 4047 13
2228 4001 2472 4055 lacunam,
2505 4013 2603 4060 qua
2638 4015 2811 4049 nomen
2844 4000 3115 4059 scriptoris

530 4065 745 4122 excidit,
783 4065 1000 4114 indicavi
1140 4065 1203 4115 15
1231 4065 1373 4113 stiria
1408 4080 1501 4118 om.
1541 4067 1586 4115 L
1754 4067 1818 4116 ab
1859 4067 2006 4116 stillis
2046 4068 2299 4130 Hauptius
2328 4069 2437 4115 coll.
2477 4065 2619 4117 Serv.
2658 4072 2707 4117 in
2742 4070 2899 4132 Vera.
2933 4083 3112 4131 ,ocor-9.

537 4138 569 4183 l.
601 4149 645 4186 c.
682 4134 744 4182 ab
775 4134 909 4185 stitis
948 4135 1082 4184 MV
1217 4136 1250 4198 ἦ
1288 4134 1348 4182 Μ
1386 4135 1504 4198 quia
1551 4137 1605 4183 V
1757 4137 1822 4186 16
1857 4138 1989 4185 uieet
2022 4136 2085 4185 M
2242 4138 2303 4187 17
2351 4136 2586 4185 fauianus
2626 4138 2761 4187 MV
2894 4152 2993 4199 quo
3031 4154 3114 4186 ce—

540 4212 682 4254 ruata
719 4204 782 4251 M
920 4203 984 4254 18
1015 4205 1149 4252 scale
1186 4206 1457 4255 dicendum
1497 4213 1547 4253 et
1581 4220 1732 4270 scope
1770 4221 1888 4271 gen.
1926 4205 2046 4259 fem.
2081 4209 2155 4257 L:
2197 4222 2382 4271 scupas
2418 4207 2477 4256 M
2501 4210 2550 4256 V
2680 4216 2858 4271 regant
2887 4206 2962 4256 M.
2996 4208 3113 4268 for

534 4282 672 4324 tasse
711 4281 898 4340 negant
933 4277 1252 4339 grammatici
1286 4275 1613 4340 singulariter
1648 4277 1767 4328 dici.
1807 4292 1919 4326 nam
1953 4277 2140 4326 scalam
2186 4284 2238 4326 et
2268 4291 2471 4342 scopam
2507 4292 2538 4328 a
2578 4276 2932 4327 recentior-ibus
2968 4278 3116 4327 etiam

533 4360 686 4409 saepe
721 4346 1050 4409 singulariter
1081 4343 1264 4395 dictam
1301 4361 1411 4395 esse
1436 4353 1634 4395 constat
1778 4347 1841 4397 19
1879 4348 2106 4396 lactantis
2138 4348 2203 4396 M
2335 4348 2403 4396 20
2435 4349 2484 4396 in
2526 4359 2750 4396 tenerum
2790 4356 2866 4396 est
2897 4336 3114 4396 deducta

537 4430 703 4463 serum
749 4430 866 4478 pars
913 4416 1090 4463 intima
1138 4415 1282 4466 lactis
1320 4416 1576 4479 Hauptius
1609 4417 1661 4465 in
1710 4426 1910 4465 teneum
1951 4426 2026 4466 est
2075 4417 2287 4467 deducta
2336 4419 2384 4465 in
2435 4417 2511 4481 (in
2553 4434 2640 4466 om.
2679 4417 2764 4479 V)
2802 4419 3113 4481 parsimonia

538 4485 677 4534 lactis
715 4484 849 4533 MV
948 4486 1010 4534 21
1052 4485 1208 4533 celius
1246 4487 1298 4533 V
1383 4487 1450 4539 23
1487 4487 1664 4535 sirtum
1699 4501 1819 4552 gen.
1862 4497 1995 4537 neut.
2036 4489 2085 4537 L
2192 4488 2314 4535 dicit
2355 4488 2407 4535 V
2506 4489 2685 4537 lacuna
2721 4503 2863 4552 quam
2900 4487 3121 4536 indicavi

536 4556 728 4603 excidit
763 4570 936 4605 vermes
981 4556 1196 4619 Vergilii
1229 4554 1387 4610 bucol.
1424 4556 1472 4620 6,
1514 4555 1594 4618 16,
1632 4572 1772 4623 quem
1810 4574 1908 4607 una
1942 4574 2047 4607 cum
2083 4574 2232 4607 versu
2268 4559 2485 4607 Cornelii
2515 4556 2707 4619 Severi,
2746 4559 2832 4619 qui
2868 4560 3113 4622 sequitur,

537 4633 587 4674 et
620 4626 879 4686 Propertii
910 4626 1078 4689 posuit
1105 4625 1363 4675 Charisius
1501 4624 1599 4674 huc
1635 4628 1757 4676 ades
1796 4629 2118 4677 aumacrinae
2158 4629 2495 4677 circumdatae
2533 4637 2695 4677 sertae
2743 4628 2795 4674 V
2822 4626 2920 4675 huc
2955 4627 3117 4676 adhe-,s

538 4696 622 4746 aii
662 4696 832 4744 acrine
863 4695 1170 4745 circumdate
1200 4706 1333 4744 serte
1365 4696 1430 4744 M
1530 4696 1599 4745 24
1636 4700 1721 4746 tua
1756 4698 2101 4762 praepandent
2138 4697 2205 4746 M
2233 4707 2318 4746 tua
2357 4698 2665 4762 praeandent
2715 4699 2767 4745 V
2879 4696 3118 4746 clemisse

541 4763 603 4811 M
772 4766 839 4813 25
869 4765 1049 4828 poculo
1089 4765 1218 4815 MV
1375 4765 1442 4815 2ss
1479 4766 1752 4828 simpulum
1790 4767 2048 4833 Hauptins
2077 4767 2347 4817 simbulum
2395 4767 2525 4816 MV
2555 4767 2821 4816 simbolum
2863 4767 2906 4816 L
3050 4767 3117 4815 ad

539 4832 783 4883 Nemnem
822 4835 1076 4901 Hauptius
1109 4834 1159 4885 in
1192 4849 1430 4895 peronem
1464 4834 1528 4885 M
1546 4837 1597 4885 V
