3541 5564
581 327 707 393 330
1666 329 2070 392 CONSENTII

581 539 646 601 p.
694 514 949 598 XLV),
996 513 1041 579 f.
1090 513 1437 578 49*—56*
1494 514 1708 599 Sergii
1762 512 2267 579 commentarius
2324 510 2425 573 de
2459 508 2678 573 littera
2734 517 2857 573 ete.
2908 503 3022 590 (cf.
3069 506 3157 569 ib.

580 639 644 701 p.
692 615 1051 701 XLVIII):
1113 627 1474 702 sequuntur
1528 616 1722 702 pauci
1777 638 2007 681 versus
2064 638 2149 679 ex
2202 611 2663 677 commentario
2720 610 2785 672 in
2828 609 3161 673 Donatum

581 715 824 796 relicti,
893 722 1212 781 Sciendum
1273 729 1360 781 est
1413 725 1619 797 primo
1683 726 1830 797 quia
1895 723 2229 782 auctoritas
2286 722 2733 795 scripturarum
2788 718 2887 776 uel
2938 716 3161 774 artium

576 827 926 898 plerumque
999 825 1189 883 tribus
1265 826 1713 884 commendatur
1774 826 1983 884 modis.
2073 817 2298 883 codice
2370 798 2678 881 Leidenisi
2750 813 3163 878 continentur

581 922 767 1000 hacc,
815 921 860 982 f.
899 922 929 982 1
975 927 1149 998 ylosa
1180 943 1258 985 ca:
1291 929 1498 1001 primo
1541 928 1697 985 libro
1732 927 2039 1002 prisciani
2076 923 2591 996 constantinopoli
2614 921 2830 996 scrips.
2871 914 2882 999 Ι
2929 917 3157 978 caesar.

583 1027 876 1085 Caesaria
919 1029 1139 1087 ciuitas
1182 1029 1243 1086 in
1283 1031 1541 1101 (sraecia
1585 1061 1669 1070 --
1715 1024 1760 1086 f.
1809 1024 1893 1087 30
1936 1028 2011 1086 de
2055 1029 2223 1085 tiara
2268 1020 2502 1106 (Prisc.
2548 1017 2591 1082 l.
2637 1014 2878 1082 XVIII
2920 1038 2984 1101 p.
3018 1014 3159 1090 375,

589 1123 689 1208 15)
729 1129 916 1202 pilleo
957 1130 1229 1203 explicit.
1276 1125 1678 1209 interpositis
1711 1125 1937 1211 paucis
1969 1123 2268 1189 versibus
2300 1130 2367 1186 et
2409 1118 2673 1184 scholiis
2717 1116 3161 1203 grammaticis

580 1224 627 1286 f.
674 1225 748 1286 31
803 1230 1016 1303 incipit
1059 1246 1164 1288 ars
1206 1233 1501 1289 consentii
1543 1234 1599 1289 ῐι.
1647 1232 1700 1289 ἒ.
1751 1232 1828 1290 de
1872 1232 2159 1306 partibus
2201 1230 2494 1289 orationis
2543 1221 2553 1308 Ι
2604 1227 2818 1284 Partes
2872 1224 3165 1283 orationis

578 1349 662 1373 —·-
708 1324 754 1385 f.
802 1324 935 1387 60*
986 1330 1204 1401 fontes.
1262 1334 1467 1407 explic
1527 1333 1602 1390 de
1666 1333 1848 1394 uerbo
1896 1328 1907 1412 Ι
1961 1333 2049 1391 De
2093 1332 2472 1406 pronomine.
2546 1328 2921 1387 Pronomina
2972 1326 3164 1399 qentis

583 1434 755 1491 cuias
798 1437 1039 1490 nostras
1084 1434 1315 1492 ordinis
1358 1442 1570 1507 quotus
1612 1440 1768 1493 totus
1817 1465 1890 1475 —
1939 1428 1987 1492 f.
2018 1429 2140 1492 61*
2185 1433 2274 1491 De
2314 1431 2721 1491 interiectione
2762 1429 3006 1487 letantis
3047 1426 3163 1484 heu

581 1534 1043 1592 admirationem
1088 1536 1506 1609 respondentis
1537 1553 1628 1611 py
1673 1537 1873 1594 animo
1917 1536 2231 1594 metuentis
2260 1539 2394 1593 atat
2432 1535 2683 1592 nitentes
2725 1531 2891 1590 ltalia
2935 1535 2993 1587 et
3035 1529 3163 1587 cla-

580 1638 799 1693 mantis
857 1642 914 1693 et
967 1638 1297 1695 coercentis
1350 1637 1480 1694 hcm
1540 1638 1873 1711 aliquando
1928 1638 2289 1695 admirantis
2332 1635 2464 1693 hem
2513 1636 2735 1705 finiunt
2776 1633 2894 1691 liae
2924 1636 3159 1705 partes.

579 1754 731 1794 nam
777 1734 1238 1797 commentario
1273 1731 1352 1797 dc
1384 1733 1586 1797 verbo
1619 1733 1900 1797 subiecti
1944 1742 2097 1796 sunt
2127 1734 2361 1797 breves
2408 1740 2725 1796 tractatus
2772 1728 2853 1793 de
2896 1727 3162 1813 reliquis

579 1833 881 1918 partibus
939 1835 1245 1897 orationis
1294 1834 1433 1897 sine
1491 1845 1666 1899 certo
1712 1856 1931 1898 rerum
1976 1833 2203 1897 ordine
2249 1855 2332 1898 ex
2376 1832 2646 1898 aliorum
2692 1830 3163 1917 grammatico—

582 1957 725 1998 rum
773 1934 957 1999 libris
1015 1933 1272 1999 collecti
1330 1948 1395 2001 ct
1449 1936 1872 2001 vitiosissime
1928 1936 2175 2022 scripti.
2263 1935 2331 1997 in
2375 1935 2518 2021 ipso
2564 1944 2781 1998 autem
2825 1929 3164 1996 Consentii

579 2035 749 2101 libro
797 2034 1044 2122 aliquot
1086 2036 1483 2100 membranis
1530 2038 1787 2101 amissis
1834 2039 2170 2124 perierunt
2211 2036 2402 2116 haec,
2448 2058 2513 2120 p.
2558 2035 2722 2100 2027
2769 2045 2834 2099 ut
2866 2040 3166 2114 pleraque

580 2144 802 2200 incerti
837 2146 1079 2216 pencris
1123 2175 1204 2186 —-
1248 2161 1312 2223 p.
1344 2138 1517 2203 2036
1557 2146 1830 2206 consistit
1872 2152 2053 2217 atque
2084 2144 2475 2218 perspicitur.
2538 2147 2898 2221 sequuntur
2926 2133 3163 2199 deinde

580 2239 626 2302 s.
674 2239 948 2303 62--67
998 2240 1208 2323 Sergii
1254 2241 1758 2305 commentarius
1806 2241 1887 2305 de
1931 2241 2152 2304 littera
2196 2250 2316 2304 etc.
2369 2239 2482 2323 (cf.
2527 2239 2656 2303 vol.
2703 2236 2802 2301 IV
2844 2236 3049 2322 praef.
3097 2259 3161 2322 p.

581 2340 944 2424 XLVIII),
1005 2341 1050 2403 f.
1097 2341 1408 2405 67*—71
1469 2353 1782 2428 excerpta
1836 2341 1918 2405 de
1974 2342 2385 2422 soloecismo,
2441 2339 2522 2404 de
2578 2339 2784 2424 tropis
2842 2348 2908 2402 et
2949 2347 3161 2402 meta-

578 2441 847 2526 plasmis
905 2441 1019 2525 (cf.
1067 2439 1198 2506 vol.
1247 2442 1280 2522 I
1335 2442 1544 2527 praef.
1604 2466 1666 2529 p.
1714 2442 1962 2506 XXIII
2006 2454 2071 2507 et
2113 2445 2244 2509 vol.
2290 2441 2353 2505 V
2411 2464 2474 2526 p.
2521 2440 2709 2525 327),
2757 2439 2805 2505 f.
2853 2439 3162 2505 ’ΖΙ-75*

578 2542 1020 2625 fragmcntum
1053 2529 1497 2607 commentarii
1526 2544 1591 2606 in
1623 2544 1974 2617 Donatum,
2026 2548 2259 2609 Titulus
2299 2548 2595 2621 sequentes
2629 2549 2949 2607 uoluminis
2990 2547 3164 2606 uarie
3254 2532 3265 2537 ’

581 2649 642 2706 in
691 2648 947 2706 diuersis
989 2649 1293 2708 codicibus
1337 2650 1638 2708 invenitur
1676 2682 1760 2693 —-
1806 2657 1871 2709 ut
1912 2652 2215 2709 martialis
2259 2651 2520 2709 dicemus
2558 2651 2712 2720 ficus
2755 2665 2905 2722 quas
2946 2650 3164 2708 scimus

580 2752 640 2810 in
689 2751 910 2810 arbore
954 2752 1157 2824 nasci,
1208 2744 1256 2808 f.
1305 2745 1618 2809 76-142
1663 2746 1850 2810 Pauli
1909 2758 2221 2833 excerpta
2265 2769 2348 2811 ex
2391 2744 2576 2810 libris
2624 2746 2920 2831 Pompeii
2963 2745 3160 2827 Festi,

579 2847 623 2910 f.
677 2848 832 2910 142*
878 2870 1017 2934 sqq.
1070 2847 1328 2912 Servati
1373 2846 1543 2933 Lupi
1590 2848 1669 2911 de
1715 2848 1926 2913 tribus
1972 2848 2462 2935 quaestionibus
2506 2846 2694 2913 liber.

748 2949 1018 3013 Praeter
1082 2949 1202 3014 hos
1271 2947 1472 3012 libros
1542 2972 1741 3013 unum
1810 2950 2144 3014 Consentii
2218 2949 2510 3015 codicem
2581 2971 2919 3035 superesse
2982 2951 3159 3031 novi,

579 3049 1082 3136 Neapolitanum
1113 3048 1552 3115 bibliothecae
1580 3049 1798 3135 regiae
1843 3050 1939 3114 IV
1970 3051 2032 3114 A
2076 3051 2182 3132 34,
2226 3043 2418 3136 quem
2462 3051 2810 3137 descripsit
2847 3050 3158 3116 Ianellius

577 3153 768 3216 catal.
826 3149 1122 3216 biblioth.
1182 3173 1346 3215 mus
1405 3150 1686 3216 Borbon.
1746 3175 1809 3237 p.
1856 3152 1941 3217 25
1996 3152 2238 3216 ‘codex
2291 3152 2822 3217 membranaceus
2880 3153 2946 3216 in
3001 3152 3159 3219 folio

578 3253 835 3317 saeculo
896 3252 999 3316 XI
1044 3252 1149 3318 vel
1196 3251 1333 3316 XII
1393 3252 1597 3317 nitide
1653 3263 1718 3316 et
1774 3252 2081 3318 distincte
2127 3254 2472 3340 scriptus'‚
2520 3255 2607 3318 ib.
2656 3277 2717 3340 p.
2763 3255 2844 3318 27
2891 3261 3037 3319 ‘ars
3082 3253 3155 3317 P.

577 3354 947 3434 Consentii‚
1015 3377 1210 3441 quam
1275 3354 1475 3418 habes
1542 3354 1611 3416 in
1669 3353 1933 3439 Sylloge
1989 3354 2393 3419 Putschiana
2446 3379 2508 3442 p.
2566 3355 2752 3419 2018.
2810 3356 2875 3418 in
2933 3367 3157 3421 nostro

576 3456 803 3519 codice
850 3455 1077 3520 titulus
1124 3455 1498 3521 huiusmodi
1544 3461 1773 3539 Infipit
1817 3477 1923 3519 ars
1968 3461 2274 3521 Consentia·
2330 3463 2395 3519 V.
2445 3463 2507 3521 C.
2556 3463 2632 3521 de
2674 3463 2909 3522 duabus
2941 3464 3157 3537 parti-

575 3563 679 3620 bus
736 3564 1082 3621 orationis'.
1158 3556 1311 3621 olim
1367 3567 1587 3622 autem
1643 3556 1899 3622 codices
1957 3557 2295 3623 Consentii
2349 3558 2553 3623 fuisse
2608 3560 2676 3622 in
2734 3559 3046 3624 Bobiensi
3092 3570 3159 3623 et

575 3659 645 3720 in
688 3658 1238 3723 Laureshamensi
1281 3657 1674 3724 monasterio
1722 3667 2044 3723 testantur
2086 3668 2341 3724 veteres
2389 3660 2635 3724 indices
2680 3660 2975 3725 codicum
3018 3661 3159 3725 Bo—

573 3757 895 3823 biensium
941 3760 1114 3845 apud
1159 3759 1588 3824 Muratorium
1633 3759 1838 3845 antiq.
1888 3760 2032 3825 Ital.
2081 3762 2210 3827 vol.
2244 3762 2348 3828 ΙΙΙ
2395 3786 2457 3848 p.
2489 3762 2612 3827 820
2658 3763 2931 3827 ‘librum
2976 3763 3158 3827 Con-

575 3860 770 3924 sentii
818 3861 882 3925 I’
929 3884 991 3946 p.
1026 3861 1147 3924 821
1197 3860 1390 3925 ‘item
1436 3860 1518 3925 de
1562 3859 1749 3924 libris
1782 3884 1942 3947 quos
1975 3863 2322 3948 Dungalus
2366 3865 2754 3950 praecipuus
2785 3864 3155 3930 Scottorum

573 3960 812 4027 obtulit
841 3961 1222 4026 beatissimo
1258 3959 1663 4026 Columbano
1698 3999 1777 4007 —
1811 4011 1825 4025 .
1854 4013 1868 4025 .
1894 4013 1907 4026 .
1956 3986 2085 4050 quo
2118 3966 2486 4030 continetur
2517 3966 2853 4030 Consentii
2895 3966 2989 4031 lib
3024 4015 3037 4030 .
3067 4015 3079 4030 .
3113 3974 3154 4030 .’

571 4087 636 4150 p.
685 4064 810 4129 822
857 4064 1094 4128 ‘breve
1140 4063 1221 4127 de
1266 4062 1450 4127 libris
1484 4062 1812 4146 Theodori
1856 4065 2227 4151 presbyteri
2271 4104 2352 4116 —
2396 4066 2563 4132 liber
2593 4067 2841 4132 Donati
2885 4069 2965 4132 de
3008 4091 3156 4132 ma—

570 4164 816 4229 ioribus
861 4172 927 4227 et
962 4164 1332 4230 minoribus
1376 4165 1675 4249 partibus
1721 4175 1789 4230 et
1834 4166 1915 4231 de
1959 4167 2163 4250 glosis
2210 4191 2406 4254 super
2449 4169 2664 4255 ipsum
2709 4181 2774 4234 et
2819 4167 3155 4234 Consentii

571 4273 801 4346 unus'‚
861 4274 926 4329 et
970 4265 1268 4331 codicum
1322 4265 1985 4332 Laureshamensium
2027 4270 2203 4355 apud
2246 4270 2495 4334 Maium
2539 4269 2744 4355 spicil.
2791 4272 2976 4335 Rom.
3022 4270 3151 4338 vol.

571 4368 631 4432 V
675 4390 736 4453 p.
790 4366 911 4430 190
954 4373 973 4403 ‘
988 4367 1156 4432 liber
1200 4367 1536 4432 Consentii
1581 4368 1662 4432 de
1716 4370 1984 4435 nomine
2028 4379 2094 4434 et
2137 4371 2396 4436 verbo'.
2486 4371 2786 4437 diversus
2831 4373 3027 4437 etiam
3069 4374 3154 4439 ab

568 4468 650 4531 iis
711 4467 898 4532 libris
958 4490 1232 4554 quorum
1287 4468 1444 4533 mihi
1500 4470 1690 4557 copia
1744 4470 1923 4535 facta
1979 4481 2079 4536 est
2132 4472 2395 4537 videtur
2450 4472 2656 4539 fuisse
2709 4476 2765 4538 is
2823 4496 2949 4560 quo
2994 4496 3152 4540 usus

569 4567 849 4633 Ioannes
905 4568 1260 4634 Sichardus
1316 4571 1384 4635 in
1440 4571 1939 4657 disciplinarum
1994 4573 2365 4639 liberalium
2421 4576 2579 4641 orbe
2635 4597 2694 4639 a.
2761 4575 2920 4640 1528
2976 4577 3149 4642 edito

569 4669 884 4736 maiorem
925 4679 1176 4756 partem
1222 4672 1372 4738 libri
1420 4673 1502 4737 de
1545 4676 1805 4738 nomine
1850 4683 1916 4738 et
1959 4676 2160 4740 verbo
2208 4675 2534 4759 exhibuit,
2581 4677 2627 4740 f.
2661 4678 2701 4741 3
2745 4680 2813 4740 P.
2850 4683 3157 4743 Consentii

571 4776 834 4836 Romani
883 4778 1000 4837 viri
1051 4780 1376 4840 clarissimi
1426 4782 1502 4838 de
1554 4798 1624 4838 re
1681 4783 2091 4841 Grammatico
2145 4783 2495 4842 breuissima
2551 4786 2863 4844 institutio.
2942 4784 3153 4883 Finges
