3541 5564
1361 333 1833 398 COMMENTVM
2767 330 2894 397 205

2527 455 2569 496 p.
2595 443 2773 483 κει-47
2798 442 2842 481 1..

322 529 424 586 iste
476 524 724 586 homo?'
784 543 901 585 non
957 533 1016 585 te
1074 530 1293 585 terreat
1348 525 1759 585 nominativus,
1849 542 1987 585 nam
2041 525 2167 603 ipse
2227 534 2315 584 est
2370 540 2541 584 casus
2600 524 2776 583 etiam
2832 525 2890 583 in

320 630 464 689 istis:
518 636 577 688 et
632 628 790 688 cuias
846 628 1239 687 nominativus
1284 635 1398 697 est,
1460 635 1518 687 et
1563 628 1775 687 cuiatis
1820 626 2213 687 nominativus
2258 633 2364 685 est.
2454 626 2711 685 ‘cuiates
2754 633 2895 686 sunt

321 732 406 791 isti
457 729 796 790 homines?’
856 726 864 809 Ι
922 747 1164 808 possum
1222 727 1422 790 dicere
1479 730 1641 789 cuias
1686 737 1743 788 et
1788 730 2014 789 cuiatis.
2105 726 2243 806 quid
2292 734 2384 787 est
2428 728 2626 788 cuias?
2698 727 2757 787 id
2806 737 2895 787 est

318 834 474 893 cuius
518 832 739 909 gentis,
788 838 854 891 ut
895 833 1164 892 ‘nostras
1210 838 1301 891 est
1343 833 1456 892 iste
1502 830 1738 902 homo'‚
1795 830 1855 891 id
1902 840 1992 891 est
2036 837 2273 890 nostrae
2319 829 2530 907 gentis.
2617 831 2665 890 si
2709 831 2892 890 inter-

274 952 485 1012 5roges
542 933 708 994 verbi
765 951 938 994 causa
993 931 1066 994 de
1122 934 1357 1003 Mauro,
1416 940 1516 993 aut
1572 934 1724 1012 siqui
1782 951 1877 993 me
1934 934 2261 1009 interroget
2320 932 2465 992 ‘iste
2509 930 2687 992 homo
2731 933 2895 992 cuias

319 1039 489 1106 est?’‚
540 1041 812 1097 ‘nostras
857 1037 1000 1105 est',
1047 1035 1107 1096 id
1138 1043 1229 1096 est
1256 1035 1513 1096 Maurus,
1576 1033 1676 1094 ille
1720 1035 2107 1112 interrogavit
2137 1043 2405 1112 gentem,
2454 1051 2561 1112 ego
2593 1032 2890 1113 respondi.

315 1140 645 1200 invenimus
688 1139 844 1218 apud
887 1137 1207 1218 plerosque
1251 1137 1624 1217 artigraphos
1668 1136 1921 1216 produci
1951 1136 2163 1196 horum
2193 1136 2611 1215 pronominum
2660 1135 2895 1196 ultimas

316 1240 596 1320 syllabas,
646 1242 810 1302 cuias
855 1244 1104 1301 nostras,
1197 1239 1299 1300 sed
1347 1238 1571 1317 legistis
1616 1240 1674 1299 in
1733 1236 2076 1298 accentibus
2131 1240 2411 1317 qnoniam
2458 1238 2634 1298 latina
2696 1236 2893 1315 lingua

314 1345 372 1403 in
415 1342 638 1404 ultimis
691 1341 930 1421 syllabis
985 1350 1293 1402 accentum
1339 1360 1455 1402 non
1504 1339 1699 1401 babel..
1790 1339 2015 1400 idcirco
2061 1358 2179 1400 non
2226 1338 2510 1400 debemus
2554 1337 2662 1398 hos
2706 1341 2891 1418 sequi,

245 1459 289 1497 ¹0
313 1446 412 1506 sed
458 1444 749 1505 debemus
793 1445 991 1506 dicere
1037 1446 1201 1505 cuias
1245 1451 1304 1504 et
1347 1444 1553 1503 cuiatis
1584 1442 1853 1503 vitandae
1893 1441 2224 1503 calumniae
2268 1460 2461 1503 causa.
2521 1459 2657 1501 nam
2702 1447 2897 1519 potest

313 1547 488 1627 aliqui
534 1546 879 1608 calumniari
926 1545 1048 1607 tibi.
1138 1546 1281 1606 dicit
1324 1543 1430 1605 tibi
1472 1543 1572 1605 ille
1618 1549 1841 1625 ‘quare
1885 1562 2005 1604 non
2051 1542 2195 1604 dicis
2242 1545 2435 1611 cuias,
2485 1542 2588 1603 sed
2636 1543 2896 1611 cuias‘2’,

314 1658 370 1710 et
412 1651 628 1729 incipis
681 1650 742 1709 in
800 1647 1245 1710 altercationem
1289 1648 1508 1708 venire.
1597 1647 1732 1707 ideo
1779 1646 1914 1707 dico
1960 1644 2067 1705 tibi
2122 1646 2401 1725 quoniam
2458 1643 2633 1706 latina
2694 1644 2894 1723 lingua

310 1753 368 1812 in
415 1751 640 1814 ultimis
692 1750 930 1830 syllabis
984 1755 1293 1813 accentum
1338 1768 1457 1810 non
1503 1748 1706 1811 habet:
1769 1756 1835 1809 ut
1881 1747 2049 1809 tollas
2092 1745 2535 1826 ambiguitatem
2583 1746 2897 1831 obicientis

311 1853 452 1923 hoc,
500 1854 599 1914 dic
645 1854 884 1915 cuiatis:
934 1871 1110 1914 nemo
1156 1853 1314 1913 enim
1347 1851 1489 1912 dicit
1532 1853 1770 1919 cuiatis;
1818 1869 1929 1931 per
1974 1867 2177 1910 rerum
2225 1857 2494 1910 naturam
2540 1866 2657 1908 non
2703 1853 2900 1927 potest

243 1970 287 2007 15
313 1957 456 2017 lieri.
555 1973 697 2034 ergo
744 1954 816 2015 ad
857 1953 999 2016 illud
1044 1955 1245 2034 potius
1291 1952 1472 2014 debes
1516 1954 1855 2014 consentire
1912 1959 1971 2011 et
2023 1950 2169 2012 illud
2227 1953 2290 2011 in
2347 1969 2457 2011 usu
2516 1949 2766 2020 babere,
2827 1948 2900 2010 de

312 2076 427 2137 quo
472 2077 655 2119 nemo
704 2055 947 2118 dubitat.
1038 2067 1097 2117 et
1139 2054 1284 2117 illud
1331 2055 1546 2117 lectum
1594 2063 1686 2117 est
1731 2062 1791 2116 et
1831 2052 1997 2115 illud.

477 2161 636 2221 Sunt
690 2168 998 2240 praeterea
1053 2156 1247 2238 aliqua
1303 2159 1655 2238 pronomina
1711 2175 1863 2237 quae
1911 2154 2193 2217 inchoant
2237 2153 2658 2224 elocutionem,
2708 2154 2899 2234 aliqua

311 2280 455 2341 quae
503 2261 874 2323 subnectunt
904 2260 1319 2322 elocutionem.
1378 2259 1662 2320 inchoant
1692 2257 2084 2319 elocutionem
2116 2258 2251 2326 ista,
2297 2258 2457 2336 quis;
2505 2255 2898 2337 sublnectunt,

309 2366 375 2424 is.
436 2373 586 2445 puta
630 2366 799 2445 ‘quis
830 2364 1048 2441 estqui
1080 2362 1604 2424 fecitiniuriam?'
1649 2362 1730 2421 ita
1772 2359 2051 2421 dicimus:
2102 2358 2381 2439 numquid
2424 2378 2663 2439 possum
2701 2358 2900 2419 dicere

240 2467 440 2545 ao‘qui
486 2466 634 2528 fecit
675 2467 952 2527 iniuriam
999 2474 1085 2526 est
1129 2465 1331 2545 quis‘Z’
1376 2483 1485 2543 per
1527 2482 1730 2524 rerum
1762 2470 2034 2523 naturam
2082 2481 2199 2522 non
2245 2454 2441 2540 potest
2485 2461 2641 2531 lieri,
2690 2460 2792 2521 sed
2840 2462 2900 2520 in

308 2567 664 2628 inchoandis
734 2566 1166 2629 elocutionibus
1230 2568 1488 2646 ponitur.
1581 2574 1639 2627 et
1695 2584 1728 2625 e
1796 2564 2097 2625 contrario
2160 2565 2210 2624 is
2275 2561 2670 2641 subiungitur.
2760 2572 2900 2642 puta

308 2672 474 2749 ‘quis
520 2675 616 2730 est
661 2671 763 2747 qui
805 2671 948 2731 fecit
989 2670 1303 2753 iniuriam?
1360 2668 1639 2729 Cicero?’
1687 2665 1823 2729 non*
1850 2676 2019 2747 potes
2064 2674 2127 2727 tu
2174 2664 2371 2725 dicere
2418 2665 2595 2744 ‘quis
2643 2666 2788 2734 est’,
2837 2672 2902 2725 ut

308 2774 683 2842 consentiaS,
741 2772 846 2834 sed
901 2770 1099 2833 dicere
1156 2771 1338 2833 habes
1381 2773 1466 2833 ‘is
1512 2776 1655 2833 est’.
1747 2788 1891 2849 ergo
1938 2787 2113 2850 quem
2160 2766 2233 2829 ad
2280 2766 2521 2829 modum
2569 2766 2668 2829 illa
2714 2769 2901 2848 parti-

310 2874 438 2936 cula
484 2875 762 2945 inchoat,
810 2876 894 2935 sic
939 2876 1053 2935 ista
1096 2873 1413 2936 subnectit.

238 2993 286 3032 25
480 2978 634 3039 Sunt
680 2976 869 3056 aliqua
915 2979 1268 3055 pronomina
1314 2995 1464 3057 quae
1514 2995 1644 3037 rem
1690 2981 2064 3054 praesentem
2110 2973 2469 3050 significant,
2518 2980 2582 3033 ut
2626 2972 2899 3042 diximuS,

312 3079 405 3141 bic
461 3080 611 3142 haec
669 3079 811 3148 hoc;
867 3089 1004 3139 sunt
1058 3079 1248 3159 aliqua
1307 3097 1457 3159 quae
1512 3069 1698 3155 magis
1753 3078 2103 3155 significant.
2196 3073 2310 3134 hoc
2366 3073 2504 3153 quid
2551 3076 2627 3134 sit
2672 3076 2901 3144 nescim

310 3185 501 3243 omnis
556 3200 658 3243 res
716 3189 816 3242 aut
866 3200 1150 3261 praesens
1207 3188 1297 3242 est
1351 3188 1450 3241 aut
1493 3197 1623 3240 ‘non
1684 3187 1775 3241 est
1830 3195 2146 3258 praesens;
2196 3177 2385 3255 magis
2428 3194 2711 3255 praesens
2757 3176 2896 3255 qnid

310 3293 399 3345 est
443 3286 671 3346 nescio.
762 3282 866 3344 sed
913 3283 1047 3344 dico
1093 3291 1318 3352 tamen,
1365 3280 1508 3343 illud
1555 3281 1686 3343 dico
1731 3280 1889 3359 quod
1933 3279 2116 3340 voluit
2160 3280 2526 3359 exprimere,
2575 3280 2770 3340 minus
2815 3286 2903 3340 ta-

311 3405 447 3447 men
494 3385 642 3447 illud
691 3385 863 3457 dixit,
912 3403 1088 3464 quam
1133 3402 1389 3463 aequum
1434 3392 1542 3448 est.
1609 3381 1778 3443 verbi
1823 3401 1995 3443 causa
2041 3381 2132 3441 sac
2176 3380 2275 3441 hic
2317 3380 2617 3441 hominem
2666 3400 2794 3442 esse
2839 3383 2900 3442 in

239 3486 468 3558 flosoro,
518 3488 627 3548 sed
675 3487 849 3557 soriS,
910 3496 969 3549 et
1021 3486 1271 3549 alterum
1328 3486 1425 3547 bic
1471 3505 1603 3547 esse
1649 3490 2052 3565 praesentem,
2099 3491 2164 3544 ut
2207 3484 2281 3543 sit
2324 3502 2609 3562 praesens
2651 3483 2751 3544 ille
2798 3485 2901 3561 qui

312 3589 457 3650 roris
503 3598 623 3659 est,
673 3590 750 3649 sit
793 3592 978 3669 magis
1020 3608 1305 3669 praesens
1348 3588 1446 3651 ille
1493 3590 1593 3669 qui
1638 3588 1735 3648 hic
1784 3593 1890 3648 est.
1957 3583 2098 3666 [qua
2129 3584 2422 3664 ratione?]
2466 3595 2713 3664 propter
2757 3587 2902 3646 istas

312 3691 686 3753 elocutiones
729 3690 827 3752 ille
883 3694 991 3762 ait,
1049 3701 1396 3772 praesentes
1450 3708 1743 3771 personae
1797 3696 1937 3750 sunt
1978 3687 2074 3748 hic
2124 3687 2269 3747 haec
2316 3686 2455 3757 hoc,
2503 3689 2689 3765 magis
2732 3706 2905 3767 prae-

312 3801 512 3855 sentes
573 3801 716 3854 sunt
769 3812 976 3855 eccum
1031 3812 1231 3854 eccam
1290 3792 1487 3855 ellum.
1576 3811 1688 3872 qua
1746 3793 1977 3853 ratione
2022 3789 2145 3850 dixi
2187 3791 2374 3868 magis
2417 3796 2798 3868 praesenteS,
2848 3799 2906 3849 et

313 3895 492 3957 talem
540 3897 1031 3975 conparationem
1076 3895 1191 3957 feci
1235 3897 1363 3958 eius
1407 3896 1510 3975 qui
1553 3895 1700 3955 soris
1745 3903 1835 3955 est
1881 3902 1940 3954 et
1984 3893 2085 3971 qui
2131 3893 2294 3953 intus
2341 3892 2465 3952 est?
2510 3899 2757 3972 propter
2802 3891 2903 3952 ad-

219 3997 504 4063 taven-hii
561 3996 1082 4077 coniunctiolnem.
1174 4017 1313 4061 ecce
1369 4015 1521 4076 quae
1574 4015 1712 4077 pars
1756 3997 2042 4058 orationis
2088 3995 2211 4056 est?
2277 3992 2622 4055 adverbium
2668 4002 2756 4056 est
2801 3994 2906 4054 de-

315 4100 724 4162 monstrantis.
788 4119 966 4180 quem
1011 4098 1084 4160 ad
1131 4099 1373 4161 modum
1406 4100 1538 4160 dico
1586 4098 1801 4161 ellum?
1846 4098 1994 4159 nihil
2042 4098 2336 4176 significat
2380 4095 2558 4158 ellum
2606 4098 2722 4158 nisi
2766 4115 2905 4157 ecce

454 4275 487 4322 2
522 4268 687 4336 cuias]
730 4271 875 4320 cuius
912 4270 1029 4321 ΑΒ
1130 4280 1180 4321 et
1214 4271 1395 4320 cuiatis
1430 4270 1600 4320 ABG
1635 4279 1684 4320 et
1717 4271 1908 4320 cuiates
1934 4286 1967 4319 a
2014 4323 2017 4326 ,
2108 4268 2141 4318 3
2180 4283 2456 4335 possumus
2494 4268 2536 4317 C
2635 4276 2685 4316 et
2722 4267 2905 4316 cuiatis

316 4342 364 4389 A
403 4350 453 4391 et
483 4344 682 4392 cuiates
731 4340 905 4390 Rea*
1047 4342 1081 4392 5
1132 4342 1276 4391 cuius
1317 4349 1394 4390 est
1431 4341 1471 4390 C
1609 4341 1638 4389 7
1674 4340 1886 4407 produci
1922 4341 2005 4390 Ca
2044 4339 2275 4404 producit
2310 4338 2361 4388 A
2402 4338 2680 4402 producere
2716 4338 2769 4387 B

316 4413 350 4461 8
384 4413 527 4462 cuiiis
567 4412 771 4462 uostrz‘ts
796 4409 836 4458 G
869 4412 1008 4462 cuias
1044 4420 1243 4460 nostras
1268 4410 1387 4463 AB.
1421 4412 1471 4459 in
1497 4412 1704 4477 reliquis
1736 4412 2076 4475 pronominum
2103 4409 2283 4472 formis
2314 4414 2464 4457 notae
2499 4414 2783 4457 accentuum
2817 4414 2908 4456 aut

317 4484 531 4534 omissae
584 4483 637 4531 in
689 4481 943 4531 codicibus
988 4489 1077 4532 aut
1126 4489 1307 4544 postea
1366 4481 1659 4542 adscriptae
1711 4488 1827 4530 sunt
2002 4479 2066 4530 10
2103 4479 2192 4528 sed
2241 4478 2484 4526 debemus
2523 4477 2690 4527 dicere
2727 4477 2906 4526 cuiatis

321 4553 533 4618 Lanyen
568 4552 634 4602 de
666 4567 876 4617 gramm.
908 4556 1000 4604 lat.
1034 4550 1327 4616 praeceptis
1366 4567 1496 4615 quae
1536 4551 1608 4599 ad
1639 4558 1894 4601 accentum
1926 4557 2154 4613 spectant
2183 4547 2424 4612 (Bonnae
2461 4563 2511 4599 a.
2550 4547 2710 4612 1857)
2744 4563 2798 4612 ρ.
2837 4545 2905 4596 35

459 4624 527 4674 14
563 4623 650 4672 dic
685 4622 865 4672 cuiatis
902 4637 1049 4672 nemo
1087 4622 1222 4671 enim
1255 4620 1378 4670 dicit
1406 4621 1585 4670 cuiatis
1615 4621 1706 4670 Ab
1747 4620 1831 4670 die
1866 4620 2057 4668 cuiates
2088 4634 2236 4673 nemo
2273 4619 2407 4667 enim
2447 4617 2566 4666 dicit
2604 4618 2796 4667 cuiates
2824 4616 2908 4666 Ba

311 4692 399 4741 'dio
435 4694 627 4742 cuiatis
662 4706 812 4741 nemo
849 4694 984 4742 enim
1021 4692 1143 4742 dicit
1184 4692 1374 4740 cuiates
1414 4691 1454 4740 G
1623 4691 1687 4741 17
1725 4698 1989 4756 praeterea
2025 4689 2196 4753 aliqua
2230 4687 2379 4738 BCa
2415 4696 2678 4752 praeterea
2715 4688 2819 4737 alia
2855 4686 2905 4735 Α

455 4763 612 4813 20111
648 4778 743 4812 om.
785 4761 901 4812 AB
1039 4764 1107 4814 25
1145 4771 1264 4813 sunt
1299 4761 1473 4823 aliqua
1507 4760 1656 4811 BCa
1691 4767 1807 4810 sunt
1846 4760 1945 4810 alia
1982 4761 2031 4808 A
2169 4756 2238 4810 29
2275 4756 2448 4822 quam]
2491 4758 2626 4819 quod
2657 4756 2699 4806 0
2837 4756 2906 4807 35

324 4848 450 4895 qnae
487 4851 582 4885 om.
611 4833 678 4898 A,
704 4832 828 4882 add.
853 4850 885 4883 a
