3541 5564
586 309 709 372 608
1689 312 2052 375 MACROBH

647 433 687 471 p.
717 420 919 459 evae-41
952 419 996 459 ι».
3197 464 3205 473 ,

590 502 747 562 tione
803 508 904 560 aut
958 520 999 577 η
1056 509 1158 561 aut
1212 519 1241 561 ε
1298 510 1433 561 aute
1491 514 1585 561 σω
1644 502 1976 579 reperitur,
2026 500 2221 561 πωλῶ
2278 498 2591 581 πωλήσω,
2638 503 2830 581 φορῶ
2875 499 3172 582 φορέσω.

591 612 651 665 et
694 602 849 681 apud
896 601 1057 672 illos,
1105 604 1380 681 quotiens
1426 604 1487 662 iu
1533 604 1732 664 futuro
1779 622 1809 663 ε
1854 609 1990 663 aute
2036 616 2132 662 σω
2171 605 2443 682 ponitur,
2505 603 2745 665 brevem
2802 624 2933 665 esse
2991 625 3172 685 prae-

591 707 779 766 sentis
824 705 1240 783 paenultimam
1297 704 1675 765 observatum
1721 713 1834 765 est.
1930 723 2039 764 nec
2085 712 2278 765 tamen
2337 708 2643 785 reciproca
2687 714 2777 767 est
2821 710 3171 779 necessitaS,

592 814 685 876 ut,
732 808 1006 885 quotiens
1061 806 1258 867 brevis
1315 815 1405 866 est
1461 806 1816 886 paenultima
1872 808 2236 885 praesentiS,
2296 825 2328 868 ε
2382 815 2517 868 ante
2564 821 2659 868 σω
2704 811 2782 869 sit
2826 811 2889 869 iu
2933 811 3170 871 futuro:

593 927 732 971 ecce
790 910 946 969 enim
1004 907 1141 968 νοῶ
1195 904 1452 987 νοήσω,
1509 907 1687 985 φιλῶ
1743 903 2030 988 φιλήσω.
2119 909 2376 969 secunda
2421 911 2761 987 coniugatio
2805 919 2904 972 aut
2946 932 2988 991 η
3032 921 3172 973 ante
3202 928 3230 967 5

595 1024 690 1073 σω
748 1013 809 1070 in
863 1011 1064 1070 futuro
1118 1009 1324 1078 habet,
1382 1018 1446 1069 ut
1491 1002 1670 1069 ὀπτῶ
1716 1004 2020 1090 ὀπτήσω,
2078 1018 2179 1071 aut
2222 1030 2264 1070 α
2308 1012 2690 1091 productum,
2752 1020 2818 1074 ut
2871 1008 3172 1092 περάσω,

596 1120 695 1177 aut
739 1131 780 1171 α
836 1121 1206 1190 correptum,
1266 1121 1331 1172 ut
1382 1106 1665 1190 γελάσω.
1753 1112 2307 1193 deprehensamque
2362 1123 2453 1175 est
2497 1133 2703 1175 eorum
2747 1116 3083 1176 futurorum
3128 1136 3176 1175 α

601 1217 662 1275 in
708 1213 1068 1293 paenultima
1114 1214 1395 1292 produci,
1442 1232 1695 1293 quorum
1742 1233 2028 1293 praesens
2073 1222 2174 1275 aut
2215 1215 2436 1276 nullam
2467 1225 2892 1278 consonantem
2936 1226 3073 1279 ante
3118 1237 3176 1278 ω

601 1325 701 1377 aut
747 1336 786 1394 ρ
832 1315 1037 1384 habet,
1088 1309 1178 1375 ἐῶ
1225 1310 1425 1393 ἐάσω,
1472 1314 1655 1393 περῶ
1701 1311 2007 1395 περάσω,
2053 1320 2116 1377 in
2160 1320 2526 1379 contrarium
2572 1337 2690 1379 non
2737 1319 3022 1381 redeunte
3067 1335 3174 1381 ne·-

598 1421 907 1486 cessitate,
956 1416 1247 1497 siquidem
1294 1416 1431 1496 χρῶ
1477 1413 1700 1498 χρήσω
1746 1419 1888 1478 sacit
1932 1425 1990 1478 et
2036 1413 2257 1496 ἐγγυῶ
2304 1415 2642 1500 ἐγγυήσω;
2689 1421 2811 1483 illic
2855 1440 2995 1482 vero
3038 1440 3172 1482 cor-
3207 1439 3259 1478 ιο

601 1522 749 1600 ripi,
799 1519 898 1579 ubi
946 1521 1007 1579 in
1063 1521 1362 1597 praesenti
1412 1516 1418 1597 Ι
1477 1527 1611 1579 ante
1659 1538 1710 1578 ω
1757 1518 1795 1579 λ
1842 1520 2171 1588 invenitur,
2217 1520 2392 1598 γελῶ
2437 1517 2720 1600 γελάσω.
2811 1523 2917 1584 sed
2959 1542 3067 1584 nec
3112 1525 3176 1584 in

602 1623 712 1683 hoc
758 1622 901 1682 haec
957 1622 1018 1680 in
1076 1638 1138 1680 se
1195 1622 1520 1681 necessitas
1575 1622 1759 1691 redit,
1818 1620 2036 1682 κολλιό
2092 1617 2418 1703 κολλήσω.
2508 1618 2804 1684 πεινάσω
2857 1634 3051 1686 autem
3114 1636 3178 1687 et

558 1719 865 1797 ’ὃιψάσω
927 1723 1128 1783 dorica
1185 1729 1324 1782 sunt
1378 1742 1488 1802 per
1546 1723 1729 1785 solam
1784 1724 2072 1792 litteram,
2135 1742 2248 1783 non
2297 1726 2475 1785 etiam
2523 1744 2632 1804 per
2677 1734 3019 1787 accentum:
3086 1727 3176 1788 illi

604 1828 760 1886 enim
806 1827 865 1884 in
913 1826 1073 1884 omni
1129 1826 1327 1885 futuro
1384 1827 1444 1885 in
1491 1844 1542 1884 ω
1588 1826 1897 1886 desinente
1959 1826 2218 1888 ultimam
2273 1828 2768 1888 circumflectunt.
2857 1830 3031 1889 tertia
3077 1836 3181 1889 aut
3233 1858 3238 1865 ·

605 1946 656 1987 ω
702 1929 761 1987 in
817 1926 1176 2006 paenultima
1232 1928 1417 1989 futuri
1464 1927 1645 1988 habet
1688 1935 1789 1989 aut
1833 1947 1889 1988 0.
1980 1928 2080 1988 sed
2130 1928 2228 1988 hic
2284 1937 2448 1990 certa
2493 1929 2797 1990 distinctio
2842 1937 2950 1990 est.
3040 1949 3178 1991 nam
3209 1947 3259 1985 15

607 2029 782 2090 verba
827 2048 976 2109 quae
1035 2028 1357 2090 derivativa
1402 2035 1540 2089 sunt
1594 2048 1646 2089 ω
1702 2029 1969 2098 habent?
2014 2049 2164 2109 quae
2213 2049 2351 2091 vero
2395 2030 2745 2110 principalia
2793 2050 2903 2092 nec
2948 2050 3019 2092 ex
3065 2032 3183 2093 alio

608 2139 793 2192 tracta
850 2149 916 2200 0,
976 2127 1214 2191 τέκνον
1269 2132 1483 2192 τεκνοῖ
1540 2127 1893 2209 τεκνώσω,
1958 2126 2288 2210 στέφανος
2353 2133 2664 2212 στεφανῶ
2731 2127 3177 2211 στεφανώσω·

607 2225 747 2312 dms
795 2241 991 2293 autem
1037 2225 1255 2313 ὀμοῖς,
1312 2235 1450 2313 quia
1506 2253 1622 2294 non
1681 2234 2012 2294 derivatum
2056 2241 2174 2303 est,
2223 2226 2446 2313 ὀμόσω
2502 2236 2644 2295 facit
2702 2243 2765 2294 et
2807 2227 2948 2312 άρῶ
2992 2228 3187 2313 άροᾰς

606 2326 854 2413 άρόσω.
945 2335 1100 2413 apud
1156 2334 1411 2395 Graecos
1465 2354 1579 2396 non
1649 2335 1822 2396 facile
1879 2338 2068 2416 prima
2125 2335 2347 2415 syllaba
2405 2338 2736 2415 praesentis
2793 2344 3052 2398 mutatur
3119 2337 3182 2397 in

611 2438 841 2506 futuro,
888 2436 1042 2515 quod
1088 2439 1434 2516 praemissis
1477 2436 1704 2517 patebit
1749 2437 1992 2515 regulis·
2055 2440 2322 2499 futurum
2353 2438 2507 2517 apud
2553 2437 2684 2498 illos
2729 2437 2915 2514 altero
2960 2457 2991 2497 e
3036 2438 3184 2498 duo·
3212 2455 3269 2493 20

611 2537 721 2597 bus
777 2538 924 2598 loeis
978 2548 1275 2607 movetur,
1332 2547 1433 2599 aut
1495 2538 1698 2599 ultimo
1754 2547 1855 2600 aut
1913 2520 2294 2619 paenultimo.
2385 2538 2627 2601 ultimus
2694 2540 2926 2600 duobus
2993 2539 3189 2600 modis

610 2647 909 2708 movetur,
967 2648 1067 2699 aut
1119 2639 1337 2700 litteris
1399 2648 1501 2702 aut
1553 2649 1831 2702 accentu:
1895 2640 2140 2711 litteriS,
2210 2649 2272 2701 ut
2327 2635 2568 2729 γράφω
2624 2636 2895 2720 γράψω,
2951 2638 3189 2703 νύσσω

610 2736 819 2815 νύξω,
875 2749 1152 2812 accentu,
1211 2750 1277 2803 ut
1319 2739 1496 2823 νέμω
1541 2743 1746 2823 νεμῶ,
1804 2739 1976 2822 δέρω
2033 2739 2227 2823 δερῶ.
2316 2750 2376 2803 et
2431 2761 2562 2804 cum
2609 2749 2876 2805 movetur
2921 2742 3186 2814 ultimus,

609 2863 727 2905 non
760 2845 1126 2904 omnimodo
1159 2853 1351 2906 movet
1379 2845 1837 2924 paenultimu1n;
1883 2854 2078 2906 motus
2124 2853 2317 2906 autem
2363 2845 2764 2925 paenultimae
2809 2847 2967 2907 omni
3015 2847 3190 2907 modo

612 2946 879 3007 ultimam
926 2954 1146 3015 movet,
1206 2940 1448 3027 άγείρω
1494 2939 1745 3026 &pepe-5,
1803 2945 2046 3027 μιαίνω
2090 2946 2327 3026 μιανῶ.
2394 2948 2514 3007 ·hie
2571 2949 2729 3008 enim
2778 2955 2836 3008 et
2880 2947 2952 3008 de
2998 2967 3180 3028 paen·
3215 2965 3265 3004 25

613 3048 816 3109 ultima
861 3048 1164 3110 subtracta
1209 3057 1298 3109 est
1343 3048 1572 3117 littera,
1640 3056 1700 3109 et
1743 3051 1804 3109 in
1853 3049 2114 3110 ultimam
2162 3049 2378 3109 cecidit
2422 3058 2721 3109 accentus,
2811 3069 2921 3110 nee
2967 3069 3083 3110 non
3129 3059 3191 3112 et

615 3149 830 3228 πνίγω
886 3146 1132 3228 πνίξω,
1191 3145 1414 3230 ἐρύκω
1472 3145 1707 3229 ἐρύξω.
1801 3158 2019 3212 mutata
2076 3160 2167 3211 est
2222 3160 2282 3211 et
2337 3148 2528 3210 finalis
2586 3152 2644 3211 in
2692 3150 2888 3212 littera
2935 3160 2994 3213 et
3036 3171 3189 3231 quae

614 3252 914 3313 antecedit
959 3254 1017 3313 in
1065 3260 1363 3332 tempore,
1412 3252 1706 3332 siquidem
1753 3273 1774 3313 ι
1821 3260 1881 3312 et
1925 3272 1967 3312 v
2014 3252 2330 3313 verborum
2363 3270 2540 3331 supra
2573 3252 2866 3314 dictorum
2911 3255 2970 3313 in
3017 3272 3190 3333 prae·

616 3356 767 3416 senti
817 3355 1052 3435 quidem
1099 3355 1523 3435 producuntur,
1573 3357 1981 3435 corripiuntur
2025 3363 2221 3417 autem
2268 3357 2328 3415 in
2376 3356 2596 3416 futuro.
2658 3357 2709 3415 si
2754 3374 2896 3433 ergo
2944 3375 3194 3438 necesse

616 3465 705 3519 est
752 3464 815 3517 ut
859 3459 918 3517 in
968 3456 1271 3537 barytonis
1310 3457 1507 3517 verbis
1538 3476 1689 3538 quae
1721 3457 1942 3519 habent
1988 3459 2049 3519 in
2095 3459 2395 3537 praesenti
2441 3462 2575 3518 ante
2623 3475 2675 3515 ω
2720 3456 3004 3536 liquidam
3049 3476 3190 3517 con·
3220 3476 3274 3514 ω

616 3567 922 3620 sonantem
981 3562 1039 3620 in
1094 3562 1296 3620 futuro
1351 3559 1711 3639 paenultima
1767 3579 1838 3620 ex
1896 3560 2066 3638 longa
2125 3559 2324 3620 brevis
2378 3560 2509 3628 fiat,
2559 3567 2622 3619 ut
2665 3551 2904 3636 ἀγείρω
2947 3552 3194 3637 άγερῶ,

616 3659 858 3741 μιαίνω
904 3661 1157 3741 μιανῶ,
1205 3663 1475 3741 sequitur
1519 3670 1618 3732 ut,
1666 3681 1801 3722 cum
1844 3663 2019 3722 huius
2063 3663 2222 3723 modi
2255 3661 2435 3721 verba
2467 3659 2751 3739 hisyllaba
2784 3660 3192 3738 reperiuntur,

617 3767 679 3825 iu
724 3763 942 3842 quibus
988 3763 1210 3842 syllaba
1256 3782 1405 3842 quae
1454 3765 1666 3843 incipit
1731 3766 1855 3844 ipsa
1914 3773 2004 3825 est
2074 3766 2277 3844 utique
2345 3761 2734 3843 paenultima,
2805 3767 2944 3821 tunc
3000 3769 3193 3820 mute-

618 3874 716 3926 tur
762 3884 877 3925 non
923 3866 1359 3950 quasiprima,
1407 3866 1511 3925 sed
1541 3868 1707 3945 quasi
1744 3867 2128 3946 paenultima,
2177 3864 2379 3945 κείρω
2411 3863 2620 3941 κερῶ,
2658 3861 2909 3940 σπείρω
2940 3862 3195 3943 σπερῶ.

616 3970 699 4028 ita
746 3968 808 4027 fit
855 3976 916 4027 ut
961 3967 1113 4046 apud
1162 3967 1416 4028 Graecos
1464 3972 1676 4030 mutari
1711 3988 1826 4029 non
1868 3988 2186 4047 numquam
2219 3968 2403 4029 futuri
2435 3965 2658 4046 syllaba
2706 3965 2892 4044 prima
2937 3962 3194 4024 dicatur.
3226 3985 3277 4024 ³5

616 4071 763 4130 item
806 4064 1030 4149 τρέφω
1074 4071 1327 4148 primam
1372 4070 1631 4131 litteram
1686 4078 2093 4150 permutantes
2134 4064 2369 4150 θρέψω
2424 4068 2644 4129 faciunt
2692 4075 2751 4127 et
2794 4064 2921 4145 ἔχω
2966 4061 3196 4145 ψιλόν,

617 4167 740 4244 ἔξω
795 4164 969 4232 δασύ
1023 4174 1425 4250 pronuntiant.
1516 4173 1620 4232 sed
1664 4170 1900 4253 θρέψω
1949 4172 2189 4252 quidem
2248 4180 2310 4232 ut
2355 4171 2656 4231 diceretur
2684 4161 2915 4240 Ἴωνες
2956 4167 3194 4229 obtinu-

621 4281 823 4342 erunt,
873 4273 1087 4353 quibus
1116 4273 1304 4334 libido
1334 4282 1424 4335 est
1456 4276 1878 4355 aspirationem
1913 4275 2085 4335 modo
2117 4274 2366 4343 addere,
2415 4273 2590 4334 modo
2633 4273 2904 4332 demere:
2952 4268 3194 4339 addere,

622 4384 682 4436 ut
728 4371 950 4454 τρέφω
1003 4371 1238 4455 θρέψω
1297 4385 1356 4436 et
1410 4372 1620 4457 τρέχω
1676 4371 1934 4456 θρέξω,
1981 4377 2252 4446 demere,
2303 4374 2311 4459 Ι
2372 4383 2438 4437 ut
2480 4369 2636 4453 θρὶξ
2679 4367 2904 4452 τριχός
2948 4373 3198 4432 faciunt.

1120 4515 1226 4522 --——.

762 4599 788 4648 1
828 4604 942 4647 ante
976 4616 1019 4651 ω
1050 4600 1100 4649 Ρ
1201 4596 1359 4664 φορῶ
1383 4592 1602 4662 φορέσω
1630 4613 1665 4662 p
1701 4596 1861 4662 φορῶ
1889 4595 2120 4665 φορήσω
2151 4598 2201 4647 P
2232 4597 2410 4662 σεορῶ
2433 4592 2673 4661 στορέσω
2708 4596 2916 4645 coniecit
2940 4593 3096 4644 lanus

622 4667 654 4717 2
689 4677 803 4717 ante
829 4685 872 4718 ω
901 4668 951 4717 Ρ
1083 4669 1115 4717 4
1147 4677 1262 4717 aute
1305 4686 1347 4719 ω
1379 4667 1424 4715 Ρ
1561 4667 1594 4716 5
1631 4676 1745 4716 ante
1783 4685 1825 4718 ω
1865 4667 1912 4714 P
2044 4669 2079 4720 9
2120 4669 2169 4717 in
2206 4669 2512 4718 contrarium
2551 4667 2758 4718 coniecit
2793 4664 3114 4727 opsopoens:
3149 4663 3204 4712 in

621 4753 711 4788 om.
756 4738 802 4786 P
974 4739 1036 4788 12
1084 4751 1304 4789 πινασω
1339 4741 1389 4789 Ρ
1427 4757 1447 4783 0
1555 4738 1622 4787 25
1673 4736 1884 4802 μιαίνω
1930 4736 2116 4802 μιανῶ
2147 4754 2184 4801 ρ
2228 4755 2413 4803 μαινω
2448 4753 2609 4802 μανω
2648 4738 2693 4785 Ρ
2829 4732 2895 4784 33
2941 4734 3113 4796 utique
3150 4733 3203 4782 in

624 4805 935 4874 paenultima
971 4810 1021 4858 P
1150 4805 1217 4858 39
1254 4803 1458 4873 θρέψω
1489 4822 1524 4869 p
1568 4815 1759 4872 τρεψω
1801 4807 1845 4856 Ρ
