3541 5564
588 359 673 425 64
1706 362 2056 426 CLEDONII

641 483 682 524 p.
713 473 824 513 1921.
852 472 901 511 22
929 470 975 511 P.

588 558 826 630 reptum
882 557 1125 620 exeunt,
1185 559 1248 612 ut
1304 550 1520 623 nobilis
1566 550 1876 622 nobiliter,
1937 550 2072 612 felix
2123 550 2402 621 feliciter,
2453 559 2510 612 et
2554 563 2981 630 conparantur,
3033 555 3168 631 quia

588 652 935 733 appellativa
992 663 1147 715 sunt.
1238 673 1271 715 o
1328 674 1478 734 quae
1535 654 1946 734 producuntur
2002 674 2034 715 a
2090 652 2428 714 masculinis
2483 655 2727 714 veniunt
2774 651 2782 735 Ι
2842 662 2902 715 et
2960 655 3170 715 melius

588 758 748 817 iuxta
803 755 1067 835 regulam
1126 759 1186 817 in
1245 776 1277 817 e
1336 757 1646 826 caderent,
1711 764 1774 817 ut
1818 756 1991 827 false,
2039 758 2190 817 sicut
2236 756 2425 817 docte.
2515 755 2618 817 sed
2666 758 2985 818 auctoritas
3027 759 3088 817 in
3136 776 3169 817 o

588 860 862 929 mutavit,
911 868 978 919 ut
1022 858 1248 921 ‘salso
1294 860 1641 939 queritur
1688 858 1776 918 de
1834 866 2098 920 natura
2146 877 2268 919 sua
2314 877 2543 937 genus
2588 859 3038 921 humanum’.
3115 868 3172 920 et

587 962 711 1039 ipsa
766 962 876 1029 ista
934 962 1319 1041 producenda
1378 967 1532 1024 sunt.
1623 962 1832 1023 modo:
1898 960 2032 1021 ideo
2089 960 2203 1021 hoc
2260 959 2605 1021 adverbium
2662 970 3008 1041 correptum
3065 970 3220 1032 est‚5

588 1065 865 1143 quoniam
926 1083 1045 1125 non
1107 1064 1415 1126 descendit
1471 1063 1543 1125 ab
1590 1082 1660 1124 eo
1709 1065 1982 1134 nomine,
2029 1062 2189 1124 unde
2247 1061 2557 1125 descendit
2613 1071 2672 1125 et
2724 1063 2902 1133 falso,
2949 1072 3014 1124 ut
3058 1067 3172 1124 ‘tu

589 1165 799 1226 modo
844 1185 1072 1245 posce
1118 1166 1303 1227 deos
1349 1168 1689 1228 veniam'.
1784 1185 1919 1228 nam
1977 1167 2259 1226 continuo
2315 1167 2453 1227 inde
2509 1164 2889 1245 producitur,
2939 1165 3095 1246 quod
3142 1184 3172 1226 a

591 1269 828 1329 nomine
874 1270 1058 1338 venit,
1108 1277 1174 1329 ut
1216 1269 1355 1330 huic
1400 1271 1712 1339 continuo,
1761 1270 2039 1329 continue
2085 1268 2225 1329 facit
2270 1267 2642 1338 adverbium,
2691 1269 2869 1349 quod,
2920 1278 2983 1329 ut
3027 1268 3173 1329 dixi-

590 1389 748 1440 mus,
809 1389 840 1430 e
894 1371 954 1430 in
1011 1391 1045 1431 o
1103 1369 1424 1433 auctoritas
1479 1373 1790 1433 convertit.
1882 1373 1999 1432 cito
2055 1371 2459 1450 quaerendum
2530 1380 2617 1431 est
2674 1391 2780 1432 cur
2836 1370 3015 1432 breve
3081 1371 3174 1432 sit.

591 1475 870 1552 quoniam
903 1474 1393 1552 significationem
1428 1494 1543 1535 non
1575 1483 1791 1545 servat,
1833 1475 1974 1535 dum
2006 1473 2267 1535 flectitur
2297 1476 2356 1534 in
2395 1472 2762 1535 adverbium.
2827 1493 2961 1535 nam
2996 1472 3175 1534 salsus
3203 1488 3245 1527 ιο

590 1583 784 1655 potest
849 1583 906 1635 et
974 1575 1117 1636 salso
1183 1578 1380 1637 facere
1439 1587 1496 1638 et
1553 1578 1725 1647 salse,
1788 1578 2101 1638 continuus
2154 1584 2351 1656 potest
2410 1584 2469 1636 et
2525 1578 2805 1636 continuo
2864 1577 3062 1637 facere
3119 1583 3175 1636 et

589 1679 900 1746 continue;
978 1680 1130 1739 citus
1203 1685 1400 1740 autem
1478 1699 1593 1740 non
1666 1681 1809 1741 facit
1882 1673 2026 1749 cite,
2096 1678 2200 1739 sed
2274 1680 2424 1748 cito,
2498 1678 2655 1738 unde
2728 1697 2763 1737 o
2837 1685 3173 1757 correptam

587 1779 794 1850 babet,
843 1787 909 1840 ut

894 1888 965 1940 et
1008 1884 1160 1943 cito
1212 1880 1218 1964 Ι
1270 1890 1620 1964 rapturus
1666 1883 1748 1944 de
1795 1882 2198 1945 nobilitate
2244 1901 2555 1944 comesa.

593 1992 679 2045 est
724 1981 834 2055 alia
881 1983 1102 2061 regula,
1150 1985 1311 2047 unde
1356 1986 1550 2047 brevis
1595 1988 1669 2046 sit
1715 1986 1850 2055 cito,
1887 1988 2022 2064 quia
2069 1987 2545 2065 conparationem
2593 1986 2805 2065 recipit
2848 1983 2936 2066 [et
2981 1983 3245 2065 dupli-15

588 2094 682 2147 cat
726 2082 1119 2170 adverbium],
1168 2087 1324 2167 quod
1373 2090 1653 2149 continuo
1700 2096 1759 2149 et
1805 2088 1951 2148 l'also
1997 2087 2189 2149 facere
2236 2107 2354 2148 non
2396 2096 2662 2164 possunt.
2735 2094 2931 2167 potest
2976 2087 3172 2148 facere

589 2190 1049 2267 conparativum.
1113 2209 1247 2250 nam
1293 2192 1402 2251 ista
1448 2190 1725 2251 adverbia
1773 2191 1907 2251 ideo
1956 2193 2016 2251 in
2063 2211 2097 2251 o
2143 2198 2390 2259 exeunt,
2436 2192 2574 2270 quia
2617 2188 2885 2251 anomala
2930 2198 3066 2251 sunt
3113 2191 3170 2249 in

587 2293 1035 2371 conparatione,
1083 2292 1184 2352 illa
1231 2310 1370 2353 vero
1415 2293 1550 2353 ideo
1595 2295 1653 2352 in
1703 2312 1762 2363 e,
1823 2295 1955 2374 quia
2001 2294 2455 2373 conparationes
2499 2292 2790 2370 legitimas
2832 2301 3085 2352 servant.

696 2448 704 2457 -
754 2409 1046 2472 Adverbia
1090 2412 1250 2491 ipsa,
1300 2430 1452 2491 quae
1485 2421 1648 2473 extra
1695 2410 1963 2492 exempla
2008 2411 2281 2473 lectionis
2325 2411 2502 2473 huius
2542 2414 2948 2492 reperiuntur,
2996 2431 3172 2473 sensu

586 2510 920 2591 colligenda
962 2521 1129 2583 sunt,
1167 2521 1241 2573 ·ut
1287 2512 1811 2594 deprehendantur
1857 2516 2023 2575 cuius
2052 2516 2169 2575 sint
2209 2516 2669 2592 significationis
2727 2517 2814 2577 sic
2856 2514 3172 2576 dicendum
3198 2528 3247 2567 2⁰

588 2624 678 2675 est
722 2616 918 2675 ‘intus
963 2618 1149 2685 sum',
1200 2615 1378 2676 ‘soris
1408 2621 1596 2687 sum',
1643 2616 1836 2678 ‘foras
1867 2616 2068 2687 vado',
2118 2618 2314 2677 ‘intro
2347 2614 2549 2686 vado',
2599 2617 2718 2676 ‘ibi
2760 2636 2892 2679 sum
2910 2621 2948 2688 ',
2998 2616 3174 2678 ‘illuc

586 2717 787 2778 vado'.
884 2715 995 2777 ‘de
1042 2719 1241 2778 intus'
1302 2725 1362 2779 et
1418 2719 1526 2779 ‘de
1573 2721 1717 2780 foris
1761 2720 1968 2779 venio'
2018 2738 2135 2779 non
2181 2736 2497 2799 possumus
2543 2718 2773 2791 dicere,
2822 2721 2957 2800 quia
3003 2738 3174 2800 prae-

586 2822 799 2898 positio
846 2820 1139 2881 adverbiis
1182 2840 1506 2901 numquam
1553 2823 1835 2899 iungitur.
1897 2841 2038 2882 sane
2083 2821 2389 2882 sciendum
2437 2821 2594 2901 quod
2640 2840 2759 2882 non
2806 2821 3022 2883 dicitur
3066 2820 3174 2881 ‘de

501 2949 513 2961 κ
589 2922 765 2981 domo
803 2924 1030 2992 venio',
1082 2931 1145 2983 ut
1188 2924 1504 2984 Terentius
1544 2924 1790 2984 ‘domo
1836 2943 1942 2985 me
1990 2925 2341 2999 eripuit’;
2389 2918 2399 3004 Ι
2446 2923 2537 2983 vel
2586 2931 2727 2984 tuuc
2771 2925 3023 2985 dicimus
3068 2923 3174 2983 ‘de

587 3023 765 3084 domo
812 3026 983 3084 venio
1000 3028 1039 3095 '‚
1090 3025 1326 3105 quando
1371 3045 1700 3105 pronomen
1748 3026 2001 3095 additur,
2052 3032 2116 3085 ut
2161 3024 2274 3086 ‘de
2307 3024 2482 3085 domo
2513 3044 2645 3085 mea
2678 3027 2879 3086 venio'
2928 3024 3017 3086 vel
3063 3023 3243 3084 ε(1925

587 3125 964 3186 domo‘tua’.
1019 3162 1087 3170 —
1138 3126 1347 3188 Omnia
1395 3127 1702 3197 adverbia,
1761 3146 1912 3208 quae
1967 3125 2042 3188 ab
2087 3125 2580 3206 appellationibus
2627 3126 3099 3212 descenduntset
3144 3147 3174 3186 e

588 3227 782 3289 littera
844 3230 1264 3299 terminantur,
1323 3230 1614 3309 producto
1674 3238 1918 3291 accentu
1966 3229 2398 3309 pronuntianda
2444 3238 2610 3300 sunt,
2661 3238 2725 3290 ut
2766 3231 2959 3309 prime
3005 3229 3175 3289 docte

588 3339 646 3389 et
691 3337 907 3390 cetera.
995 3349 1136 3391 sane
1183 3333 1290 3392 ista
1335 3333 1448 3392 tria
1493 3330 1935 3415 corrillpienda,
1994 3330 2146 3392 hene
2191 3330 2342 3392 male
2388 3350 2633 3410 magne3
2690 3331 2960 3393 anomala
3005 3349 3175 3410 repe·

588 3433 840 3492 riuntur.
919 3431 1065 3492 salso
1112 3440 1170 3493 et
1214 3443 1435 3512 magno
1476 3443 1534 3495 et
1579 3437 1817 3495 nomina
1866 3442 1925 3493 et
1969 3416 2243 3494 adverbia
2289 3442 2441 3493 sunt.
2523 3433 2624 3494 sed
2673 3433 2910 3512 quando
2956 3434 3174 3512 signifi-

589 3535 880 3594 cationem
942 3535 1246 3595 nominum
1302 3535 1588 3613 perdunt,
1647 3538 1709 3596 in
1764 3534 2040 3597 adverbia
2098 3542 2425 3596 transeunt.
2476 3569 2544 3577 —
2611 3535 2795 3595 Roma
2841 3537 2890 3594 si
2938 3553 3056 3595 non
3100 3536 3245 3594 sitan

584 3654 837 3705 nomen,
886 3634 989 3695 sed
1037 3638 1161 3696 vice
1207 3636 1320 3696 loci
1368 3639 1474 3707 sit,
1522 3637 1866 3699 adverbium
1902 3647 2017 3706 est,
2066 3645 2130 3697 ut
2158 3637 2342 3697 Roma
2375 3638 2576 3697 venio:
2626 3635 2990 3706 adverbium,
3041 3637 3174 3716 quia

591 3736 787 3798 locum
854 3738 1171 3816 significat,
1244 3739 1400 3800 unde
1468 3743 1718 3800 veneriS.
1810 3741 2048 3801 nomina
2123 3740 2442 3799 civitatium
2517 3739 2752 3818 quando
2825 3739 3173 3816 significant,

591 3839 783 3900 locum
821 3859 940 3900 non
979 3839 1402 3905 demonstrant.
1438 3839 1446 3919 Ι
1485 3861 1618 3903 nam
1667 3843 1718 3902 si
1760 3841 1958 3902 locum
2004 3839 2441 3909 demonstrant,
2491 3840 2768 3901 adverbia
2813 3840 3064 3911 faciunt,
3113 3846 3179 3899 ut

727 4081 848 4131 God.
888 4080 1050 4131 Bern-
1075 4080 1146 4130 XI
1182 4080 1363 4135 3—5.
1538 4083 1566 4129 4
1605 4082 1863 4144 quaeritur
2002 4081 2034 4129 5
2067 4081 2214 4129 modo
2253 4096 2343 4132 om.
2486 4078 2520 4129 6
2554 4079 2867 4131 descendunt
2897 4080 2960 4129 ab
2999 4096 3059 4130 eo

596 4152 658 4202 lo
693 4152 742 4200 in
783 4151 1024 4201 aduerbio
1172 4151 1233 4201 12
1270 4152 1366 4200 cite
1393 4166 1484 4203 om.
1632 4151 1694 4200 15
1736 4147 1857 4215 alia]
1905 4191 1916 4203 .
1946 4186 1959 4200 .
1986 4191 1998 4202 .
2037 4164 2066 4197 a
2097 4166 2233 4202 corr.
2273 4151 2464 4200 recenti
2494 4166 2638 4200 manu
2673 4166 2772 4200 una
2913 4150 3051 4218 quia]
3089 4150 3172 4215 qui

732 4222 795 4270 16
834 4230 1046 4286 possunt
1083 4236 1175 4274 om.
1324 4221 1387 4270 19
1414 4229 1555 4269 extra
1592 4222 1851 4285 extempla
1961 4222 2317 4286 repperiuntur
2457 4215 2524 4269 20
2560 4220 3039 4285 depraehendantur

588 4291 651 4344 21
696 4289 854 4357 foras]
897 4292 1022 4341 l'oris
1133 4294 1197 4342 24
1233 4291 1344 4355 eri!
1381 4291 1457 4339 vel
1602 4291 1668 4341 ‘26
1698 4290 2106 4355 appelationibus
2245 4292 2310 4340 27
2351 4291 2546 4355 primae
2689 4291 2754 4341 28
2793 4290 2924 4339 mala
2959 4305 3173 4357 magnae

726 4363 1079 4427 repperiuntur
1219 4361 1287 4410 29
1330 4361 1460 4411 sulso
1601 4359 1665 4410 31
1710 4361 1859 4410 nenio
1908 4375 1938 4408 a
1976 4361 2094 4423 quia
2130 4361 2297 4410 locum
2346 4359 2601 4425 siguificat
2637 4360 2934 4410 aduerbium
2971 4362 3172 4423 quidem

592 4433 971 4482 monstratunde
1019 4433 1222 4482 ueneris
1398 4430 1463 4480 32
1513 4430 1765 4495 significat
1815 4430 1981 4479 locum
2028 4445 2128 4481 non
2182 4433 2496 4480 demonstrat
2670 4429 2738 4481 33
2775 4430 2967 4481 faciunt
3003 4432 3053 4481 in
3092 4447 3173 4480 cre

590 4503 854 4560 ataeiussit

729 4728 763 4776 4
796 4722 947 4791 falso]
985 4723 1114 4775 San.
1157 4724 1269 4788 luy.
1310 4724 1335 4775 1
1510 4723 1544 4773 6
1582 4732 1632 4772 tu
1672 4720 1843 4788 modo]
1899 4725 2055 4788 Very.
2096 4722 2227 4776 Aen.
2270 4722 2357 4772 Illi
2397 4721 2466 4772 50
2642 4723 2707 4773 14
2750 4731 2801 4772 et
2839 4719 2957 4787 cito]
2999 4722 3171 4773 quen.

590 4803 687 4847 sat.
730 4797 769 4856 1,
813 4795 877 4847 34
1022 4797 1087 4845 24
1125 4789 1408 4859 Terentius]
1458 4793 1675 4857 Adelph.
1714 4795 1756 4844 11
1800 4794 1856 4852 1,
1896 4797 1959 4844 44
2103 4795 2171 4844 28
2212 4788 2417 4859 magne]
2479 4807 2622 4859 mage
2661 4791 2942 4847 Pensa-hius,
2992 4808 3173 4859 magne

591 4869 735 4919 etiam
770 4882 928 4930 supra
968 4865 1054 4926 63,
1098 4864 1161 4915 19
1192 4865 1241 4913 in
1277 4866 1448 4914 codice
1477 4872 1553 4914 est
