3541 5564
1356 365 1829 430 COMMENTVM
2756 364 2873 428 177

2289 521 2292 524 ,
2508 487 2552 527 p.
2580 476 2755 516 183-86
2782 473 2827 515 1..

293 556 550 635 nuptiae,
600 555 881 634 numquid
926 563 1121 635 potest
1165 555 1280 615 hoc
1323 569 1513 633 genus
1543 555 1905 616 matrimonii
1949 573 2056 634 per
2104 573 2284 616 unum
2331 555 2456 615 [ieri
2505 564 2563 615 et
2607 573 2725 615 non
2768 573 2879 634 per

294 657 478 718 duos?
537 657 762 719 idcirco
818 659 991 719 etiam
1051 660 1286 720 numeri
1346 657 1588 738 pluralis
1635 664 1742 718 est.
1828 658 1972 718 item
2017 658 2078 717 in
2124 675 2345 736 genere
2389 663 2599 717 neutro
2645 657 2878 718 numeri

295 766 520 820 tantum
577 760 751 821 modo
815 759 1092 840 pluralis,
1165 760 1500 823 Saturnalia
1554 759 1892 821 Vulcanalia
1957 758 2323 839 Compitalia.
2409 759 2635 819 idcirco
2703 761 2878 819 etiam

297 860 584 922 debemus
642 861 755 923 hoc
810 860 1329 946 animadverltere,
1387 862 1546 940 quod
1606 861 1819 942 aliquis
1875 860 2109 922 obiecit.
2199 860 2590 940 quaerebatur
2659 861 2880 922 Pascha

251 964 461 1025 scuius
507 976 665 1025 esset
709 967 961 1026 numeri.
1056 965 1182 1026 dies
1226 966 1410 1026 festus
1456 972 1561 1026 est.
1639 966 1836 1025 omnia
1883 965 2122 1024 nomina
2168 964 2398 1025 dierum
2443 963 2725 1024 festorum
2771 982 2877 1024 nu-

294 1068 441 1127 meri
489 1075 628 1127 sunt
673 1074 901 1129 tantum
947 1066 1218 1148 pluralis,
1268 1067 1603 1129 vulcanalia
1652 1064 2018 1146 Compitalia.
2067 1064 2301 1127 dicebat
2327 1064 2428 1126 ille
2459 1068 2558 1145 qui
2592 1064 2886 1126 obiciebat

298 1169 472 1228 etiam
520 1167 632 1228 boc
677 1170 912 1231 numeri
959 1187 1091 1229 esse
1137 1177 1362 1231 tantum
1407 1153 1672 1250 pluralis,
1745 1168 1849 1229 sed
1894 1175 2033 1229 sunt
2077 1186 2288 1229 causae
2332 1186 2481 1247 quae
2521 1175 2882 1247 repugnant:

296 1271 516 1349 primo.
579 1271 733 1347 quod
790 1270 888 1332 illa
947 1273 1185 1332 nomina
1243 1272 1305 1332 in
1363 1272 1416 1333 ia
1466 1278 1710 1342 exeunt,
1758 1268 2094 1331 Vulcanalia
2141 1269 2474 1332 Saturnalia
2520 1270 2882 1349 Compitalia,

299 1378 354 1431 et
400 1371 623 1432 babent
666 1373 996 1452 principale
1040 1392 1240 1442 suum,
1299 1374 1455 1434 unde
1514 1376 1810 1440 oriantur,
1867 1371 2151 1433 Vulcanal
2199 1366 2565 1443 VulcanaliaJ
2606 1371 2886 1433 Minerva!

233 1493 276 1532 ιο
298 1473 671 1545 Minervalia,
721 1473 1008 1554 Compital
1058 1475 1434 1555 Compitalia,
1483 1474 1704 1537 babent
1757 1473 2085 1554 principale
2133 1493 2337 1544 suum,
2388 1474 2545 1535 unde
2590 1476 2884 1544 oriantur;

298 1576 410 1637 hoc
456 1594 577 1637 000
622 1575 830 1648 habet,
880 1596 990 1639 nec
1036 1579 1113 1639 ita
1163 1579 1281 1640 exit
1325 1579 1389 1638 in
1433 1579 1516 1648 ia,
1564 1578 1669 1639 sed
1715 1578 1777 1637 in
1822 1595 1875 1636 a.
1936 1576 2150 1638 deinde
2195 1577 2309 1637 boc
2368 1595 2582 1637 nomen
2642 1576 2885 1637 latinum

298 1686 412 1750 est,
473 1698 505 1740 a
564 1678 851 1740 latinitate
907 1679 1246 1750 descendit;
1305 1679 1452 1741 illud
1509 1698 1648 1741 vero
1706 1698 1986 1759 graecum
2048 1687 2152 1741 est.
2232 1688 2290 1739 et
2333 1681 2602 1739 novimus
2647 1680 2888 1739 nomina

298 1799 548 1860 graeca,
606 1801 757 1862 quae
811 1784 890 1843 ita
959 1791 1178 1844 exeunt
1237 1782 1391 1863 apud
1450 1781 1737 1853 GraecoS,
1797 1790 1939 1861 puta
1997 1781 2222 1861 colyma
2279 1781 2607 1862 colymata,
2675 1799 2890 1860 pegma

300 1893 607 1963 pegmata,
654 1893 901 1945 stemma
949 1892 1291 1956 stemmata,
1340 1886 1450 1946 ista
1496 1884 1787 1946 neutralia
1836 1902 1984 1965 quae
2030 1890 2166 1946 sunt
2210 1892 2269 1946 et
2311 1885 2397 1944 sic
2444 1890 2693 1955 exeunt,
2754 1901 2888 1943 cum

233 2011 277 2052 ιε
300 1988 614 2065 coeperint
658 1989 913 2048 transire
957 1989 1019 2047 in
1066 2006 1380 2048 numerum
1425 1985 1747 2067 pluralem,
1783 2005 2027 2048 neeesse
2074 1983 2296 2046 habent
2339 1992 2405 2045 ut
2446 1987 2509 2045 in
2552 1993 2611 2047 ta
2658 1993 2885 2047 exeant.

300 2108 420 2168 quo
465 2088 645 2149 modo
692 2108 834 2169 ergo
880 2089 965 2150 vis
1012 2109 1142 2153 esse
1187 2091 1338 2152 boc?
1404 2098 1468 2151 ut
1512 2107 1787 2168 graecam
1832 2090 2099 2167 sequaris
2144 2090 2462 2157 rationem,
2510 2095 2612 2148 aut
2655 2095 2718 2148 ut
2761 2086 2890 2149 lati-

300 2192 482 2252 nam?
550 2193 601 2251 si
645 2210 919 2271 graecam
967 2194 1051 2252 vis
1094 2210 1417 2272 sequamur
1459 2194 1783 2261 rationem,
1845 2211 1964 2252 non
2009 2189 2191 2252 habet
2238 2209 2549 2251 numerum
2595 2189 2889 2269 pluralem

306 2290 313 2372 Ι
359 2294 422 2353 in
467 2302 531 2354 ta
579 2303 923 2364 exeuntem;
983 2296 1033 2356 si
1092 2294 1367 2364 latinam,
1417 2314 1535 2356 000
1581 2294 1760 2354 habet
1805 2295 1878 2353 ia.
1969 2292 2129 2354 unde
2174 2300 2403 2353 constat
2446 2312 2566 2353 non
2613 2311 2740 2354 esse
2785 2310 2893 2353 nu-

300 2397 450 2455 meri
507 2394 771 2475 pluralis
864 2415 1007 2477 ergo
1064 2405 1198 2458 sunt
1257 2399 1495 2458 nomina
1555 2397 1788 2457 numeri
1842 2403 2071 2457 tantum
2127 2393 2398 2474 pluraIiS,
2448 2403 2514 2456 ut
2554 2395 2894 2456 Minervalia

229 2495 645 2564 mVulcanalia
692 2507 750 2559 et
794 2499 1023 2560 similia.

469 2600 569 2661 Ait
627 2600 712 2659 sic
769 2603 941 2662 etiam
985 2603 1115 2681 ipse
1161 2603 1404 2672 timenS,
1469 2602 1744 2679 quoniam
1794 2602 1904 2661 scit
1948 2599 2098 2661 lecta
2147 2617 2274 2660 esse
2321 2599 2503 2661 multa
2548 2606 2753 2660 contra
2798 2618 2893 2660 re·

300 2699 470 2779 gulas
518 2719 691 2769 suas,
737 2702 879 2764 ‘sed
926 2704 1082 2764 scire
1128 2703 1311 2764 debes
1357 2702 1537 2763 multa
1582 2722 1692 2782 per
1735 2704 2183 2782 usurpationem
2231 2721 2358 2763 esse
2403 2705 2683 2764 conexa'.
2760 2721 2896 2763 nam

301 2822 441 2865 ecce
490 2803 687 2884 pulvis
731 2804 982 2867 dicimus
1016 2806 1345 2868 secundum
1378 2816 1599 2876 artem,
1648 2814 1707 2866 et
1754 2813 1953 2866 tamen
1999 2807 2332 2867 invenimus
2375 2804 2678 2885 pulveres;
2727 2805 2898 2883 bigae

300 2905 595 2966 debemus
641 2905 869 2977 dicere,
917 2909 1253 2970 invenimus
1300 2908 1452 2988 biga.
1519 2915 1578 2969 et
1620 2908 1694 2969 de
1739 2907 1833 2969 bis
1880 2907 2233 2977 nominibus„
2283 2925 2434 2985 quae
2479 2915 2620 2968 sunt
2663 2909 2897 2969 numeri

225 3008 656 3087 asingulariS,
706 3010 1038 3071 invenimus
1083 3029 1402 3072 numerum
1447 3009 1739 3090 pluralem
1784 3011 2031 3082 sactum,
2092 3017 2151 3069 et
2195 3009 2268 3071 de
2316 3010 2407 3071 his
2451 3011 2593 3070 item
2641 3011 2896 3070 nomini-

301 3109 441 3181 buS,
507 3128 660 3190 quae
714 3118 851 3172 sunt
907 3113 1138 3174 numeri
1183 3112 1454 3193 pluraliS,
1514 3114 1844 3174 invenimus
1887 3113 2105 3173 sactum
2152 3130 2467 3173 numerum
2514 3111 2893 3191 singularem.

300 3213 374 3273 de
433 3231 692 3273 numero
747 3212 1031 3291 singulari
1088 3215 1279 3276 sactus
1336 3223 1427 3276 est
1480 3214 1751 3295 pluraliS,
1811 3222 1874 3275 ut
1929 3214 2043 3275 hoc
2098 3216 2291 3294 ipsum
2347 3213 2537 3294 pulvis
2592 3214 2896 3293 pulveres3

297 3315 440 3375 item
505 3314 581 3376 de
639 3323 891 3376 nume’ro
947 3315 1160 3397 plurali
1215 3319 1405 3379 sactus
1452 3325 1543 3379 est
1586 3314 1933 3395 singulariS,
1984 3316 2153 3395 bigae
2201 3316 2354 3393 biga.
2446 3322 2505 3376 et
2549 3315 2694 3378 illud
2739 3316 2898 3395 quod

299 3418 455 3497 apud
511 3417 832 3495 Vergilium
879 3417 1091 3489 habeS‚
1151 3422 1281 3480 vina
1327 3417 1503 3480 mella
1551 3417 1804 3487 hordea,
1866 3424 1925 3478 et
1969 3425 2167 3479 cetera
2212 3436 2361 3496 quae
2408 3418 2481 3479 ad
2527 3419 2764 3499 pondus
2809 3418 2900 3479 vel

223 3540 274 3583 ³0
300 3518 373 3579 ad
421 3537 777 3581 mensuram
822 3522 1126 3599 pertinent
1155 3523 1391 3583 numeri
1437 3527 1576 3583 sunt
1606 3528 1831 3583 tantum
1863 3519 2197 3599 singularis.
2261 3540 2376 3601 quo
2409 3522 2622 3582 modo?
2651 3520 2903 3600 legimus

298 3623 433 3682 vina
496 3641 618 3683 non
677 3620 866 3682 solum
922 3624 982 3683 in
1031 3622 1316 3703 Vergilio,
1377 3643 1453 3684 00
1517 3611 1678 3684 dicas
1723 3625 1892 3703 quasi
1935 3625 1998 3684 in
2042 3633 2217 3702 poeta
2263 3621 2512 3693 lectum,
2560 3621 2744 3685 babes
2788 3624 2903 3684 hoc

301 3726 484 3785 etiam
518 3726 582 3784 in
615 3724 901 3785 Cicerone
932 3725 1182 3796 lectum,
1233 3728 1432 3787 ‘vina
1480 3725 1902 3806 vinalisque
1931 3726 2315 3794 Asiatica’,
2366 3724 2617 3786 ‘mella
2663 3725 2902 3786 fluant

301 3823 310 3906 Ι
360 3825 544 3895 illi’,
607 3827 878 3887 ‘serite
936 3826 1213 3889 hordea
1273 3831 1607 3908 campis',
1669 3830 2029 3907 ‘aeraque
2086 3828 2385 3888 sudant'
2433 3825 2570 3909 [hoc
2612 3847 2713 3889 aes
2756 3827 2903 3888 haec

300 3928 505 4007 aeraJ:
558 3928 671 3989 ista
718 3931 914 3990 omnia
959 3949 1070 4009 per
1114 3932 1553 4011 usurpationem
1600 3929 1898 3992 dicuntur.

453 4118 469 4165 1
521 4130 625 4164 000
665 4130 758 4167 om.
800 4116 869 4180 A,
911 4118 1033 4172 add.
1071 4136 1104 4167 a
1245 4120 1278 4169 2
1315 4119 1465 4168 etiam
1502 4118 1598 4169 hoc
1641 4119 1837 4170 numeri
1867 4117 1915 4166 A
2053 4120 2085 4168 4
2126 4117 2306 4167 obiecit
2337 4135 2369 4168 a
2408 4117 2558 4167 obicit
2598 4118 2768 4169 ABG

301 4183 333 4232 5
376 4185 557 4233 omnia
597 4188 803 4235 nomina
840 4188 952 4237 AB
985 4188 1155 4237 omnia
1203 4191 1334 4238 enim
1375 4193 1582 4238 nomina
1620 4188 1735 4240 Ga*
1874 4190 1908 4237 ὅ
1955 4188 2155 4238 dicebat
2196 4215 2258 4223 —
2300 4188 2334 4238 8
2369 4187 2672 4253 Compitalia
2716 4204 2807 4242 om.
2846 4188 2894 4246 C,

302 4253 425 4306 add.
468 4270 500 4303 0
649 4257 711 4307 14
760 4265 970 4306 stemma
1018 4256 1308 4325 stemmata]
1362 4268 1561 4324 stegma
1612 4264 1863 4324 steg'mata
1913 4255 2092 4308 lma*
2140 4266 2255 4323 steg
2289 4298 2344 4310 ..
2397 4268 2678 4323 stegemata
2718 4258 2767 4307 A

308 4323 371 4372 lu
406 4339 540 4390 ergo
582 4340 675 4374 om.
715 4326 757 4376 G
894 4342 1006 4378 esse
1043 4337 1096 4377 ut
1139 4327 1236 4377 hoc
1277 4339 1363 4376 aut
1408 4344 1640 4391 graecam
1681 4330 1732 4378 B
1872 4329 1938 4376 22
1978 4328 2134 4377 multa
2167 4343 2258 4379 om.
2300 4327 2435 4379 BC.-
2471 4327 2626 4377 multa
2657 4343 2747 4393 per
2785 4341 2907 4377 con·

301 4396 632 4444 suetudinem
684 4411 798 4445 esse
848 4407 1086 4462 usurpata
1136 4401 1347 4449 coniecit
1400 4399 1772 4451 Lindemannus
1947 4398 2015 4449 23
2067 4394 2256 4464 pulvis]
2326 4398 2562 4462 pulueres
2610 4398 2772 4448 ABG

300 4461 574 4531 pulveres]
618 4464 798 4532 puluer
828 4465 989 4517 ABG
1152 4469 1222 4517 24
1257 4470 1318 4517 de
1350 4467 1431 4517 his
1464 4470 1752 4518 nominibus
1780 4465 1847 4516 a*
1881 4468 1944 4516 de
1980 4467 2062 4517 his
2091 4468 2314 4517 numeris
2338 4468 2508 4518 ABG
2675 4468 2742 4516 29
2778 4482 2907 4530 quae

301 4533 366 4581 ad
406 4536 620 4600 pondus
666 4534 752 4585 uel
789 4536 852 4585 ad
894 4552 1180 4587 mensuram
1227 4538 1481 4603 pertinent
1518 4539 1596 4590 Cb
1635 4554 1765 4602 quae
1805 4539 1871 4587 ad
1914 4538 2115 4603 pondus
2152 4546 2200 4587 et
2236 4553 2524 4588 mensuram
2572 4539 2826 4603 pertinent
2857 4537 2908 4586 B

302 4618 433 4666 quae
469 4604 707 4669 pondere
746 4617 1100 4657 mensurantur
1131 4608 1180 4657 A
1215 4623 1344 4671 quae
1377 4608 1599 4671 pondere
1639 4622 1849 4657 numero
1887 4622 2123 4658 mensura
2161 4625 2194 4657 a
2333 4607 2401 4659 30
2435 4606 2574 4673 sunt]
2612 4617 2689 4657 est
2717 4606 2766 4655 A

300 4673 371 4725 32
408 4674 461 4723 in
507 4676 778 4725 caecirone
806 4676 888 4728 A:
924 4678 1028 4731 Cic.
1057 4679 1106 4726 in
1156 4680 1311 4731 Verr.
1347 4686 1447 4727 act.
1481 4693 1583 4732 sec.
1631 4677 1762 4753 186,
1797 4677 1859 4727 91
1902 4678 2017 4726 vina
2055 4687 2320 4742 ceteraque
2359 4694 2487 4741 quae
2523 4679 2575 4727 in
2612 4679 2730 4727 Asia
2760 4676 2903 4727 facil-

1661 4758 1673 4783 l

302 4793 422 4845 lime
473 4806 841 4861 comparantur
886 4799 954 4860 cf.
1012 4799 1216 4850 cledon.
1249 4816 1312 4865 p.
1368 4797 1502 4849 1898
1645 4813 1742 4847 una
1793 4798 2109 4862 niualisquae
2144 4800 2186 4850 0
2322 4796 2490 4865 mella]
2544 4800 2701 4865 Verq.
2741 4798 2904 4854 bucol.

305 4864 357 4929 3,
392 4865 465 4917 89
619 4864 685 4916 :33
722 4865 894 4934 serite]
947 4870 1104 4936 Verq.
1133 4885 1312 4937 yeorq.
1346 4871 1363 4919 l
1405 4870 1510 4920 210
1651 4865 1891 4935 aeraque]
1945 4871 2100 4935 Vere.
2121 4885 2296 4935 yeory.
2337 4870 2354 4919 l
2387 4870 2492 4921 480

409 4956 775 4999 0οΑΜΜΑΤ101
803 4958 983 5000 mum
1011 4961 1066 5003 v.
1482 4996 1490 5004 .
2425 4953 2502 5016 12
