3541 5564
1543 320 1684 384 aas
2184 402 2189 407 ⁴
2823 316 2909 386 33

2522 444 2565 485 p.
2594 433 2708 473 1888.
2726 434 2784 472 -89
2812 431 2858 472 P.

334 509 766 571 circumflexum
815 511 1019 580 habet,
1089 512 1137 571 si
1205 519 1410 571 natura
1454 509 1656 605 lgpgzu
1733 512 1783 570 si
1827 511 2146 590 positione,
2216 519 2480 580 acutum,
2550 520 2612 571 ut
2656 518 2905 572 carecta.

332 611 795 690 amphimacrus,
855 624 919 674 ut
971 612 1230 683 insulae,
1288 612 1489 691 quovis
1546 611 1721 671 m‘odo
1780 614 1839 671 in
1898 610 2360 692 antepenultima
2416 621 2652 673 acutum
2710 612 2907 674 hahet.

330 715 585 793 quinque
638 723 773 775 sunt
828 715 890 775 hi
945 713 1128 794 pedes
1183 732 1355 791 ergo,
1416 715 1515 793 qui
1572 715 1779 793 quovis
1832 713 2010 774 modo
2064 714 2124 774 in
2172 716 2631 794 antepenultima
2676 723 2910 776 acutum

330 815 578 883 habent,
644 815 979 897 tribrachys
1045 815 1335 877 molossus
1401 825 1751 895 anapaestus
1807 815 2070 897 dactylus
2125 823 2184 875 et
2237 816 2690 895 amphimacrus,
2794 816 2910 878 duo

285 924 494 986 5sunt,
552 917 1014 996 palimbacchius
1061 927 1118 980 et
1164 918 1442 979 bacchius
1496 925 1751 989 tantum,
1813 920 1913 996 qui
1956 918 2159 998 quovis
2202 919 2376 979 modo
2426 915 2436 1002 Ι
2483 921 2543 980 in
2587 917 2911 999 penultima

330 1028 563 1080 acutum
630 1018 869 1081 habent.
964 1039 1117 1081 unus
1184 1028 1274 1081 est
1336 1018 1823 1100 amphibrachus,
1895 1022 1997 1101 qui
2053 1023 2111 1081 in
2167 1020 2520 1100 penultima,
2589 1024 2637 1081 si
2702 1030 2913 1083 natura

330 1120 497 1199 longa
547 1122 751 1191 suerit,
799 1122 1244 1184 circumflexum
1289 1124 1528 1202 recipit,
1576 1124 1624 1183 si
1671 1124 1991 1203 positione,
2042 1132 2297 1184 acutum.
2384 1124 2442 1182 in
2491 1122 2915 1202 amphibracho

331 1222 473 1284 haec
520 1233 609 1285 est
655 1225 834 1284 ratio:
896 1222 1069 1285 huius
1112 1223 1439 1304 penultima
1488 1226 1551 1285 six
1581 1227 1875 1304 positione
1922 1225 2094 1302 longa
2140 1224 2349 1292 suerit,
2397 1231 2630 1285 acutum
2678 1223 2918 1285 habebit

330 1336 666 1397 accentum,
714 1329 763 1385 si
810 1333 1043 1396 natura,
1092 1327 1557 1387 circumflexum.
1650 1326 2077 1407 providendum
2126 1335 2214 1387 est
2259 1334 2454 1387 autem
2496 1334 2560 1386 ut
2590 1327 2912 1405 penultima

265 1444 307 1481 ιο
331 1428 739 1508 amphibrachi
794 1430 1087 1509 positione
1141 1429 1241 1488 flat
1295 1428 1498 1506 longa:
1559 1448 1693 1490 nam
1750 1431 1800 1491 si
1847 1449 1918 1490 ex
1966 1437 2124 1489 muta
2171 1408 2231 1488 et
2273 1428 2494 1508 liquida
2541 1428 2719 1489 fuerit
2763 1430 2913 1490 sacta

330 1532 543 1610 positio
590 1529 968 1610 penultimae,
1017 1538 1223 1591 acutus
1269 1532 1329 1590 in
1377 1530 1902 1611 antepenultimam
1948 1532 2175 1592 transit.

496 1632 582 1692 In
614 1651 800 1712 conp
819 1635 1061 1694 ositis:
1091 1635 1616 1712 quotienscumque
1643 1653 1714 1694 ex
1744 1632 2015 1713 pluribus
2045 1631 2312 1712 partibus
2334 1634 2571 1693 nomina
2596 1634 2918 1712 composita
2942 1640 3060 1719 311,
3087 1640 3150 1686 252

331 1736 691 1811 reperimuS,
741 1754 856 1818 non
906 1737 1017 1796 nisi
1062 1737 1121 1795 in
1168 1734 1355 1795 tribus
1400 1734 1639 1815 syllabis
1684 1744 1992 1796 accentum
2040 1737 2396 1815 quaerimus
2470 1736 2531 1795 in
2577 1735 2918 1815 compositis

332 1836 707 1897 sermonibus
762 1856 947 1918 aeque
1006 1855 1155 1897 unus
1208 1845 1490 1899 accentus
1536 1839 1859 1907 iuvenitur,
1919 1839 2070 1898 sicut
2126 1844 2183 1897 et
2226 1839 2285 1897 in
2330 1835 2725 1915 simplicibuS,
2784 1837 2918 1915 quia

266 1954 311 1991 1⁵
334 1940 391 1999 in
438 1938 632 2000 tribus
675 1938 913 2019 syllabis
955 1940 1252 2000 invenitur
1298 1935 1574 2000 accentus
1622 1937 1710 2019 [in
1757 1939 2003 2001 bacchio
2051 1958 2189 2000 vero
2235 1941 2294 1999 in
2338 1938 2661 2018 penultima
2694 1940 2918 1999 inveni-

335 2048 425 2102 tur
473 2043 479 2121 Ι
528 2050 736 2104 acutus
790 2048 1097 2111 accentus,
1157 2044 1277 2101 sive
1333 2040 1429 2102 illa
1485 2042 1780 2121 positione
1837 2044 1912 2103 sit
1956 2042 2130 2120 longa
2174 2041 2295 2101 sive
2342 2039 2600 2122 natura].
2691 2043 2920 2101 interea

332 2146 389 2203 in
446 2143 910 2225 antepenultima
968 2152 1075 2205 est.
1152 2178 1234 2187 —
1304 2146 1597 2205 Accentus
1651 2146 1712 2204 in
1758 2143 2038 2206 Romanis
2081 2143 2277 2204 verbis
2333 2151 2392 2204 et
2441 2145 2502 2204 in
2546 2143 2924 2221 regularibus
2947 2149 3012 2198 24

331 2265 619 2327 quaerere
657 2246 963 2307 debemus.
1055 2247 1367 2326 peregrina
1416 2248 1683 2316 nomina,
1731 2265 1883 2326 quae
1927 2254 2064 2308 sunt
2107 2246 2377 2317 barbara,
2424 2246 2515 2307 vel
2561 2247 2920 2306 interiectio-

334 2366 452 2417 nes,
503 2323 655 2427 quae
701 2368 772 2408 ex
818 2348 1030 2409 affectu
1077 2350 1258 2409 animi
1304 2357 1642 2418 nascuntur,
1692 2356 1971 2410 accentus
2017 2346 2237 2409 habere
2283 2367 2404 2409 non
2447 2354 2724 2429 possunt,
2773 2346 2922 2409 heus

264 2450 466 2510 when.
520 2485 596 2495 --
645 2449 849 2511 Nulli
906 2452 1099 2511 certi
1154 2458 1353 2512 sunt:
1431 2458 1708 2512 accentus
1765 2438 1956 2529 legem
2004 2451 2147 2512 dicit
2188 2452 2670 2531 pronuntiatione
2715 2469 2919 2511 corru-
2946 2458 3014 2507 25

333 2562 525 2631 ptam,
587 2554 725 2630 quia
782 2551 1090 2630 dissyllaba
1151 2552 1327 2614 verba
1387 2552 1477 2613 vel
1532 2540 1802 2623 nomina,
1861 2571 2009 2633 quae
2067 2561 2299 2614 constat
2352 2555 2413 2614 in
2471 2554 2658 2633 prima
2702 2551 2923 2632 syllaba

334 2653 558 2714 habere
625 2662 933 2714 accentum
1007 2653 1085 2734 [si
1132 2654 1431 2735 tenores],
1502 2657 1562 2715 in
1627 2656 2112 2734 pronuntiatione
2168 2662 2450 2716 accentus
2514 2655 2587 2714 ad
2657 2654 2922 2715 ultimam

334 2758 727 2825 transferunt,
789 2774 938 2837 quae
982 2757 1221 2837 quidem
1268 2777 1386 2819 non
1433 2756 1661 2819 videtur
1706 2776 1837 2820 esse
1881 2758 2111 2829 ultima,
2175 2761 2311 2840 quia
2357 2758 2467 2820 hac
2512 2758 2926 2818 coniunctione

334 2860 595 2940 inpletur
641 2859 933 2940 periodos
987 2894 1063 2904 —-
1112 2861 1345 2940 Saepe
1390 2859 1822 2923 conturbat:
1886 2863 2333 2923 meminerimus
2379 2868 2445 2920 nt
2488 2879 2698 2939 graeca
2746 2843 2923 2921 verba
2948 2878 3014 2926 27

265 2977 313 3016 τε»
332 2966 574 3038 praecis
630 2960 975 3023 accentibus
1020 2964 1504 3041 pronuntiemus,
1563 2980 1711 3043 quae
1760 2961 1936 3023 verba
1992 2965 2053 3024 in
2100 2963 2320 3023 ultimis
2364 2961 2602 3041 syllabis
2647 2970 2926 3025 accentus

337 3065 587 3134 habent,
648 3083 799 3143 quae
845 3064 1038 3125 Latini
1081 3064 1303 3126 habere
1349 3083 1467 3125 non
1511 3073 1789 3143 possunt,
1838 3075 1904 3126 ut
1948 3064 2095 3125 Dido
2139 3064 2297 3126 Nais.
2350 3062 2362 3146 1
2415 3062 2499 3146 [ἰη
2544 3063 2637 3124 his
2684 3063 2925 3125 ultimae

336 3167 558 3230 habent
602 3166 1047 3227 circumflexum
1094 3164 1446 3247 accentum]
1493 3201 1577 3211 —-
1621 3166 1778 3227 Nisi
1824 3167 2317 3228 discretionis
2372 3185 2624 3228 causa:
2683 3175 2819 3226 tunc
2865 3168 2925 3226 in
2952 3175 3017 3225 28

336 3270 535 3332 latinis
581 3266 778 3329 verbis
821 3269 881 3328 in
926 3267 1130 3328 ultima
1177 3268 1399 3347 syllaba
1445 3277 1725 3330 accentus
1768 3269 2100 3338 invenitur,
2162 3269 2435 3349 quotiens
2480 3269 2661 3329 suerit
2704 3270 2927 3330 discre-

338 3373 418 3432 tio
466 3370 786 3432 verborum
833 3370 1177 3450 separanda,
1228 3379 1291 3431 ut
1320 3366 1347 3453 Η
1379 3389 1521 3450 ergo
1571 3369 1663 3451 [ut
1706 3389 1892 3450 pone,
1941 3370 2075 3431 ideo
2121 3389 2195 3431 ne
2241 3370 2486 3431 verbum
2530 3378 2773 3451 putetur
2817 3372 2927 3430 im·

270 3474 589 3553 superativi
636 3471 855 3553 modi],
904 3491 979 3533 ne
1025 3473 1365 3533 coniunctio
1410 3472 1817 3551 intellegatur,
1879 3491 2027 3553 quae
2073 3490 2308 3534 causam
2353 3473 2670 3551 significat,
2728 3482 2792 3533 ut
2838 3470 2924 3533 ul-

342 3577 481 3636 tima
528 3574 924 3655 producatur,
972 3576 1032 3635 in
1078 3575 1281 3635 ultima
1330 3575 1772 3635 circumflexum
1818 3575 2048 3655 recipit.
2109 3576 2356 3644 Acutus,
2403 3577 2627 3652 graviS,
2676 3577 2925 3636 circum-

340 3676 560 3748 flexuS,
595 3675 823 3746 brevis,
860 3669 1059 3756 ὖφέν,
1092 3672 1433 3754 διαστολή.
1470 3711 1546 3720 -
1579 3678 1665 3737 Ne
1711 3677 1941 3738 dicatur
1971 3669 2150 3755 ὑφέν
2195 3677 2603 3756 ‘conspicit
2647 3681 2925 3737 ursus'.

340 3814 422 3824 —-
476 3780 741 3840 Δασεῑα
796 3775 988 3858 ψιλήε
1058 3776 1293 3839 δασεῖα
1361 3777 1714 3859 adspiratio,
1782 3773 1946 3858 ψιλή
2014 3778 2266 3839 siccitas.
2356 3776 2503 3839 haec
2558 3780 2723 3857 signa
2776 3777 2929 3857 apud

344 3882 623 3944 Graecos,

482 4122 606 4174 eod.
645 4120 807 4173 Bern.
846 4121 891 4168 V
926 4119 1132 4170 5*-7.
1271 4121 1305 4169 2
1342 4116 1744 4186 amphimacrus]
1784 4119 2119 4184 amssbrachys
2261 4120 2312 4168 in
2342 4119 2791 4185 antepenultimam

346 4193 379 4244 3
405 4191 475 4242 hii
620 4193 668 4242 in
708 4190 1155 4257 antepenultimam
1298 4191 1331 4239 4
1368 4190 1685 4240 amfimacrns
1825 4191 1858 4239 5
1891 4192 1936 4239 in
1977 4187 2308 4254 penultimam
2447 4189 2481 4240 6
2518 4190 2667 4240 habet
2789 4188 2930 4238 amfi-

346 4263 558 4314 braehus
679 4264 731 4311 in
769 4261 1097 4326 penultimam
1239 4261 1270 4309 7
1308 4261 1355 4308 iu
1394 4260 1704 4310 amlibrachu
1843 4261 1875 4311 9
1912 4259 2243 4326 penultimam
2272 4259 2580 4325 amfibrachy
2722 4259 2786 4311 10
2821 4260 2930 4309 lon-

348 4349 460 4400 gam
603 4333 666 4385 11
706 4332 991 4399 penultima
1106 4326 1195 4381 '12
1235 4346 1301 4380 ex
1335 4329 1588 4395 pluribus]
1627 4331 1677 4379 in
1713 4330 1902 4393 plumis
1939 4347 2081 4382 corr.
2118 4333 2189 4379 al.
2226 4347 2354 4382 man.
2407 4332 2458 4379 in
2495 4331 2727 4396 plurimis
2870 4329 2932 4380 13

347 4406 665 4470 repperimus
808 4403 875 4453 14
912 4403 1032 4464 quia
1066 4403 1115 4450 in
1155 4401 1341 4450 sti-ibus
1480 4400 1547 4450 20
1583 4409 1871 4465 correptum
2009 4401 2074 4451 21
2127 4401 2362 4465 imprima
2499 4403 2568 4452 24
2605 4403 2803 4468 graecis
2838 4414 2929 4451 om.

484 4474 553 4525 29
594 4469 737 4536 ideo]
782 4474 850 4521 ibi
992 4472 1060 4522 30
1096 4485 1248 4521 causa
1390 4470 1452 4521 31
1497 4471 1745 4534 recipiant
1881 4469 1952 4522 32
1987 4472 2267 4536 conspiciet
2310 4486 2445 4521 corr.
2482 4473 2576 4520 -cit
2709 4470 2775 4522 33
2814 4481 2936 4535 aput

349 4560 555 4610 graecos
592 4546 853 4610 positurae
894 4543 1128 4608 ponenda
1275 4538 1341 4591 34
1378 4556 1532 4590 Aacta
1564 4541 1640 4591 bis

734 4682 959 4689 ..-ρ-...ο-

354 4839 393 4889 v
444 4768 564 4890 118ίέ
583 4769 821 4833 sortasse
857 4766 1171 4817 interealoci:
1217 4767 1266 4815 in
1304 4763 1701 4828 antepenultima
1739 4770 1818 4811 est
1853 4770 2089 4812 accentus
2197 4760 2263 4813 32
2303 4758 2574 4828 conspicit]
2618 4763 2776 4826 Verq.
2803 4761 2933 4815 Aen.

403 4841 440 4888 ll

453 4929 813 4972 GRAMMA‘HCI
843 4924 1028 4968 mmm
1055 4926 1109 4967 v.
2495 4918 2536 4980 3
