3541 5564
618 354 745 418 202
1753 356 2056 419 ΡΟΜΡΕΙΙ

670 478 712 518 p.
739 466 915 506 239-41
947 464 990 504 1..

621 554 841 606 vester:
889 544 1001 605 alia
1045 546 1395 625 pronomina
1443 564 1563 606 non
1607 547 1886 606 invenieS.
1964 544 2067 605 sed
2115 545 2315 607 dicere
2358 545 2503 606 mihi
2549 545 2760 617 haheS,
2809 546 3009 607 dixisti
3052 547 3195 608 mihi

619 647 728 708 alia
783 649 1133 728 pronomina
1190 667 1308 709 non
1366 650 1648 720 inveniri,
1704 648 1808 708 sed
1866 650 2064 709 inveni
2125 648 2256 709 alia.
2348 648 2480 709 dico
2537 648 2672 719 tibi,
2732 666 2841 728 ego
2898 649 3017 710 dixi
3062 650 3195 729 quia

619 769 734 810 non
781 757 918 811 sunt
959 751 1342 829 primigenia,
1403 769 1552 830 quae
1598 750 1739 812 dicit
1782 752 1998 819 Varro,
2057 750 2159 811 sed
2218 750 2544 812 deductiva.
2634 751 2882 812 multum
2927 753 3192 820 interest,

617 858 816 912 utrum
873 853 947 912 sit
1000 850 1219 930 aliquid
1275 851 1542 913 naturale
1597 871 1669 913 an
1741 850 2022 933 [aliquid]
2081 852 2483 914 derivativum.
2576 860 2717 932 puta
2786 854 2994 923 Troia,
3064 851 3194 913 dico

617 954 938 1024 Troianus3
987 955 1103 1015 iam
1133 955 1425 1016 Troianus
1469 973 1587 1016 non
1636 963 1724 1016 est
1767 961 2015 1024 novum,
2063 953 2166 1016 sed
2214 956 2372 1015 venit
2414 954 2487 1016 ab
2534 973 2604 1015 eo
2650 955 2807 1035 quod
2854 963 2945 1015 est
2987 955 3188 1016 Troia:
3216 977 3243 1016 5

617 1056 951 1135 Troiugena
999 1074 1116 1117 non
1163 1066 1251 1117 est
1295 1075 1538 1128 novum,
1586 1058 1691 1119 sed
1735 1058 1896 1116 venit
1939 1055 2013 1118 ab
2060 1076 2131 1117 eo
2174 1057 2332 1137 qnod
2381 1064 2470 1118 est
2514 1058 2722 1118 Troia:
2791 1055 3030 1119 Troilus
3075 1076 3190 1117 non

619 1166 707 1219 est
760 1177 1004 1230 novum,
1063 1159 1165 1221 sed
1221 1161 1380 1220 venit
1435 1159 1507 1220 ab
1551 1157 1650 1220 illa
1705 1158 2086 1219 derivatione.
2179 1157 2300 1220 noli
2344 1175 2489 1237 ergo
2532 1158 2678 1220 mihi
2724 1158 2732 1240 Ι
2779 1158 3008 1229 dicere,
3056 1148 3191 1220 ecce

617 1279 763 1322 nova
817 1263 1046 1331 inveni;
1104 1280 1240 1321 nam
1298 1262 1428 1321 dico
1487 1260 1621 1331 tibi,
1679 1263 1790 1321 ista
1848 1266 1986 1321 sunt
2027 1261 2406 1339 primigenia,
2455 1270 2652 1323 cetera
2698 1269 2892 1322 autem
2940 1260 3192 1321 deducta

615 1372 753 1424 sunt
807 1363 962 1424 inde.
1053 1382 1234 1443 quare
1290 1362 1409 1424 dixi
1460 1362 1570 1423 tibi
1626 1363 1765 1433 hoc,
1826 1364 2100 1442 quoniam
2160 1364 2359 1441 viginti
2418 1372 2475 1424 et
2529 1383 2709 1425 unum
2766 1371 2902 1424 sunt
2966 1371 3189 1424 tantum

616 1467 1002 1545 pronomina?
1074 1484 1149 1526 ne
1204 1474 1375 1545 putes
1419 1464 1528 1526 alia
1571 1484 1724 1544 quae
1768 1466 1996 1525 invenis
2041 1465 2150 1526 alia
2197 1483 2326 1526 esse
2369 1467 2739 1545 pronomina.
2829 1483 2948 1527 non
2994 1473 3190 1527 autem
3218 1486 3265 1522 10

616 1576 754 1629 sunt
796 1586 976 1638 nova,
1025 1567 1126 1629 sed
1174 1567 1306 1628 dico
1349 1565 1459 1628 tibi
1497 1567 1658 1655 ‘qnod
1704 1565 1801 1627 illa
1850 1568 2042 1627 omnia
2089 1585 2493 1647 quaecumque
2537 1569 2861 1639 inveneris,
2909 1567 3190 1651 quidquid

616 1669 761 1731 illud
819 1677 933 1740 est,
993 1670 1132 1731 hinc
1189 1672 1476 1748 originem
1534 1667 1774 1729 ducunt.
1863 1677 2003 1748 puta
2062 1685 2171 1746 ego
2216 1688 2546 1749 pronomen
2593 1679 2711 1732 est:
2789 1690 3006 1750 egone,
3056 1690 3192 1731 ecce

615 1771 802 1841 aliud;
860 1791 979 1833 non
1037 1783 1124 1833 est
1179 1780 1373 1833 autem
1431 1770 1617 1851 aliud,
1676 1770 1782 1832 sed
1836 1773 2169 1850 conpositio
2222 1779 2313 1832 est
2366 1773 2562 1851 potius
2606 1792 2780 1852 quam
2841 1791 3191 1853 pronomen.

615 1876 747 1953 quis
801 1893 1132 1955 pronomen
1188 1883 1305 1935 est:
1374 1875 1438 1934 fit
1489 1872 1628 1933 inde
1686 1875 1989 1952 quisnam,
2048 1875 2111 1934 fit
2165 1873 2303 1934 inde
2348 1875 2686 1954 quisquam,
2746 1876 2809 1935 fit
2850 1875 2992 1936 inde
3037 1876 3191 1955 quis-

616 1979 800 2056 piam,
862 1979 923 2038 flt
975 1977 1114 2039 inde
1170 1977 1408 2057 aliquis;
1467 1974 1629 2035 vides
1673 1975 1804 2055 quia
1852 1975 2075 2047 omnia,
2134 1994 2286 2056 quae
2329 1977 2505 2045 fiunt,
2563 1976 2703 2038 hinc
2747 1976 2972 2038 habent
3015 1978 3191 2055 origi·
3220 1994 3272 2034 ιε

616 2098 769 2140 nem.
862 2098 1004 2158 ergo
1049 2078 1212 2141 vides
1258 2080 1370 2141 alia
1414 2079 1767 2158 pronomina
1814 2094 1933 2137 non
1980 2096 2129 2139 esse.
2202 2097 2335 2139 nam
2382 2079 2429 2139 si
2476 2080 2774 2140 inveneris
2819 2078 2927 2140 alia
2974 2098 3193 2159 prono-

617 2183 802 2252 mina,
851 2184 1180 2263 conpositio
1225 2183 1286 2241 in
1332 2182 1474 2262 ipsis
1519 2181 1697 2241 efficit
1741 2182 2089 2250 novitatem;
2138 2189 2399 2241 ceterum
2446 2181 2585 2242 hinc
2616 2183 2906 2260 originem
2951 2180 3190 2243 habent.

781 2283 937 2362 Ergo
991 2286 1100 2344 ista
1153 2290 1290 2345 sunt
1344 2284 1503 2344 finita
1551 2284 1923 2363 pronomina.
2016 2300 2125 2360 ego
2168 2284 2410 2362 penitus
2454 2284 2680 2344 finitum
2727 2291 2819 2345 est
2860 2302 2973 2345 nec
3016 2283 3196 2344 habet

618 2385 873 2467 aliquam
907 2385 1286 2448 dubietatem.
1346 2386 1572 2446 finitum
1618 2393 1816 2446 autem
1862 2384 2079 2445 dicitur
2122 2403 2480 2465 pronomen,
2529 2385 2766 2465 quando
2811 2384 3014 2446 definit
3058 2403 3193 2464 per·

613 2507 837 2550 sonam.
928 2496 995 2549 ut
1050 2495 1187 2567 puta
1245 2505 1384 2565 ego:
1456 2486 1693 2567 quando
1747 2486 1880 2546 dico
1938 2505 2075 2565 ego,
2136 2505 2254 2547 non
2312 2494 2482 2565 potes
2535 2486 2790 2565 aliquem
2848 2485 3274 2566 intellegerem

613 2589 822 2660 alium,
871 2589 974 2650 sed
1023 2608 1146 2659 me,
1206 2590 1308 2668 qui
1362 2587 1589 2669 loquor.
1679 2590 1820 2649 item
1868 2596 1932 2649 tu
1978 2588 2214 2668 quando
2261 2588 2422 2659 dico,
2471 2607 2590 2649 non
2636 2596 2803 2669 potes
2846 2588 3194 2669 intellegere

411 2706 529 2765 410,
557 2706 587 2753 4
614 2691 820 2762 alium,
867 2690 970 2752 sed
1015 2692 1208 2771 ipsum
1254 2691 1475 2761 solum,
1523 2691 1595 2752 ad
1640 2709 1816 2771 quem
1863 2691 2070 2769 dirigis
2109 2707 2466 2751 sermonem.
2537 2689 2636 2752 ille
2681 2710 2821 2753 vero
2865 2691 3049 2753 habet
3092 2691 3193 2753 ali-

411 2776 528 2836 500,
555 2776 584 2824 ⁷
612 2814 785 2875 quam
833 2795 1252 2856 differentiam:
1327 2813 1460 2854 cum
1495 2793 1722 2855 -debeat
1765 2794 2115 2856 naturaliter
2159 2795 2387 2856 finitum
2435 2814 2565 2856 esse
2614 2791 2622 2874 Ι
2668 2793 2797 2864 ille,
2845 2802 3043 2856 tamen
3089 2793 3193 2856 ali-

613 2899 888 2978 quotiens
933 2895 1162 2958 accedit
1204 2898 1264 2957 in
1311 2897 1506 2957 minus
1550 2914 1725 2976 quam
1772 2897 2000 2957 finitum
2047 2914 2408 2975 pronomen,
2467 2905 2526 2958 et
2570 2897 2961 2958 differentiam
3007 2900 3193 2977 ipsam

613 3002 696 3060 sic
742 3002 1155 3081 exprimimus,
1203 3006 1294 3069 ut,
1342 2997 1578 3079 quando
1623 2997 1696 3059 de
1740 3006 2055 3078 praesente
2097 2998 2419 3079 loquimur,
2481 3006 2618 3059 ωηο
2661 2999 2889 3059 finitum
2935 3001 3013 3060 sit
3055 3019 3271 3079 pro-ss

618 3120 863 3171 nomen,
921 3102 968 3163 si
1028 3108 1219 3163 antem
1279 3101 1352 3162 de
1409 3100 1669 3182 absente·
1706 3103 1783 3162 sit
1839 3100 2081 3172 relatio,
2140 3102 2336 3163 minus
2391 3118 2566 3181 quam
2625 3101 2852 3161 finitum
2897 3103 2990 3162 sit.
3082 3101 3192 3163 hoc

617 3205 793 3264 etiam
848 3205 1209 3283 significatur
1266 3203 1602 3265 elocutione
1659 3211 1964 3284 poetarum
2023 3202 2113 3284 [et
2167 3202 2321 3283 apud
2375 3209 2644 3264 oratores
2698 3205 3035 3266 invenimus
3081 3205 3191 3266 hoc

614 3308 836 3387 ipsum,
886 3315 1081 3367 tamen
1128 3315 1185 3367 et
1232 3306 1385 3387 apud
1431 3313 1638 3386 poetas
1682 3303 2078 3384 invenimus],

912 3407 1044 3469 ille
1090 3425 1222 3486 ego
1268 3410 1384 3488 qui
1429 3407 1791 3488 quondam
1836 3406 2105 3485 gracili
2150 3407 2574 3469 modulatus
2617 3426 2865 3468 avena.

610 3508 709 3570 illc
756 3527 892 3588 ego:
941 3513 991 3571 si
1036 3509 1134 3570 ille
1178 3512 1404 3572 finitum
1451 3517 1541 3571 est
1583 3527 1947 3589 pronomen,
1995 3509 2132 3589 quid
2178 3528 2326 3590 opus
2371 3510 2562 3571 suerat
2606 3517 2670 3571 ut
2709 3511 3273 3590 interponereturso

599 3612 759 3691 ego?
803 3612 904 3672 sed
952 3631 1023 3673 ex
1070 3631 1141 3674 eo
1186 3613 1338 3692 quod
1387 3613 1533 3673 dixit
1578 3630 1686 3691 ego
1732 3611 1991 3674 ostendit
2032 3611 2147 3673 hoc
2192 3613 2379 3691 ipsum
2425 3631 2785 3692 pronomen,
2832 3612 2892 3673 id
2939 3621 3031 3674 est
3075 3611 3188 3682 ille,

613 3714 890 3793 quoniam
950 3733 1069 3775 non
1126 3716 1268 3776 satis
1312 3716 1540 3776 linitum
1588 3720 1694 3776 est.
1789 3732 1931 3792 ergo
1976 3715 2090 3775 ista
2133 3724 2274 3777 sunt
2316 3715 2433 3777 duo
2478 3716 2798 3795 praecipue
2842 3717 3036 3786 finita,
3085 3734 3190 3794 ego

614 3825 672 3876 et
718 3824 798 3876 ω.
887 3813 985 3876 ille
1043 3834 1184 3878 vero
1234 3825 1377 3878 tunc
1432 3818 1658 3877 finitum
1716 3823 1834 3887 est,
1895 3816 2133 3894 quando
2188 3816 2259 3877 ad
2317 3834 2632 3896 personam
2678 3825 3057 3895 praesentem
3101 3837 3189 3879 re-

609 3920 835 3986 fertum
882 3926 1024 3979 tnnc
1067 3919 1265 3979 minus
1310 3937 1485 3998 quam
1531 3920 1779 3990 finitum,
1827 3918 2063 4000 quando
2108 3918 2180 3979 ad
2227 3916 2576 3979 relationem
2623 3918 2870 3980 alicuius
2913 3921 3191 3982 refertur.

613 4038 752 4080 ecce
799 4018 1087 4081 habemns
1130 4023 1482 4101 pronomina
1528 4022 1720 4090 finita3
1770 4024 1887 4083 iam
1933 4020 2231 4082 videamus
2276 4039 2425 4101 quae
2470 4028 2610 4081 sunt
2651 4021 2898 4082 infinita.
3216 4044 3271 4083 :15

748 4292 781 4343 3
835 4293 1145 4359 primigenia
1179 4289 1356 4342 Bca*
1406 4293 1727 4360 primogenia
1763 4294 1812 4342 A
1954 4296 1987 4344 4
2025 4293 2215 4358 aliquid
2261 4290 2490 4344 naturale
2525 4290 2593 4340 α*
2642 4293 2837 4358 aliqui.
2878 4294 3107 4345 naturale
3140 4295 3188 4344 A

612 4364 804 4426 aliquid
842 4379 868 4409 a
901 4363 1116 4412 naturali
1158 4362 1259 4412 BC
1360 4362 1718 4417 deriuat..um
1755 4366 1802 4412 A
1840 4364 2113 4414 diriuatum
2148 4364 2200 4413 B
2310 4364 2373 4415 13
2401 4364 2684 4428 conpositio
2720 4373 2797 4415 est
2835 4366 3007 4430 potius
3043 4380 3186 4429 quam

613 4448 889 4498 pronomen
924 4442 1000 4482 est
1038 4433 1152 4496 quis
1192 4447 1471 4497 pronomen
1508 4441 1586 4484 est
1609 4434 1660 4484 B
1686 4436 2003 4500 conpositum
2042 4443 2119 4483 est
2153 4434 2268 4498 quis
2309 4447 2585 4499 pronomen
2620 4444 2698 4484 est
2725 4435 2765 4485 0
2798 4435 3083 4501 conpositio
3118 4446 3190 4486 est

611 4503 783 4568 potins
819 4519 968 4566 quam
1000 4517 1279 4567 pronomen
1322 4510 1398 4552 est
1432 4520 1464 4553 α
1499 4506 1784 4571 conpositio
1822 4512 1898 4554 est
1939 4544 1950 4557 .
1976 4546 1989 4558 .
2023 4545 2034 4557 .
2066 4546 2078 4558 .
2110 4545 2123 4558 .
2150 4545 2161 4556 .
2184 4544 2199 4559 .
2232 4545 2243 4556 .
2270 4546 2281 4558 .
2326 4518 2607 4569 pronomen
2644 4516 2720 4553 est
2760 4505 2807 4553 A
2978 4506 3041 4557 14
3077 4507 3189 4556 inde

611 4581 731 4623 ante
757 4574 1010 4638 quispiam
1044 4588 1135 4626 om.
1171 4573 1338 4623 ABG
1476 4574 1542 4623 22
1579 4589 1861 4626 sermonem
1889 4572 2017 4624 Ba*
2050 4588 2320 4640 personam
2360 4574 2463 4623 AC
2599 4574 2666 4625 25
2705 4574 2768 4623 de
2800 4573 3088 4643 praesente]
3128 4577 3190 4626 ad

613 4654 929 4707 praesentem
964 4641 1131 4693 ABG
1268 4652 1387 4692 tunc
1428 4643 1556 4704 (tum
1599 4645 1657 4709 a)
1692 4647 1769 4695 sic
1802 4645 1995 4694 finitum
2034 4652 2109 4694 est
2150 4657 2428 4710 pronomen
2462 4644 2627 4694 ABG
2765 4643 2832 4694 29
2873 4644 2981 4711 ille]
3031 4648 3185 4712 Ver-9.

609 4728 832 4775 prooem.
874 4713 1006 4762 Aen.
1219 4713 1506 4765 modulator
1543 4715 1627 4765 A?
1678 4730 1814 4768 corr.
1870 4716 2159 4765 modulatus
2212 4731 2246 4764 a
2299 4714 2598 4764 modulabar
2633 4714 2696 4764 a*
2891 4729 3054 4766 auena
3099 4716 3191 4767 Ba

613 4782 813 4832 hauena
852 4784 898 4830 Α
944 4782 1141 4832 habena
1177 4783 1219 4833 C
1390 4781 1455 4836 31
1496 4786 1717 4835 ostendit
1753 4786 1839 4835 ille
1875 4786 1926 4835 id
1966 4795 2041 4835 est
2089 4786 2185 4836 hoc
2221 4785 2390 4849 ipsum
2436 4798 2712 4850 pronomen
2751 4786 2991 4849 quoniam
3030 4785 3192 4838 ABG

751 4850 820 4904 35
856 4867 984 4915 quae
1021 4860 1139 4902 sunt
1172 4867 1264 4906 om.
1304 4854 1357 4905 B
3025 4856 3037 4866 ‘
