3541 5564
373 763 581 826 423,14

616 364 643 424 1
660 361 736 424 12
1748 361 2055 424 ΡΟΜΡΕΙΙ

661 484 703 523 p.
732 472 884 511 35-38
912 470 955 510 1..

610 550 829 629 syllaba
877 568 1019 628 ergo
1063 552 1308 630 proprie
1355 550 1567 610 dicitur
1612 567 1760 628 quae
1809 549 1881 609 de
1926 548 2125 610 multis
2169 548 2385 610 litteris
2428 549 2580 609 sacta
2614 554 2721 617 est,
2771 547 3011 609 abusive
3043 566 3189 629 quae

610 652 682 712 de
731 672 842 714 una
890 652 1073 712 vocali
1118 653 1270 713 sacta
1318 662 1426 713 est.
1810 657 1814 661 ’

776 755 993 816 Omnes
1037 752 1293 834 syllabae
1339 762 1440 815 aut
1485 755 1693 815 breves
1736 763 1890 822 sunt,
1938 761 2036 813 aut
2068 751 2277 832 longae
2308 761 2460 824 sunt,
2510 764 2615 814 aut
2650 771 2999 814 communes
3031 761 3187 813 sunt.

611 856 821 916 breves
867 855 1146 917 dicuntur
1206 875 1356 936 quae
1402 875 1637 935 semper
1684 855 1894 916 breves
1938 865 2105 924 sunt;
2168 855 2378 934 longae
2434 856 2711 917 dicuutur
2759 873 2909 934 quae
2955 872 3191 934 semper

611 958 821 1036 longae
877 968 1045 1027 sunt;
1105 976 1451 1019 communes
1505 958 1781 1019 dicuntur
1829 976 1977 1036 quae
2033 957 2210 1019 modo
2265 959 2475 1019 breves
2536 957 2710 1018 modo
2766 956 2979 1034 longae
3024 963 3243 1016 sunus

613 1079 745 1120 nam
789 1060 977 1121 idciro
1024 1060 1349 1140 appellatae
1394 1067 1532 1121 sunt
1577 1078 1938 1120 communes.
2030 1060 2331 1120 videamus
2377 1059 2552 1121 modo
2599 1059 2826 1120 breves
2917 1060 2979 1118 in
3029 1060 3190 1136 prin-

611 1164 793 1241 cipio.
845 1170 1157 1240 antequam
1216 1162 1407 1222 dicam
1464 1161 1866 1223 definitionem
1924 1163 2136 1241 ipsam,
2187 1170 2249 1222 tu
2295 1162 2409 1222 hoc
2453 1164 2607 1221 scire
2652 1159 2864 1229 (lebes,
2913 1162 3189 1240 quoniam

609 1263 888 1344 syllabam
940 1282 1055 1324 non
1103 1272 1491 1343 conputamus
1535 1264 1609 1324 ab
1656 1266 1852 1333 initio,
1911 1263 2013 1323 sed
2063 1283 2093 1324 a
2140 1262 2344 1324 vocali.
2435 1265 2712 1344 quisquis·
2747 1261 2870 1323 vult
2910 1261 3191 1341 syllabam

609 1366 1108 1436 animadvertere,
1188 1366 1375 1446 qualis
1454 1369 1557 1435 sit,
1636 1385 1757 1427 non
1834 1365 1908 1426 ab
1984 1366 2150 1426 initio
2235 1364 2410 1425 debet
2496 1373 2850 1444 conputare,
2924 1363 3027 1425 sed
3104 1385 3134 1424 a
3183 1362 3188 1440 1

612 1467 813 1528 vocali.
941 1477 1103 1547 puta¹
1167 1477 1328 1547 post:
1422 1469 1657 1548 quando
1736 1468 1881 1529 dicis
1959 1467 2100 1528 mihi
2149 1453 2443 1545 '‘quaere
2533 1466 2718 1544 qualis
2805 1474 2891 1526 est
2974 1464 3192 1545 syllaba
3223 1484 3275 1521 10

610 1576 796 1649 post',
874 1589 991 1630 uon
1066 1572 1285 1649 incipio
1341 1577 1663 1660 conputare
1723 1590 1751 1629 a
1814 1591 1881 1649 p,
1940 1569 2042 1630 sed
2100 1572 2320 1649 incipio
2378 1569 2832 1647 conputareab
2895 1588 2957 1636 o;
3018 1587 3049 1627 a
3096 1587 3192 1627 vo-

610 1671 720 1732 cali
778 1673 996 1750 incipio
1055 1681 1379 1751 conputare
1426 1680 1483 1733 et
1528 1674 1711 1752 ipsam
1759 1672 2229 1733 animadvertere
2288 1680 2347 1732 et
2412 1680 2730 1747 sequentes
2784 1678 3196 1732 consonantes,

612 1783 808 1834 utrum
858 1771 1052 1834 brevis
1098 1775 1173 1833 sit
1216 1792 1289 1834 an
1337 1774 1537 1852 longa,
1599 1782 1661 1834 ut
1705 1776 1930 1854 possim
1977 1773 2481 1842 animadvertere,
2541 1792 2658 1833 non
2704 1774 2926 1852 incipio
2972 1791 3194 1851 conpu-

610 1886 734 1936 tare
782 1895 813 1935 a
858 1895 925 1954 p,
960 1875 1090 1942 ,sed
1146 1874 1219 1937 ab
1267 1895 1331 1944 o;
1392 1886 1450 1937 et
1504 1879 1886 1937 inveniuntur
1943 1876 2091 1936 duae
2147 1883 2539 1936 consonantes
2593 1882 2727 1955 post
2778 1876 2987 1954 ipsam.
3077 1892 3194 1934 non

612 1985 869 2058 conputo
916 1977 1074 2039 illam
1132 1979 1411 2057 priorem.
1502 1996 1754 2056 namque
1809 1980 1869 2038 in
1927 1997 2043 2039 una
2099 1995 2331 2055 quaque
2388 1976 2607 2058 syllaba
2666 1976 2896 2038 litterae
2951 1995 3192 2056 praece·
3225 1993 3274 2030 15

615 2080 821 2140 dentes
868 2099 986 2140 non
1032 2083 1300 2157 sequenti
1348 2079 1604 2160 syllabae
1649 2087 1919 2160 prosunt,
1968 2080 2070 2140 sed
2119 2081 2404 2141 anteriori
2449 2078 2724 2160 syllabae,
2773 2078 2832 2139 id
2866 2087 2956 2139 est
2985 2080 3193 2158 priori,

615 2184 893 2260 quoniam
940 2184 1132 2243 omnis
1186 2181 1403 2261 syllaba
1451 2183 1659 2261 incipit
1713 2181 1936 2243 habere
1996 2182 2287 2242 rationem
2346 2201 2375 2242 a
2423 2181 2625 2242 vocali.
2718 2199 2956 2260 semper
3003 2180 3062 2240 id
3110 2188 3199 2240 est

614 2303 898 2363 quaerere
944 2283 1017 2343 de
1061 2286 1184 2363 ipsa
1234 2282 1441 2352 vocali,
1490 2292 1687 2345 utrum
1732 2283 1905 2362 longa
1951 2286 2028 2344 sit
2070 2302 2144 2343 an
2191 2283 2415 2352 brevis;
2464 2283 2678 2343 deinde
2723 2283 3107 2343 considerare
3141 2288 3198 2341 et

614 2388 688 2448 de
734 2385 1196 2447 consonantibus
1241 2386 1653 2464 sequentibus,
1706 2404 1823 2446 uon
1871 2386 1945 2446 de
1975 2384 2487 2464 praecedentibus.
2579 2384 3003 2464 praecedentes
3038 2385 3193 2444 enim

616 2497 1006 2551 consonantes
1060 2506 1178 2547 non
1237 2489 1348 2568 ipsi
1403 2497 1679 2567 prosunt,
1737 2487 1842 2548 sed
1899 2488 2075 2548 alicui
2133 2487 2362 2548 litterae
2419 2488 2724 2546 anteriori.
2813 2486 2957 2547 illud
3018 2489 3276 2548 etiamso

616 2594 769 2652 scire
815 2590 1026 2660 debes,
1075 2590 1230 2669 quod
1275 2589 1496 2668 syllaba
1544 2590 1737 2651 brevis
1768 2608 1950 2650 unum
1983 2598 2214 2669 tempus
2247 2588 2440 2658 habet,
2489 2588 2660 2667 longa
2707 2588 2822 2649 duo
2865 2596 3132 2668 tempora
3185 2587 3190 2666 ξ

615 2694 825 2763 babet,
876 2692 1195 2772 pleraeque
1241 2692 1358 2752 (luo
1405 2692 1610 2761 semis,
1668 2691 1991 2771 pleraeque
2049 2693 2179 2752 tria.
2267 2691 2368 2752 sed
2425 2693 2540 2750 iam
2598 2690 2775 2751 modo
2831 2691 3006 2752 nobis
3051 2689 3197 2751 nihil

615 2804 995 2876 quaeruntur.
1089 2794 1310 2875 syllaba
1357 2813 1498 2873 ergo
1543 2797 1846 2873 quaeritur
1891 2816 1921 2855 a
1967 2794 2153 2855 vocali
2189 2802 2247 2855 et
2290 2793 2674 2873 sequentibus
2718 2792 3194 2862 consonantibus,

616 2918 764 2978 quae
814 2896 1154 2958 tractandae
1199 2896 1371 2957 nobis
1416 2905 1594 2977 sunt„
1661 2897 1876 2957 deinde
1931 2896 2072 2957 illud
2128 2898 2283 2957 scire
2339 2895 2546 2965 debes,
2606 2896 2762 2975 quod
2809 2913 3196 2975 unaquaeque

615 2999 863 3080 syllaba,
913 2999 1109 3059 brevis
1153 3001 1202 3059 si
1249 3001 1350 3067 sit,
1402 3017 1582 3061 uuum
1628 3007 1861 3079 tempus
1906 2998 2115 3065 babet;
2174 2999 2224 3058 si
2270 2997 2442 3076 longa
2488 3000 2594 3067 sit,
2655 2998 2771 3059 duo
2820 2997 3000 3059 babet
3042 3007 3191 3058 tem·
3220 3016 3278 3055 25

616 3121 776 3181 pora.
867 3109 1064 3162 cetera
1113 3110 1408 3179 tempora,
1460 3118 1608 3178 quae
1655 3101 1973 3169 accedunt,
2022 3099 2320 3180 superflua
2376 3109 2530 3161 sunt.
2620 3109 2687 3160 ut
2743 3110 2881 3178 puta
2937 3102 2989 3160 si
3035 3100 3197 3161 dicas

617 3213 699 3274 et,
748 3222 930 3264 unum
977 3205 1157 3264 semis
1200 3202 1399 3263 babet.
1492 3222 1522 3263 e
1568 3203 1784 3264 vocalis
1830 3209 1921 3263 est
1967 3200 2190 3271 breviS,
2240 3222 2419 3263 unum
2467 3201 2647 3262 habet
2690 3211 2938 3281 tempus.
3000 3210 3196 3263 tcon-

615 3325 829 3367 sonans
876 3312 992 3372 est,
1043 3313 1099 3366 et
1146 3306 1335 3365 omnis
1392 3324 1725 3366 consonans
1783 3304 2085 3365 dimidium
2142 3304 2321 3365 habet
2375 3313 2639 3384 tempus:
2702 3322 2839 3364 ecce
2898 3313 2956 3364 et
3011 3322 3196 3364 unum

615 3410 794 3469 semis
838 3407 1015 3468 habet
1058 3418 1309 3486 tempus.
1400 3406 1591 3467 adhuc
1648 3427 1764 3469 uon
1824 3415 1912 3467 est
1968 3426 2078 3466 uec
2142 3405 2313 3485 longa
2370 3426 2480 3467 uec
2537 3406 2764 3473 brevis;
2821 3404 2954 3483 plus
3002 3412 3195 3465 tamen

618 3510 869 3571 habeta
914 3509 1109 3578 brevi,
1167 3511 1363 3569 minus
1418 3509 1652 3586 quidem
1713 3508 1893 3569 habet
1948 3529 1978 3569 a
2036 3507 2228 3587 longa.
2320 3508 2469 3569 adde
2529 3508 2601 3568 ad
2659 3516 2717 3567 et
2771 3526 2817 3577 S,
2868 3513 2926 3567 et
2968 3508 3087 3567 iam
3133 3509 3275 3567 fitso

617 3613 808 3687 longa.
901 3614 1119 3689 quare?
1181 3630 1211 3671 e
1259 3610 1453 3671 brevis
1498 3630 1680 3673 unum
1727 3619 1961 3689 tempus
2006 3609 2214 3680 babet,
2272 3620 2295 3670 t
2339 3609 2646 3670 dimidium
2703 3616 2940 3687 tempus
2996 3608 3193 3676 habet,

619 3737 647 3777 s
693 3714 1001 3775 dimidium
1047 3723 1281 3793 tempus
1328 3711 1531 3773 habet:
1582 3731 1720 3773 ecce
1766 3712 1882 3772 duo
1929 3720 2197 3791 tempora
2246 3721 2413 3781 sunt,
2460 3712 2732 3771 fecerunt
2777 3710 2893 3772 duo
2924 3718 3195 3791 tempora

620 3819 851 3897 longam
897 3815 1198 3897 syllabam.

786 3920 945 3981 Haec
1002 3921 1153 3979 ratio
1212 3926 1328 3989 est,
1390 3925 1453 3977 ut
1510 3923 1735 3978 tantum
1795 3915 1983 3977 valeat
2040 3916 2306 3997 syllaba}
2347 3896 2692 3977 naturalite'r
2751 3913 2952 3993 longa,
3011 3934 3195 3994 quau-

620 4032 742 4084 tum
809 4021 960 4089 valet
1025 4023 1319 4100 positione
1387 4018 1581 4098 longa.
1673 4021 1894 4099 quare?
1970 4038 2104 4079 nam
2154 4037 2330 4098 quem
2389 4018 2457 4079 ad
2517 4017 2758 4078 modum
2822 4018 2956 4078 illae
3024 4036 3274 4078 voca-35

617 4126 706 4186 les
756 4122 1130 4186 ‘naturaliter
1205 4121 1415 4200 longae
1496 4122 1610 4181 duo
1688 4120 1914 4182 habent
1979 4128 2243 4200 tempora
2326 4121 2422 4199 (ut
2483 4123 2548 4180 ‘a
2613 4128 2684 4180 te
2749 4138 2833 4180 ne
2900 4120 3193 4197 frigora

618 4227 988 4295 laedant';
1067 4243 1097 4285 a
1175 4223 1351 4302 longo
1431 4232 1519 4285 est
1594 4223 1967 4293 naturaliter,
2043 4223 2157 4285 duo
2227 4222 2407 4284 habet
2473 4220 2802 4301 tempora),
2872 4220 2958 4281 sic
3018 4222 3196 4281 etiam

618 4329 869 4410 syllaba,
919 4347 1069 4409 quae
1110 4328 1404 4407 positione
1450 4327 1512 4386 [it
1554 4325 1755 4404 longa,
1817 4325 1933 4386 duo
1979 4324 2158 4385 habet
2201 4334 2489 4405 tempora.
2577 4343 2695 4403 quo
2742 4322 2953 4383 modo?
3011 4342 3196 4384 unum

759 4503 788 4550 7
816 4509 865 4548 tu
906 4501 1034 4550 haec
1064 4499 1212 4549 lma
1247 4497 1370 4546 haec
1398 4497 1446 4546 A
1592 4497 1656 4548 10
1692 4508 1813 4563 puta
1851 4506 1964 4562 post
1997 4497 2173 4548 Bca:
2222 4505 2338 4561 post
2382 4511 2472 4547 om.
2513 4495 2563 4543 A
2704 4491 2909 4561 quaere]
2954 4509 3110 4558 quare
3149 4494 3197 4542 Α

741 4571 935 4638 syllaba
972 4579 1086 4635 post
1121 4568 1305 4618 BGa:
1347 4577 1463 4633 post
1493 4583 1583 4618 om.
1624 4568 1671 4617 A
1784 4568 1846 4616 12
1884 4578 2216 4616 consonantes
2258 4607 2430 4618 .....
2473 4581 2586 4615 esse
2620 4565 2766 4614 istam
2804 4565 3034 4614 sittabam
3076 4573 3197 4629 puta

622 4650 784 4690 utrum
820 4643 869 4691 A
1012 4641 1077 4690 14
1115 4653 1213 4687 non
1253 4649 1466 4702 conputo
1519 4640 1656 4688 illam
1698 4637 1918 4704 priorem
1955 4636 2050 4685 Ba
2097 4652 2193 4686 non
2242 4645 2461 4701 conputo
2511 4637 2677 4700 ipsam
2716 4635 2851 4683 illam
2888 4636 3108 4700 priorem
3147 4632 3195 4682 Α

619 4726 717 4760 uon
755 4713 942 4777 incipio
979 4712 1116 4760 illam
1146 4710 1359 4772 priorem
1393 4709 1433 4757 (ἶ
1570 4710 1636 4758 25
1672 4708 1845 4757 breuis
1879 4708 1922 4756 si
1957 4709 2020 4756 sit
2051 4709 2181 4757 Bac
2217 4706 2396 4754 breues
2425 4705 2466 4753 si
2504 4706 2568 4754 sit
2604 4706 2658 4765 0,
2688 4720 2779 4757 om.
2819 4706 2866 4753 A
2982 4705 3050 4756 :33
3090 4705 3199 4754 lon-

621 4797 740 4847 gam
790 4782 1034 4847 syllabam
1086 4780 1430 4843 Heusinyerus
1470 4781 1520 4828 in
1568 4779 1720 4829 Mall.
1769 4776 1956 4826 Thena.
2002 4794 2058 4843 p.
2094 4778 2162 4828 65
2211 4777 2414 4840 longam
2453 4774 2589 4822 illam
2627 4774 2800 4825 ABG
2934 4773 3002 4826 34
3039 4770 3192 4840 valet]

622 4854 788 4903 ualeat
825 4854 871 4902 A
1015 4850 1081 4902 36
1119 4866 1147 4899 a
1188 4848 1259 4916 te]
1307 4851 1463 4915 Ver-9.
1503 4849 1665 4903 bucol.
1707 4849 1790 4912 10,
1825 4848 1891 4898 48
2028 4846 2095 4898 38
2132 4846 2184 4894 lit
2221 4845 2374 4913 longa
2414 4843 2527 4896 AB
2567 4845 2618 4894 sit
2653 4844 2847 4912 syllaba
2882 4845 2966 4896 Ca
