3541 5564
1394 343 1866 405 COMMENTVM
2809 342 2926 407 161

2572 452 2881 506 p.146-491..

347 533 544 591 nativo
596 529 878 609 singulari
934 533 1130 592 omnia
1187 530 1456 592 similiter
1515 542 1761 602 exeunt,
1822 531 1917 592 hic
1972 541 2030 592 et
2085 532 2338 593 haecet
2383 532 2495 593 hoc
2540 532 2699 593 felix.
2790 551 2931 612 ergo

346 640 489 693 tunc
536 639 620 694 est
667 652 841 694 omne
886 639 1105 712 genus,
1155 634 1389 712 quando
1420 636 1818 696 nominativus
1852 633 2164 711 singularis
2194 637 2373 696 trium
2420 653 2707 714 generum
2752 655 2928 698 unam

343 734 525 796 habet
568 738 836 797 sormam.

512 839 615 899 Est
660 840 835 898 etiam
884 841 1232 918 epicoenon.
1294 842 1448 900 inter
1481 842 1806 919 epicoenon
1843 850 1900 902 et
1944 859 2257 901 commune
2305 839 2415 901 hoe
2461 841 2724 902 interest.
2794 859 2927 902 nam
2955 849 3071 908 408,
3100 850 3131 896 9

269 960 294 997 5
349 936 355 1020 Ι
403 959 594 1019 paene
640 939 795 1001 idem
847 949 935 1002 est
981 944 1328 1022 epicoenon,
1379 944 1532 1020 quod
1583 953 1670 1005 cst
1716 962 2050 1005 commune.
2145 962 2275 1004 nam
2324 943 2557 1022 quando
2604 942 2734 1004 dico
2781 942 2930 1005 haec
2954 918 3165 980 493,37

343 1043 567 1122 aquila,
627 1046 957 1106 communis
1015 1054 1101 1106 est
1154 1047 1421 1123 generi33
1480 1048 1621 1106 item
1682 1046 1919 1125 quando
1977 1045 2109 1105 dico
2164 1044 2262 1104 hic
2318 1047 2511 1114 canis,
2559 1047 2798 1123 generis
2845 1052 2932 1106 est

343 1148 704 1215 communis;
766 1157 823 1207 et
882 1155 1079 1208 tamen
1134 1150 1372 1226 generis
1417 1157 1505 1209 est
1549 1167 1787 1226 semper
1832 1150 2165 1208 communis
2210 1149 2399 1218 caniS,
2459 1146 2649 1225 aquila
2693 1133 2934 1226 generis

344 1255 431 1307 est
487 1250 778 1328 epicoeni.
873 1256 931 1310 et
991 1268 1142 1327 quae
1200 1252 1420 1330 poterit
1465 1269 1591 1312 esse
1637 1250 2002 1311 differentia?
2060 1250 2213 1330 quod
2260 1251 2321 1310 in
2367 1253 2663 1311 communi
2709 1267 2931 1326 genere

340 1369 451 1429 pro
496 1370 675 1412 sexus
731 1350 1010 1431 qualitate
1066 1353 1213 1413 duos
1259 1355 1465 1414 damus
1512 1352 1816 1422 articulos,
1877 1354 2162 1432 epicoeno
2208 1371 2390 1413 unum
2435 1354 2671 1432 quidem
2714 1353 2929 1412 articu-

271 1469 317 1509 ιο
341 1452 462 1514 lum
511 1454 745 1524 damus,
793 1454 895 1514 sed
942 1464 1257 1536 utrumque
1314 1454 1709 1534 intellegimus
1754 1474 1978 1516 sexum.
2074 1455 2309 1532 quando
2354 1457 2591 1533 generis
2638 1462 2726 1514 est
2771 1474 2930 1515 com·

342 1557 567 1626 muniS,
619 1552 768 1616 duos
823 1555 1101 1618 articulos
1158 1558 1390 1628 damuS,
1451 1557 1549 1619 hic
1594 1560 1755 1620 canis
1802 1565 1860 1617 et
1913 1556 2062 1618 haec
2123 1558 2313 1625 canis;
2372 1558 2434 1616 in
2482 1559 2767 1637 epicoeno
2813 1575 2930 1617 non

342 1677 657 1738 possumus
713 1658 911 1720 dicere
967 1659 1063 1720 hie
1120 1660 1312 1740 aquila
1371 1667 1430 1720 et
1486 1663 1634 1722 haec
1689 1658 1913 1740 aquila,
1972 1660 2074 1720 sed
2122 1667 2570 1752 tantum'unum
2619 1657 2932 1719 articulum

342 1761 586 1831 damuS,
651 1762 819 1842 haec*
852 1761 1072 1842 aquila;
1133 1771 1192 1822 et
1245 1763 1341 1824 hic
1394 1781 1626 1843 passer,
1688 1782 1808 1823 uon
1878 1781 2191 1842 possumus
2247 1762 2445 1822 dicere
2503 1761 2649 1822 haec
2705 1779 2928 1840 passer,

340 1864 443 1925 sed
490 1866 612 1924 sive
658 1863 953 1926 masculus
1000 1865 1181 1925 suerit
1225 1867 1348 1926 sive
1391 1867 1628 1936 semina,
1676 1866 1774 1926 hic
1817 1884 2022 1944 passer
2066 1865 2334 1926 dicimus,
2399 1881 2541 1942 ergo
2588 1863 2700 1923 hoe
2744 1864 2927 1923 inter-

273 1973 432 2027 mest
474 1967 632 2028 inter
690 1968 1014 2046 epicoenon
1071 1975 1128 2028 et
1187 1987 1533 2038 commune,
1596 1968 1749 2048 quod
1799 1970 1857 2028 in
1904 1968 2205 2028 communi
2249 1984 2469 2044 genere
2515 1964 2662 2026 duos
2704 1965 2931 2025 inveni-

344 2087 477 2130 mus
523 2068 805 2130 articulos
863 2088 972 2148 pro
1028 2089 1203 2132 sexus
1260 2070 1569 2150 qualitate,
1630 2072 1690 2130 in
1739 2071 2025 2150 epicoeno
2071 2088 2251 2130 unum
2299 2069 2660 2136 invenimus,
2708 2066 2811 2127 sed
2858 2066 2930 2126 ad

342 2177 664 2249 utrumque
719 2190 955 2242 sexum,
1016 2172 1073 2231 id
1135 2184 1223 2234 est
1267 2181 1585 2253 utrumque
1640 2192 1844 2233 sexum
1900 2192 2018 2233 uno
2065 2171 2314 2233 articulo
2371 2169 2782 2250 conplectitur.
2876 2176 2934 2228 et

318 2274 458 2352 'quo
504 2273 756 2335 articulo
813 2275 1096 2336 utendum
1155 2283 1243 2336 est
1286 2278 1347 2336 in
1395 2278 1714 2356 epicoeno?
1773 2293 1949 2355 quem
1997 2274 2069 2335 ab
2115 2272 2456 2335 auctoribus
2501 2273 2928 2352 acceperimus,

342 2375 398 2434 id
448 2382 564 2445 est,
624 2383 803 2455 prout
857 2376 1203 2456 legerimuS‚
1262 2380 1340 2439 ita
1386 2378 1654 2439 dicimus,
1753 2387 1817 2442 ut
1872 2377 2063 2438 dicam
2121 2376 2267 2437 haec
2324 2376 2530 2436 cornix
2586 2374 2741 2435 unde
2787 2375 2929 2442 scio,

270 2497 319 2537 20
346 2478 458 2537 nisi
505 2479 641 2555 quia
685 2479 764 2539 ita
811 2477 964 2557 legi?
1011 2498 1153 2558 ergo
1199 2500 1347 2560 quae
1393 2499 1532 2560 pars
1579 2481 1848 2560 epicoeni
1893 2480 2131 2558 generis
2162 2490 2251 2539 est
2284 2476 2545 2544 validior,
2592 2494 2701 2555 per
2745 2477 2930 2555 ipsam

342 2577 629 2641 debemus
675 2580 891 2642 dicere.
959 2590 1017 2641 et
1059 2601 1176 2661 quo
1227 2580 1233 2660 Ι
1281 2600 1503 2660 genere
1548 2581 1963 2662 appellandum
2013 2590 2103 2642 est
2141 2580 2286 2642 illud
2322 2579 2686 2660 epicoenon?
2732 2576 2931 2657 appel-

341 2680 584 2742 landum
634 2690 736 2749 est.
785 2700 959 2761 quem
1007 2684 1079 2744 ad
1124 2682 1364 2745 modum
1410 2685 1469 2745 in
1516 2685 1867 2745 auctoritate
1912 2683 2253 2761 legerimus
2314 2684 2467 2743 scire
2512 2687 2705 2742 autem
2753 2677 2934 2766 debes

341 2784 497 2862 quod
556 2785 671 2846 hoe
728 2788 1054 2866 epicoenon
1113 2786 1185 2847 ab
1243 2787 1590 2849 auctoribus
1635 2789 1697 2847 [it
1742 2805 2077 2847 commune.
2170 2806 2304 2849 nam
2349 2785 2557 2846 turdus
2603 2785 2933 2863 epicoenon

342 2895 433 2948 est
478 2906 508 2947 a
557 2887 915 2957 masculino,
973 2888 1211 2951 Persius
1269 2908 1582 2951 commune
1638 2889 1805 2958 feeit,
1863 2889 1960 2949 hic
2007 2897 2066 2948 et
2108 2887 2254 2949 haec
2300 2887 2535 2955 turduS,
2586 2893 2649 2946 nt
2693 2892 2783 2947 est
2828 2888 2934 2945 ‘et

263 2996 611 3053 estenues
667 2991 1055 3051 turdarum
1115 3010 1329 3053 nosse
1384 2990 1711 3053 salivas’.
1805 2990 1917 3051 hoc
1969 2992 2164 3069 ipsum
2232 2989 2390 3070 quod
2449 2996 2537 3049 cst
2603 2989 2933 3067 epicoenon

340 3108 659 3153 commune
705 3094 885 3153 traxit
927 3111 1115 3172 genus
1159 3094 1232 3155 ab
1278 3093 1636 3181 auctoribus,
1710 3095 1850 3171 quin
1898 3094 2073 3153 etiam
2120 3091 2262 3152 illud
2312 3090 2655 3158 sciendum,
2702 3090 2931 3168 specia-

341 3191 477 3253 liter
536 3194 676 3273 quid
731 3197 805 3256 sit
851 3197 1195 3276 epicoenon.
1292 3198 1617 3277 epicoenon
1665 3204 1753 3256 cst
1799 3196 1968 3256 cuius
2012 3212 2185 3256 sexus
2229 3213 2346 3255 non
2377 3195 2732 3272 agnoscitur
2780 3193 2931 3259 visu:

341 3297 422 3357 ita
467 3295 775 3358 delinitum
823 3306 943 3369 est,
993 3318 1111 3359 non
1158 3300 1420 3360 seientia.
1481 3306 1678 3379 potest
1723 3299 1882 3360 enini
1928 3296 2142 3375 aliquis
2188 3313 2512 3373 agnoscere
2557 3313 2781 3365 sexum,
2828 3293 2931 3353 sed

343 3417 413 3458 ex
460 3401 734 3468 scientia,
795 3402 967 3463 cuius
1024 3402 1099 3462 sit
1155 3403 1411 3480 generis,
1503 3419 1644 3479 ergo
1700 3399 2035 3479 specialiter
2091 3400 2447 3479 epicoenon,
2497 3396 2598 3457 ubi
2645 3398 2768 3457 visu
2813 3414 2930 3456 non

266 3521 317 3563 ³0
345 3503 726 3578 agnoscimus
768 3521 1001 3573 sexum,
1050 3490 1108 3564 id
1158 3512 1248 3564 est
1292 3504 1589 3573 communi
1635 3505 1792 3573 visu,
1850 3501 1994 3563 illud
2042 3501 2293 3562 dicimus
2338 3501 2685 3579 epicoenon.
2776 3506 2932 3559 cete-

343 3621 478 3663 rum
523 3605 767 3665 scientia
813 3605 968 3667 aliud
1017 3613 1121 3667 est.

513 3705 826 3769 Praeterea
875 3709 1027 3769 scire
1074 3707 1359 3769 debemus
1405 3707 1686 3787 quasdam
1732 3705 1968 3786 regulas
2023 3707 2189 3784 quasi
2234 3704 2531 3765 solemnes
2578 3722 2708 3765 esse
2753 3721 2931 3782 gene·

343 3825 495 3867 rum.
589 3826 727 3870 ecee
773 3829 805 3869 a
852 3798 1021 3887 quasi
1066 3810 1349 3872 solemnis
1395 3819 1482 3871 est
1528 3811 1766 3889 generis
1810 3810 2115 3876 seminini,
2175 3814 2316 3888 puta
2362 3807 2524 3868 Musa
2571 3823 2733 3886 casa;
2795 3823 2933 3865 eece

344 3910 470 3989 ipsa
518 3909 721 3988 regula
769 3914 933 3989 quasi
977 3913 1242 3974 dedicata
1290 3920 1378 3974 est
1421 3914 1708 3974 feminino
1753 3913 1978 3991 generi.
2040 3913 2181 3971 item
2228 3929 2297 3971 us
2342 3908 2561 3988 syllaba
2609 3906 2933 3969 masculino

260 4039 317 4093 ‚35
344 4014 547 4090 generi
606 4015 770 4092 quasi
827 4014 1095 4076 dedicata
1153 4023 1267 4086 est,
1331 4016 1536 4076 doetus
1593 4013 1788 4076 clarus
1832 4030 2098 4092 magnus
2187 4013 2480 4073 invenitur
2523 4019 2722 4072 tamen
2770 4019 2832 4069 ut
2877 4016 2936 4069 et

344 4115 403 4174 in
480 4133 548 4176 us
622 4123 789 4178 exeat
844 4125 903 4177 et
956 4119 1193 4196 generis
1247 4119 1323 4177 sit
1381 4118 1676 4188 feminini,
1741 4126 1804 4178 ut
1861 4125 1947 4178 est
2004 4117 2148 4175 haec
2205 4113 2423 4175 lauruS.
2516 4133 2654 4174 ecee
2711 4110 2931 4191 syllaba

346 4220 511 4295 quasi
566 4236 717 4297 quae
785 4228 911 4278 erat
968 4219 1291 4281 masculino
1348 4219 1612 4280 dedicata
1681 4220 1949 4281 seminini
2018 4225 2123 4278 est.
2184 4201 2317 4278 'sed
2380 4234 2497 4275 non
2553 4211 2808 4294 pegnitus
2862 4230 2932 4272 us

345 4317 566 4399 syllaba
617 4318 736 4380 dixi
780 4320 941 4399 quod
986 4320 1254 4382 dedicata
1301 4323 1378 4383 sit
1420 4319 1776 4391 masculino,
1826 4320 1930 4382 sed
1980 4319 2134 4398 quod
2181 4319 2569 4396 frequentius
2642 4318 2784 4376 item
2831 4332 2931 4374 um

513 4576 546 4627 5
585 4576 716 4626 idem
763 4585 838 4627 est
874 4593 934 4627 a.-
972 4588 1049 4627 est
1084 4593 1176 4631 om.
1217 4577 1387 4627 ABG
1549 4577 1613 4629 16
1658 4576 1749 4626 sed
1788 4575 1853 4625 ad
1890 4574 1982 4640 (ad
2018 4591 2109 4625 om.
2146 4573 2199 4639 e)
2238 4584 2501 4637 utrumque
2539 4587 2716 4622 sexum
2758 4572 2809 4621 id
2857 4580 2934 4621 est

352 4655 619 4711 utrumque
664 4662 843 4697 sexum
885 4663 987 4697 uuo
1025 4648 1233 4697 articulo
1272 4648 1396 4696 Bac
1445 4647 1534 4697 sed
1583 4657 1850 4710 utrumque
1890 4661 2069 4694 sexum
2108 4660 2205 4693 uno
2252 4649 2429 4707 (uuum
2467 4640 2543 4705 Α)
2591 4642 2801 4692 articulo
2835 4640 2936 4690 AG

484 4716 554 4767 20
580 4731 706 4782 ergo
732 4732 850 4783 pars
876 4718 1105 4783 epicoeni
1130 4718 1369 4782 (epyceui
1402 4717 1450 4764 Α
1481 4718 1774 4783 epicoenoni
1804 4716 1868 4778 G)
1897 4716 2100 4782 generis
2126 4730 2255 4779 quae
2282 4726 2358 4765 est
2387 4714 2492 4779 (est
2516 4729 2608 4767 om.
2628 4714 2698 4771 A,
2727 4713 2850 4764 add.
2875 4709 2933 4774 a)

349 4786 562 4836 ualidior
597 4787 765 4836 ABG
864 4788 925 4837 21
965 4797 1013 4837 et
1038 4803 1130 4837 om.
1160 4787 1228 4849 Α,
1265 4787 1388 4837 add.
1419 4803 1452 4835 a
1553 4788 1620 4835 23
1648 4788 1783 4849 quod
1814 4786 1879 4835 ad
1913 4787 2008 4834 hoc
2046 4785 2094 4833 Α
2201 4787 2267 4835 24
2295 4780 2519 4849 Persius]
2550 4794 2650 4836 sal.
2677 4783 2727 4843 6,
2762 4784 2831 4832 24

349 4857 423 4943 25·
442 4858 704 4906 turdarum
729 4855 823 4908 BC
855 4858 1116 4908 turdorum
1138 4857 1188 4907 A
1225 4873 1330 4907 cum
1356 4859 1513 4908 litura
1546 4872 1701 4920 super
1726 4871 1776 4919 o,
1814 4866 1865 4905 uc
1897 4858 2011 4907 ole'm
2038 4862 2432 4920 superscriptum
2463 4854 2625 4917 fuisse
2649 4854 2879 4905 videatur
2902 4867 2932 4901 a

450 4947 803 4991 unanimum
832 4949 1012 4991 cmm
1041 4949 1097 4990 v.
2451 4940 2523 5001 11
