<?xml version="1.0" encoding="UTF-8"?>
<!DOCTYPE html PUBLIC "-//W3C//DTD XHTML 1.0 Transitional//EN"
    "http://www.w3.org/TR/xhtml1/DTD/xhtml1-transitional.dtd">
<html xmlns="http://www.w3.org/1999/xhtml" xml:lang="en" lang="en">
 <head>
  <title>
</title>
<meta http-equiv="Content-Type" content="text/html;charset=utf-8" />
  <meta name='ocr-system' content='tesseract 3.04.00' />
  <meta name='ocr-capabilities' content='ocr_page ocr_carea ocr_par ocr_line ocrx_word'/>
</head>
<body>
  <div class='ocr_page' id='page_1' title='image "./grammaticilatin10keilgoog_0341.png"; bbox 0 0 3541 5564; ppageno 0'>
   <div class='ocr_carea' id='block_1_1' title="bbox 1659 335 3023 400">
    <p class='ocr_par' dir='ltr' id='par_1_1' title="bbox 1659 335 3023 400">
     <span class='ocr_line' id='line_1_1' title="bbox 1659 335 3023 400; baseline 0.004 -5"><span class='ocrx_word' id='word_1_1' title='bbox 1659 335 1802 395; x_wconf 76' lang='lat' dir='ltr'>ARS</span> <span class='ocrx_word' id='word_1_2' title='bbox 2899 337 3023 400; x_wconf 85' lang='lat'>333</span> 
     </span>
    </p>
   </div>
   <div class='ocr_carea' id='block_1_2' title="bbox 400 517 3022 4843">
    <p class='ocr_par' dir='ltr' id='par_1_2' title="bbox 400 517 3022 4843">
     <span class='ocr_line' id='line_1_2' title="bbox 439 517 3022 608; baseline 0.003 -29"><span class='ocrx_word' id='word_1_3' title='bbox 439 518 806 608; x_wconf 87' lang='lat' dir='ltr'>universam</span> <span class='ocrx_word' id='word_1_4' title='bbox 854 523 1059 581; x_wconf 81' lang='lat' dir='ltr'>arteni</span> <span class='ocrx_word' id='word_1_5' title='bbox 1106 517 1460 602; x_wconf 78' lang='lat' dir='ltr'>conplexus</span> <span class='ocrx_word' id='word_1_6' title='bbox 1506 528 1677 597; x_wconf 88' lang='lat' dir='ltr'>erat,</span> <span class='ocrx_word' id='word_1_7' title='bbox 1724 517 1987 582; x_wconf 89' lang='lat' dir='ltr'>relictos</span> <span class='ocrx_word' id='word_1_8' title='bbox 2034 541 2199 583; x_wconf 91' lang='lat' dir='ltr'>esse.</span> <span class='ocrx_word' id='word_1_9' title='bbox 2259 541 2409 583; x_wconf 87' lang='lat' dir='ltr'>nam</span> <span class='ocrx_word' id='word_1_10' title='bbox 2441 542 2519 583; x_wconf 91' lang='lat' dir='ltr'>ea</span> <span class='ocrx_word' id='word_1_11' title='bbox 2548 520 2811 606; x_wconf 87' lang='lat' dir='ltr'>quidem</span> <span class='ocrx_word' id='word_1_12' title='bbox 2857 545 3022 607; x_wconf 86' lang='lat' dir='ltr'>quae</span> 
     </span>
     <span class='ocr_line' id='line_1_3' title="bbox 436 616 3021 705; baseline 0.002 -23"><span class='ocrx_word' id='word_1_13' title='bbox 436 622 503 683; x_wconf 93' lang='lat' dir='ltr'>in</span> <span class='ocrx_word' id='word_1_14' title='bbox 563 639 689 682; x_wconf 86' lang='lat' dir='ltr'>uno</span> <span class='ocrx_word' id='word_1_15' title='bbox 747 618 1052 682; x_wconf 89' lang='lat' dir='ltr'>Leidensi</span> <span class='ocrx_word' id='word_1_16' title='bbox 1109 617 1332 683; x_wconf 90' lang='lat' dir='ltr'>codice</span> <span class='ocrx_word' id='word_1_17' title='bbox 1388 616 1468 680; x_wconf 90' lang='lat' dir='ltr'>de</span> <span class='ocrx_word' id='word_1_18' title='bbox 1524 618 1793 705; x_wconf 88' lang='lat' dir='ltr'>reliquis</span> <span class='ocrx_word' id='word_1_19' title='bbox 1851 619 2148 703; x_wconf 87' lang='lat' dir='ltr'>partibus</span> <span class='ocrx_word' id='word_1_20' title='bbox 2211 621 2530 684; x_wconf 87' lang='lat' dir='ltr'>orationis</span> <span class='ocrx_word' id='word_1_21' title='bbox 2588 620 2816 685; x_wconf 85' lang='lat' dir='ltr'>addita</span> <span class='ocrx_word' id='word_1_22' title='bbox 2872 634 3021 687; x_wconf 82' lang='lat' dir='ltr'>sunt</span> 
     </span>
     <span class='ocr_line' id='line_1_4' title="bbox 439 704 3020 802; baseline 0.002 -20"><span class='ocrx_word' id='word_1_23' title='bbox 439 729 571 783; x_wconf 90' lang='lat' dir='ltr'>tam</span> <span class='ocrx_word' id='word_1_24' title='bbox 629 716 828 782; x_wconf 85' lang='lat' dir='ltr'>exilia</span> <span class='ocrx_word' id='word_1_25' title='bbox 882 730 946 784; x_wconf 90' lang='lat' dir='ltr'>et</span> <span class='ocrx_word' id='word_1_26' title='bbox 1006 729 1140 782; x_wconf 87' lang='lat' dir='ltr'>tam</span> <span class='ocrx_word' id='word_1_27' title='bbox 1197 719 1410 783; x_wconf 88' lang='lat' dir='ltr'>aliena</span> <span class='ocrx_word' id='word_1_28' title='bbox 1461 719 1545 782; x_wconf 83' lang='lat' dir='ltr'>ab</span> <span class='ocrx_word' id='word_1_29' title='bbox 1603 719 1796 783; x_wconf 90' lang='lat' dir='ltr'>huius</span> <span class='ocrx_word' id='word_1_30' title='bbox 1841 704 2253 802; x_wconf 81' lang='lat' dir='ltr'>grammatici</span> <span class='ocrx_word' id='word_1_31' title='bbox 2299 722 2553 786; x_wconf 89' lang='lat' dir='ltr'>ratione</span> <span class='ocrx_word' id='word_1_32' title='bbox 2597 734 2776 802; x_wconf 92' lang='lat' dir='ltr'>sunt,</span> <span class='ocrx_word' id='word_1_33' title='bbox 2821 733 2898 787; x_wconf 92' lang='lat' dir='ltr'>ut</span> <span class='ocrx_word' id='word_1_34' title='bbox 2939 747 3020 787; x_wconf 91' lang='lat' dir='ltr'>ne</span> 
     </span>
     <span class='ocr_line' id='line_1_5' title="bbox 438 817 3016 907; baseline 0.002 -25"><span class='ocrx_word' id='word_1_35' title='bbox 438 842 555 906; x_wconf 88' lang='lat' dir='ltr'>pro</span> <span class='ocrx_word' id='word_1_36' title='bbox 611 820 938 905; x_wconf 80' lang='lat' dir='ltr'>excerptis</span> <span class='ocrx_word' id='word_1_37' title='bbox 996 819 1257 905; x_wconf 90' lang='lat' dir='ltr'>quidem</span> <span class='ocrx_word' id='word_1_38' title='bbox 1314 817 1488 883; x_wconf 92' lang='lat' dir='ltr'>illius</span> <span class='ocrx_word' id='word_1_39' title='bbox 1545 819 1848 883; x_wconf 86' lang='lat' dir='ltr'>habenda</span> <span class='ocrx_word' id='word_1_40' title='bbox 1904 821 2068 901; x_wconf 89' lang='lat' dir='ltr'>sint,</span> <span class='ocrx_word' id='word_1_41' title='bbox 2126 822 2243 885; x_wconf 89' lang='lat' dir='ltr'>sed</span> <span class='ocrx_word' id='word_1_42' title='bbox 2297 823 2515 907; x_wconf 90' lang='lat' dir='ltr'>potius</span> <span class='ocrx_word' id='word_1_43' title='bbox 2562 823 2646 887; x_wconf 90' lang='lat' dir='ltr'>ad</span> <span class='ocrx_word' id='word_1_44' title='bbox 2693 824 3016 888; x_wconf 86' lang='lat' dir='ltr'>defectum</span> 
     </span>
     <span class='ocr_line' id='line_1_6' title="bbox 437 919 3017 1010; baseline 0.002 -26"><span class='ocrx_word' id='word_1_45' title='bbox 437 919 870 1007; x_wconf 89' lang='lat' dir='ltr'>supplendum</span> <span class='ocrx_word' id='word_1_46' title='bbox 915 919 1175 985; x_wconf 85' lang='lat' dir='ltr'>aliunde</span> <span class='ocrx_word' id='word_1_47' title='bbox 1219 921 1566 985; x_wconf 89' lang='lat' dir='ltr'>videantur</span> <span class='ocrx_word' id='word_1_48' title='bbox 1611 920 1887 986; x_wconf 89' lang='lat' dir='ltr'>collecta</span> <span class='ocrx_word' id='word_1_49' title='bbox 1932 943 2095 984; x_wconf 89' lang='lat' dir='ltr'>esse.</span> <span class='ocrx_word' id='word_1_50' title='bbox 2170 923 2350 1008; x_wconf 87' lang='lat' dir='ltr'>atqui</span> <span class='ocrx_word' id='word_1_51' title='bbox 2394 923 2462 984; x_wconf 92' lang='lat' dir='ltr'>in</span> <span class='ocrx_word' id='word_1_52' title='bbox 2506 926 2835 1010; x_wconf 87' lang='lat' dir='ltr'>scriptura</span> <span class='ocrx_word' id='word_1_53' title='bbox 2878 949 3017 989; x_wconf 88' lang='lat' dir='ltr'>ver-</span> 
     </span>
     <span class='ocr_line' id='line_1_7' title="bbox 440 1022 3015 1112; baseline 0.001 -25"><span class='ocrx_word' id='word_1_54' title='bbox 440 1024 665 1087; x_wconf 89' lang='lat' dir='ltr'>borum</span> <span class='ocrx_word' id='word_1_55' title='bbox 708 1045 964 1108; x_wconf 90' lang='lat' dir='ltr'>quoque</span> <span class='ocrx_word' id='word_1_56' title='bbox 1010 1022 1264 1086; x_wconf 88' lang='lat' dir='ltr'>codices</span> <span class='ocrx_word' id='word_1_57' title='bbox 1311 1043 1471 1107; x_wconf 92' lang='lat' dir='ltr'>quos</span> <span class='ocrx_word' id='word_1_58' title='bbox 1518 1044 1716 1107; x_wconf 86' lang='lat' dir='ltr'>supra</span> <span class='ocrx_word' id='word_1_59' title='bbox 1760 1022 1901 1086; x_wconf 83' lang='lat' dir='ltr'>dixi</span> <span class='ocrx_word' id='word_1_60' title='bbox 1956 1032 2022 1085; x_wconf 87' lang='lat' dir='ltr'>et</span> <span class='ocrx_word' id='word_1_61' title='bbox 2066 1023 2231 1086; x_wconf 89' lang='lat' dir='ltr'>inter</span> <span class='ocrx_word' id='word_1_62' title='bbox 2276 1045 2344 1086; x_wconf 91' lang='lat' dir='ltr'>se</span> <span class='ocrx_word' id='word_1_63' title='bbox 2388 1033 2454 1087; x_wconf 91' lang='lat' dir='ltr'>et</span> <span class='ocrx_word' id='word_1_64' title='bbox 2499 1046 2643 1088; x_wconf 90' lang='lat' dir='ltr'>cum</span> <span class='ocrx_word' id='word_1_65' title='bbox 2689 1026 3015 1112; x_wconf 82' lang='lat' dir='ltr'>excerptis</span> 
     </span>
     <span class='ocr_line' id='line_1_8' title="bbox 435 1123 3016 1207; baseline 0.001 -20"><span class='ocrx_word' id='word_1_66' title='bbox 435 1124 1010 1207; x_wconf 87' lang='lat' dir='ltr'>grammaticorum</span> <span class='ocrx_word' id='word_1_67' title='bbox 1078 1123 1171 1187; x_wconf 88' lang='lat' dir='ltr'>ita</span> <span class='ocrx_word' id='word_1_68' title='bbox 1238 1124 1685 1202; x_wconf 87' lang='lat' dir='ltr'>consentiunt,</span> <span class='ocrx_word' id='word_1_69' title='bbox 1748 1133 1822 1185; x_wconf 90' lang='lat' dir='ltr'>ut</span> <span class='ocrx_word' id='word_1_70' title='bbox 1881 1146 2081 1187; x_wconf 91' lang='lat' dir='ltr'>unum</span> <span class='ocrx_word' id='word_1_71' title='bbox 2150 1134 2214 1188; x_wconf 92' lang='lat' dir='ltr'>et</span> <span class='ocrx_word' id='word_1_72' title='bbox 2267 1145 2675 1189; x_wconf 88' lang='lat' dir='ltr'>communem</span> <span class='ocrx_word' id='word_1_73' title='bbox 2732 1128 3016 1191; x_wconf 89' lang='lat' dir='ltr'>omnium</span> 
     </span>
     <span class='ocr_line' id='line_1_9' title="bbox 435 1223 3013 1313; baseline 0.001 -25"><span class='ocrx_word' id='word_1_74' title='bbox 435 1226 682 1289; x_wconf 89' lang='lat' dir='ltr'>fontem</span> <span class='ocrx_word' id='word_1_75' title='bbox 727 1247 869 1288; x_wconf 87' lang='lat' dir='ltr'>esse</span> <span class='ocrx_word' id='word_1_76' title='bbox 914 1226 1245 1309; x_wconf 83' lang='lat' dir='ltr'>adpareat.</span> <span class='ocrx_word' id='word_1_77' title='bbox 1311 1224 1757 1309; x_wconf 84' lang='lat' dir='ltr'>discrepantes</span> <span class='ocrx_word' id='word_1_78' title='bbox 1806 1223 1977 1287; x_wconf 88' lang='lat' dir='ltr'>enim</span> <span class='ocrx_word' id='word_1_79' title='bbox 2023 1225 2318 1289; x_wconf 86' lang='lat' dir='ltr'>codicum</span> <span class='ocrx_word' id='word_1_80' title='bbox 2363 1228 2749 1311; x_wconf 86' lang='lat' dir='ltr'>scripturae,</span> <span class='ocrx_word' id='word_1_81' title='bbox 2796 1250 3013 1313; x_wconf 88' lang='lat' dir='ltr'>quam-</span> 
     </span>
     <span class='ocr_line' id='line_1_10' title="bbox 434 1325 3014 1412; baseline 0.001 -24"><span class='ocrx_word' id='word_1_82' title='bbox 434 1327 536 1389; x_wconf 87' lang='lat' dir='ltr'>vis</span> <span class='ocrx_word' id='word_1_83' title='bbox 583 1348 852 1390; x_wconf 89' lang='lat' dir='ltr'>numero</span> <span class='ocrx_word' id='word_1_84' title='bbox 899 1325 1269 1412; x_wconf 87' lang='lat' dir='ltr'>frequentes</span> <span class='ocrx_word' id='word_1_85' title='bbox 1319 1326 1482 1405; x_wconf 89' lang='lat' dir='ltr'>sint,</span> <span class='ocrx_word' id='word_1_86' title='bbox 1539 1334 1757 1387; x_wconf 89' lang='lat' dir='ltr'>tamen</span> <span class='ocrx_word' id='word_1_87' title='bbox 1814 1346 2035 1389; x_wconf 86' lang='lat' dir='ltr'>omnes</span> <span class='ocrx_word' id='word_1_88' title='bbox 2090 1327 2228 1390; x_wconf 81' lang='lat' dir='ltr'>fere</span> <span class='ocrx_word' id='word_1_89' title='bbox 2285 1326 2352 1390; x_wconf 91' lang='lat' dir='ltr'>in</span> <span class='ocrx_word' id='word_1_90' title='bbox 2397 1348 2472 1390; x_wconf 94' lang='lat' dir='ltr'>eo</span> <span class='ocrx_word' id='word_1_91' title='bbox 2518 1338 2863 1392; x_wconf 81' lang='lat' dir='ltr'>versantur</span> <span class='ocrx_word' id='word_1_92' title='bbox 2908 1352 3014 1412; x_wconf 86' lang='lat' dir='ltr'>ge—</span> 
     </span>
     <span class='ocr_line' id='line_1_11' title="bbox 433 1425 3013 1514; baseline 0.001 -24"><span class='ocrx_word' id='word_1_93' title='bbox 433 1449 617 1507; x_wconf 85' lang='lat' dir='ltr'>nere,</span> <span class='ocrx_word' id='word_1_94' title='bbox 665 1426 841 1512; x_wconf 88' lang='lat' dir='ltr'>quod</span> <span class='ocrx_word' id='word_1_95' title='bbox 885 1450 1016 1491; x_wconf 91' lang='lat' dir='ltr'>non</span> <span class='ocrx_word' id='word_1_96' title='bbox 1061 1438 1194 1492; x_wconf 90' lang='lat' dir='ltr'>tam</span> <span class='ocrx_word' id='word_1_97' title='bbox 1239 1449 1324 1490; x_wconf 85' lang='lat' dir='ltr'>ex</span> <span class='ocrx_word' id='word_1_98' title='bbox 1354 1425 1738 1489; x_wconf 86' lang='lat' dir='ltr'>diversitate</span> <span class='ocrx_word' id='word_1_99' title='bbox 1783 1426 2050 1509; x_wconf 89' lang='lat' dir='ltr'>originis</span> <span class='ocrx_word' id='word_1_100' title='bbox 2096 1425 2355 1512; x_wconf 89' lang='lat' dir='ltr'>longius</span> <span class='ocrx_word' id='word_1_101' title='bbox 2401 1438 2650 1492; x_wconf 89' lang='lat' dir='ltr'>remota</span> <span class='ocrx_word' id='word_1_102' title='bbox 2693 1452 2884 1514; x_wconf 89' lang='lat' dir='ltr'>quam</span> <span class='ocrx_word' id='word_1_103' title='bbox 2932 1453 3013 1493; x_wconf 88' lang='lat' dir='ltr'>ex</span> 
     </span>
     <span class='ocr_line' id='line_1_12' title="bbox 432 1525 3012 1613; baseline 0.001 -23"><span class='ocrx_word' id='word_1_104' title='bbox 432 1527 850 1592; x_wconf 85' lang='lat' dir='ltr'>librariorum</span> <span class='ocrx_word' id='word_1_105' title='bbox 915 1526 1019 1592; x_wconf 87' lang='lat' dir='ltr'>vel</span> <span class='ocrx_word' id='word_1_106' title='bbox 1086 1526 1501 1612; x_wconf 84' lang='lat' dir='ltr'>neglegentia</span> <span class='ocrx_word' id='word_1_107' title='bbox 1565 1525 1672 1591; x_wconf 89' lang='lat' dir='ltr'>vel</span> <span class='ocrx_word' id='word_1_108' title='bbox 1736 1525 2003 1590; x_wconf 88' lang='lat' dir='ltr'>lieentia</span> <span class='ocrx_word' id='word_1_109' title='bbox 2066 1528 2491 1613; x_wconf 86' lang='lat' dir='ltr'>repetendum</span> <span class='ocrx_word' id='word_1_110' title='bbox 2546 1530 2650 1593; x_wconf 90' lang='lat' dir='ltr'>sit.</span> <span class='ocrx_word' id='word_1_111' title='bbox 2740 1552 2891 1594; x_wconf 88' lang='lat' dir='ltr'>nam</span> <span class='ocrx_word' id='word_1_112' title='bbox 2947 1531 3012 1593; x_wconf 91' lang='lat' dir='ltr'>in</span> 
     </span>
     <span class='ocr_line' id='line_1_13' title="bbox 432 1626 3011 1711; baseline 0 -18"><span class='ocrx_word' id='word_1_113' title='bbox 432 1628 653 1693; x_wconf 87' lang='lat' dir='ltr'>verbis</span> <span class='ocrx_word' id='word_1_114' title='bbox 703 1628 960 1693; x_wconf 91' lang='lat' dir='ltr'>diverso</span> <span class='ocrx_word' id='word_1_115' title='bbox 1017 1629 1207 1694; x_wconf 91' lang='lat' dir='ltr'>modo</span> <span class='ocrx_word' id='word_1_116' title='bbox 1253 1626 1587 1694; x_wconf 86' lang='lat' dir='ltr'>collocatis</span> <span class='ocrx_word' id='word_1_117' title='bbox 1631 1626 1739 1692; x_wconf 89' lang='lat' dir='ltr'>vel</span> <span class='ocrx_word' id='word_1_118' title='bbox 1796 1628 1932 1691; x_wconf 91' lang='lat' dir='ltr'>sine</span> <span class='ocrx_word' id='word_1_119' title='bbox 1976 1630 2280 1711; x_wconf 88' lang='lat' dir='ltr'>graviore</span> <span class='ocrx_word' id='word_1_120' title='bbox 2325 1628 2715 1695; x_wconf 86' lang='lat' dir='ltr'>detrimento</span> <span class='ocrx_word' id='word_1_121' title='bbox 2763 1642 3011 1695; x_wconf 89' lang='lat' dir='ltr'>senten-</span> 
     </span>
     <span class='ocr_line' id='line_1_14' title="bbox 432 1727 3013 1817; baseline 0 -23"><span class='ocrx_word' id='word_1_122' title='bbox 432 1731 562 1794; x_wconf 88' lang='lat' dir='ltr'>tiae</span> <span class='ocrx_word' id='word_1_123' title='bbox 608 1730 876 1794; x_wconf 88' lang='lat' dir='ltr'>mutatis</span> <span class='ocrx_word' id='word_1_124' title='bbox 922 1738 988 1793; x_wconf 88' lang='lat' dir='ltr'>et</span> <span class='ocrx_word' id='word_1_125' title='bbox 1029 1729 1096 1793; x_wconf 91' lang='lat' dir='ltr'>in</span> <span class='ocrx_word' id='word_1_126' title='bbox 1142 1727 1459 1814; x_wconf 85' lang='lat' dir='ltr'>exemplis</span> <span class='ocrx_word' id='word_1_127' title='bbox 1504 1727 1878 1813; x_wconf 88' lang='lat' dir='ltr'>regularum</span> <span class='ocrx_word' id='word_1_128' title='bbox 1908 1729 2149 1793; x_wconf 88' lang='lat' dir='ltr'>additis</span> <span class='ocrx_word' id='word_1_129' title='bbox 2180 1728 2286 1794; x_wconf 88' lang='lat' dir='ltr'>vel</span> <span class='ocrx_word' id='word_1_130' title='bbox 2330 1729 2618 1811; x_wconf 86' lang='lat' dir='ltr'>omissis,</span> <span class='ocrx_word' id='word_1_131' title='bbox 2663 1730 2731 1793; x_wconf 91' lang='lat' dir='ltr'>in</span> <span class='ocrx_word' id='word_1_132' title='bbox 2775 1731 3013 1817; x_wconf 89' lang='lat' dir='ltr'>quibus</span> 
     </span>
     <span class='ocr_line' id='line_1_15' title="bbox 429 1828 3009 1917; baseline -0 -22"><span class='ocrx_word' id='word_1_133' title='bbox 429 1832 623 1895; x_wconf 86' lang='lat' dir='ltr'>rebus</span> <span class='ocrx_word' id='word_1_134' title='bbox 688 1829 964 1894; x_wconf 90' lang='lat' dir='ltr'>multum</span> <span class='ocrx_word' id='word_1_135' title='bbox 1027 1830 1096 1893; x_wconf 91' lang='lat' dir='ltr'>in</span> <span class='ocrx_word' id='word_1_136' title='bbox 1161 1829 1283 1893; x_wconf 91' lang='lat' dir='ltr'>hoc</span> <span class='ocrx_word' id='word_1_137' title='bbox 1346 1850 1583 1913; x_wconf 87' lang='lat' dir='ltr'>genere</span> <span class='ocrx_word' id='word_1_138' title='bbox 1647 1828 2012 1892; x_wconf 90' lang='lat' dir='ltr'>litterarum</span> <span class='ocrx_word' id='word_1_139' title='bbox 2076 1831 2201 1894; x_wconf 90' lang='lat' dir='ltr'>sibi</span> <span class='ocrx_word' id='word_1_140' title='bbox 2265 1841 2679 1917; x_wconf 88' lang='lat' dir='ltr'>sumpserunt</span> <span class='ocrx_word' id='word_1_141' title='bbox 2731 1833 3009 1914; x_wconf 85' lang='lat' dir='ltr'>librarii,</span> 
     </span>
     <span class='ocr_line' id='line_1_16' title="bbox 430 1929 3007 2015; baseline 0 -20"><span class='ocrx_word' id='word_1_142' title='bbox 430 1953 688 2015; x_wconf 30' lang='lat' dir='ltr'>magna.</span> <span class='ocrx_word' id='word_1_143' title='bbox 720 1930 1031 1995; x_wconf 89' lang='lat' dir='ltr'>librorum</span> <span class='ocrx_word' id='word_1_144' title='bbox 1088 1931 1373 1996; x_wconf 87' lang='lat' dir='ltr'>varietas</span> <span class='ocrx_word' id='word_1_145' title='bbox 1431 1929 1971 2015; x_wconf 85' lang='lat' dir='ltr'>deprehenditur3</span> <span class='ocrx_word' id='word_1_146' title='bbox 2029 1931 2094 1994; x_wconf 93' lang='lat' dir='ltr'>in</span> <span class='ocrx_word' id='word_1_147' title='bbox 2150 1931 2563 2015; x_wconf 88' lang='lat' dir='ltr'>gravioribus</span> <span class='ocrx_word' id='word_1_148' title='bbox 2607 1932 2827 1996; x_wconf 81' lang='lat' dir='ltr'>rebus</span> <span class='ocrx_word' id='word_1_149' title='bbox 2861 1954 3007 1996; x_wconf 92' lang='lat' dir='ltr'>raro</span> 
     </span>
     <span class='ocr_line' id='line_1_17' title="bbox 429 2026 3007 2117; baseline 0.001 -21"><span class='ocrx_word' id='word_1_150' title='bbox 429 2031 842 2098; x_wconf 88' lang='lat' dir='ltr'>dissentiunt.</span> <span class='ocrx_word' id='word_1_151' title='bbox 903 2054 1069 2117; x_wconf 91' lang='lat' dir='ltr'>quae</span> <span class='ocrx_word' id='word_1_152' title='bbox 1113 2055 1262 2095; x_wconf 91' lang='lat' dir='ltr'>cum</span> <span class='ocrx_word' id='word_1_153' title='bbox 1305 2033 1401 2096; x_wconf 89' lang='lat' dir='ltr'>ita</span> <span class='ocrx_word' id='word_1_154' title='bbox 1445 2033 1607 2112; x_wconf 88' lang='lat' dir='ltr'>sint,</span> <span class='ocrx_word' id='word_1_155' title='bbox 1654 2053 1784 2096; x_wconf 91' lang='lat' dir='ltr'>uno</span> <span class='ocrx_word' id='word_1_156' title='bbox 1830 2029 2082 2112; x_wconf 89' lang='lat' dir='ltr'>codice,</span> <span class='ocrx_word' id='word_1_157' title='bbox 2130 2032 2196 2094; x_wconf 91' lang='lat' dir='ltr'>in</span> <span class='ocrx_word' id='word_1_158' title='bbox 2226 2026 2353 2116; x_wconf 88' lang='lat' dir='ltr'>quo</span> <span class='ocrx_word' id='word_1_159' title='bbox 2401 2032 2523 2096; x_wconf 89' lang='lat' dir='ltr'>hae</span> <span class='ocrx_word' id='word_1_160' title='bbox 2568 2032 2743 2097; x_wconf 89' lang='lat' dir='ltr'>solae</span> <span class='ocrx_word' id='word_1_161' title='bbox 2789 2042 3007 2117; x_wconf 86' lang='lat' dir='ltr'>partes</span> 
     </span>
     <span class='ocr_line' id='line_1_18' title="bbox 428 2131 3006 2217; baseline 0 -20"><span class='ocrx_word' id='word_1_162' title='bbox 428 2136 566 2197; x_wconf 90' lang='lat' dir='ltr'>sive</span> <span class='ocrx_word' id='word_1_163' title='bbox 624 2155 779 2198; x_wconf 89' lang='lat' dir='ltr'>casu</span> <span class='ocrx_word' id='word_1_164' title='bbox 837 2132 1100 2197; x_wconf 88' lang='lat' dir='ltr'>relictae</span> <span class='ocrx_word' id='word_1_165' title='bbox 1158 2133 1298 2197; x_wconf 88' lang='lat' dir='ltr'>sive</span> <span class='ocrx_word' id='word_1_166' title='bbox 1356 2132 1626 2198; x_wconf 91' lang='lat' dir='ltr'>consilio</span> <span class='ocrx_word' id='word_1_167' title='bbox 1682 2131 1928 2196; x_wconf 85' lang='lat' dir='ltr'>electae</span> <span class='ocrx_word' id='word_1_168' title='bbox 1983 2143 2198 2206; x_wconf 88' lang='lat' dir='ltr'>erant,</span> <span class='ocrx_word' id='word_1_169' title='bbox 2257 2156 2340 2196; x_wconf 81' lang='lat' dir='ltr'>ex</span> <span class='ocrx_word' id='word_1_170' title='bbox 2384 2133 2745 2217; x_wconf 88' lang='lat' dir='ltr'>antiquiore</span> <span class='ocrx_word' id='word_1_171' title='bbox 2791 2143 3006 2198; x_wconf 87' lang='lat' dir='ltr'>aetate</span> 
     </span>
     <span class='ocr_line' id='line_1_19' title="bbox 426 2233 3004 2320; baseline 0 -22"><span class='ocrx_word' id='word_1_172' title='bbox 426 2234 512 2298; x_wconf 87' lang='lat' dir='ltr'>ad</span> <span class='ocrx_word' id='word_1_173' title='bbox 555 2236 945 2320; x_wconf 80' lang='lat' dir='ltr'>posteriores</span> <span class='ocrx_word' id='word_1_174' title='bbox 992 2234 1454 2318; x_wconf 89' lang='lat' dir='ltr'>grammaticos</span> <span class='ocrx_word' id='word_1_175' title='bbox 1499 2233 1714 2298; x_wconf 88' lang='lat' dir='ltr'>delato</span> <span class='ocrx_word' id='word_1_176' title='bbox 1758 2255 2014 2296; x_wconf 90' lang='lat' dir='ltr'>omnem</span> <span class='ocrx_word' id='word_1_177' title='bbox 2054 2233 2390 2298; x_wconf 86' lang='lat' dir='ltr'>Consentii</span> <span class='ocrx_word' id='word_1_178' title='bbox 2435 2235 2812 2299; x_wconf 89' lang='lat' dir='ltr'>memoriam</span> <span class='ocrx_word' id='word_1_179' title='bbox 2857 2257 3004 2298; x_wconf 90' lang='lat' dir='ltr'>con-</span> 
     </span>
     <span class='ocr_line' id='line_1_20' title="bbox 427 2334 3005 2421; baseline -0 -23"><span class='ocrx_word' id='word_1_180' title='bbox 427 2336 619 2399; x_wconf 90' lang='lat' dir='ltr'>tineri</span> <span class='ocrx_word' id='word_1_181' title='bbox 664 2335 974 2400; x_wconf 83' lang='lat' dir='ltr'>dicemus.</span> <span class='ocrx_word' id='word_1_182' title='bbox 1037 2345 1102 2399; x_wconf 91' lang='lat' dir='ltr'>et</span> <span class='ocrx_word' id='word_1_183' title='bbox 1143 2335 1451 2421; x_wconf 89' lang='lat' dir='ltr'>quoniam</span> <span class='ocrx_word' id='word_1_184' title='bbox 1496 2335 1774 2420; x_wconf 88' lang='lat' dir='ltr'>primum</span> <span class='ocrx_word' id='word_1_185' title='bbox 1821 2356 1860 2397; x_wconf 91' lang='lat' dir='ltr'>a</span> <span class='ocrx_word' id='word_1_186' title='bbox 1906 2334 2117 2399; x_wconf 87' lang='lat' dir='ltr'>Scotis</span> <span class='ocrx_word' id='word_1_187' title='bbox 2163 2335 2602 2417; x_wconf 83' lang='lat' dir='ltr'>grammaticis</span> <span class='ocrx_word' id='word_1_188' title='bbox 2648 2334 2787 2397; x_wconf 90' lang='lat' dir='ltr'>eius</span> <span class='ocrx_word' id='word_1_189' title='bbox 2831 2357 3005 2398; x_wconf 88' lang='lat' dir='ltr'>men-</span> 
     </span>
     <span class='ocr_line' id='line_1_21' title="bbox 425 2435 3003 2509; baseline -0.001 -9"><span class='ocrx_word' id='word_1_190' title='bbox 425 2437 666 2501; x_wconf 87' lang='lat' dir='ltr'>tionem</span> <span class='ocrx_word' id='word_1_191' title='bbox 710 2436 951 2501; x_wconf 88' lang='lat' dir='ltr'>factam</span> <span class='ocrx_word' id='word_1_192' title='bbox 997 2448 1064 2501; x_wconf 90' lang='lat' dir='ltr'>et</span> <span class='ocrx_word' id='word_1_193' title='bbox 1107 2435 1398 2501; x_wconf 86' lang='lat' dir='ltr'>codicem</span> <span class='ocrx_word' id='word_1_194' title='bbox 1429 2436 1513 2500; x_wconf 90' lang='lat' dir='ltr'>ad</span> <span class='ocrx_word' id='word_1_195' title='bbox 1544 2435 1899 2499; x_wconf 89' lang='lat' dir='ltr'>Bobicnses</span> <span class='ocrx_word' id='word_1_196' title='bbox 1946 2446 2385 2499; x_wconf 84' lang='lat' dir='ltr'>transvectum</span> <span class='ocrx_word' id='word_1_197' title='bbox 2432 2457 2571 2498; x_wconf 91' lang='lat' dir='ltr'>esse</span> <span class='ocrx_word' id='word_1_198' title='bbox 2616 2435 3003 2509; x_wconf 82' lang='lat' dir='ltr'>invenimus,</span> 
     </span>
     <span class='ocr_line' id='line_1_22' title="bbox 425 2535 3004 2623; baseline -0 -24"><span class='ocrx_word' id='word_1_199' title='bbox 425 2535 683 2602; x_wconf 87' lang='lat' dir='ltr'>illorum</span> <span class='ocrx_word' id='word_1_200' title='bbox 729 2538 961 2602; x_wconf 90' lang='lat' dir='ltr'>studiis</span> <span class='ocrx_word' id='word_1_201' title='bbox 1010 2537 1430 2601; x_wconf 88' lang='lat' dir='ltr'>tribuendum</span> <span class='ocrx_word' id='word_1_202' title='bbox 1475 2537 1880 2622; x_wconf 88' lang='lat' dir='ltr'>putabimus,</span> <span class='ocrx_word' id='word_1_203' title='bbox 1930 2536 2103 2623; x_wconf 90' lang='lat' dir='ltr'>quod</span> <span class='ocrx_word' id='word_1_204' title='bbox 2149 2535 2610 2621; x_wconf 85' lang='lat' dir='ltr'>archetypum,</span> <span class='ocrx_word' id='word_1_205' title='bbox 2659 2559 2741 2599; x_wconf 82' lang='lat' dir='ltr'>ex</span> <span class='ocrx_word' id='word_1_206' title='bbox 2786 2559 2913 2622; x_wconf 92' lang='lat' dir='ltr'>quo</span> <span class='ocrx_word' id='word_1_207' title='bbox 2959 2537 3004 2600; x_wconf 91' lang='lat' dir='ltr'>ii</span> 
     </span>
     <span class='ocr_line' id='line_1_23' title="bbox 400 2637 2915 2723; baseline -0.001 -21"><span class='ocrx_word' id='word_1_208' title='bbox 400 2638 686 2714; x_wconf 67' lang='lat' dir='ltr'>‚codices</span> <span class='ocrx_word' id='word_1_209' title='bbox 732 2638 967 2723; x_wconf 87' lang='lat' dir='ltr'>quibus</span> <span class='ocrx_word' id='word_1_210' title='bbox 1015 2638 1335 2723; x_wconf 89' lang='lat' dir='ltr'>posterior</span> <span class='ocrx_word' id='word_1_211' title='bbox 1378 2647 1558 2701; x_wconf 90' lang='lat' dir='ltr'>aetas</span> <span class='ocrx_word' id='word_1_212' title='bbox 1606 2637 1913 2701; x_wconf 89' lang='lat' dir='ltr'>utebatur</span> <span class='ocrx_word' id='word_1_213' title='bbox 1958 2637 2362 2718; x_wconf 75' lang='lat' dir='ltr'>ductisunt,</span> <span class='ocrx_word' id='word_1_214' title='bbox 2421 2646 2751 2700; x_wconf 86' lang='lat' dir='ltr'>servatum</span> <span class='ocrx_word' id='word_1_215' title='bbox 2797 2649 2915 2701; x_wconf 88' lang='lat' dir='ltr'>est.</span> 
     </span>
     <span class='ocr_line' id='line_1_24' title="bbox 592 2736 3005 2824; baseline -0 -20"><span class='ocrx_word' id='word_1_216' title='bbox 592 2740 1090 2805; x_wconf 87' lang='lat' dir='ltr'>Consentiorum</span> <span class='ocrx_word' id='word_1_217' title='bbox 1136 2738 1451 2804; x_wconf 85' lang='lat' dir='ltr'>familiam</span> <span class='ocrx_word' id='word_1_218' title='bbox 1498 2739 1722 2824; x_wconf 87' lang='lat' dir='ltr'>quinto</span> <span class='ocrx_word' id='word_1_219' title='bbox 1769 2737 2028 2802; x_wconf 88' lang='lat' dir='ltr'>saeculo</span> <span class='ocrx_word' id='word_1_220' title='bbox 2074 2736 2252 2824; x_wconf 87' lang='lat' dir='ltr'>apud</span> <span class='ocrx_word' id='word_1_221' title='bbox 2298 2737 2756 2802; x_wconf 88' lang='lat' dir='ltr'>Narbonenses</span> <span class='ocrx_word' id='word_1_222' title='bbox 2810 2736 3005 2803; x_wconf 90' lang='lat' dir='ltr'>laude</span> 
     </span>
     <span class='ocr_line' id='line_1_25' title="bbox 421 2838 3006 2925; baseline 0 -22"><span class='ocrx_word' id='word_1_223' title='bbox 421 2840 779 2905; x_wconf 88' lang='lat' dir='ltr'>litterarum</span> <span class='ocrx_word' id='word_1_224' title='bbox 831 2840 1127 2905; x_wconf 89' lang='lat' dir='ltr'>floruisse</span> <span class='ocrx_word' id='word_1_225' title='bbox 1196 2841 1481 2905; x_wconf 88' lang='lat' dir='ltr'>carmine</span> <span class='ocrx_word' id='word_1_226' title='bbox 1536 2838 1790 2905; x_wconf 86' lang='lat' dir='ltr'>Sidonii</span> <span class='ocrx_word' id='word_1_227' title='bbox 1857 2838 2261 2925; x_wconf 88' lang='lat' dir='ltr'>Apollinaris</span> <span class='ocrx_word' id='word_1_228' title='bbox 2315 2840 2622 2903; x_wconf 87' lang='lat' dir='ltr'>vicesimo</span> <span class='ocrx_word' id='word_1_229' title='bbox 2679 2839 2871 2903; x_wconf 88' lang='lat' dir='ltr'>tertio</span> <span class='ocrx_word' id='word_1_230' title='bbox 2940 2848 3006 2903; x_wconf 90' lang='lat' dir='ltr'>et</span> 
     </span>
     <span class='ocr_line' id='line_1_26' title="bbox 422 2939 3006 3026; baseline 0 -21"><span class='ocrx_word' id='word_1_231' title='bbox 422 2941 702 3026; x_wconf 88' lang='lat' dir='ltr'>epistula</span> <span class='ocrx_word' id='word_1_232' title='bbox 758 2941 929 3005; x_wconf 90' lang='lat' dir='ltr'>VIII</span> <span class='ocrx_word' id='word_1_233' title='bbox 972 2942 1016 3004; x_wconf 88' lang='grc'>4</span> <span class='ocrx_word' id='word_1_234' title='bbox 1071 2940 1156 3005; x_wconf 89' lang='lat' dir='ltr'>ad</span> <span class='ocrx_word' id='word_1_235' title='bbox 1214 2941 1631 3006; x_wconf 86' lang='lat' dir='ltr'>Consentium</span> <span class='ocrx_word' id='word_1_236' title='bbox 1686 2939 2213 3021; x_wconf 89' lang='lat' dir='ltr'>Narbonensem,</span> <span class='ocrx_word' id='word_1_237' title='bbox 2281 2940 2562 3003; x_wconf 88' lang='lat' dir='ltr'>amicum</span> <span class='ocrx_word' id='word_1_238' title='bbox 2623 2939 2875 3003; x_wconf 87' lang='lat' dir='ltr'>Sidonii</span> <span class='ocrx_word' id='word_1_239' title='bbox 2940 2950 3006 3005; x_wconf 91' lang='lat' dir='ltr'>et</span> 
     </span>
     <span class='ocr_line' id='line_1_27' title="bbox 422 3039 3002 3128; baseline -0.001 -23"><span class='ocrx_word' id='word_1_240' title='bbox 422 3052 678 3127; x_wconf 87' lang='lat' dir='ltr'>poetam</span> <span class='ocrx_word' id='word_1_241' title='bbox 726 3042 1038 3122; x_wconf 89' lang='lat' dir='ltr'>nobilem,</span> <span class='ocrx_word' id='word_1_242' title='bbox 1098 3042 1358 3128; x_wconf 88' lang='lat' dir='ltr'>scriptis</span> <span class='ocrx_word' id='word_1_243' title='bbox 1416 3051 1693 3107; x_wconf 88' lang='lat' dir='ltr'>constat.</span> <span class='ocrx_word' id='word_1_244' title='bbox 1787 3064 1869 3105; x_wconf 85' lang='lat' dir='ltr'>ex</span> <span class='ocrx_word' id='word_1_245' title='bbox 1923 3041 2046 3105; x_wconf 90' lang='lat' dir='ltr'>hac</span> <span class='ocrx_word' id='word_1_246' title='bbox 2091 3039 2341 3104; x_wconf 89' lang='lat' dir='ltr'>familia</span> <span class='ocrx_word' id='word_1_247' title='bbox 2387 3039 2589 3104; x_wconf 87' lang='lat' dir='ltr'>fuisse</span> <span class='ocrx_word' id='word_1_248' title='bbox 2632 3040 3002 3123; x_wconf 87' lang='lat' dir='ltr'>grammati-</span> 
     </span>
     <span class='ocr_line' id='line_1_28' title="bbox 422 3140 2999 3227; baseline -0.001 -21"><span class='ocrx_word' id='word_1_249' title='bbox 422 3165 568 3207; x_wconf 91' lang='lat' dir='ltr'>cum</span> <span class='ocrx_word' id='word_1_250' title='bbox 623 3143 809 3208; x_wconf 88' lang='lat' dir='ltr'>cuius</span> <span class='ocrx_word' id='word_1_251' title='bbox 865 3143 1065 3207; x_wconf 89' lang='lat' dir='ltr'>libros</span> <span class='ocrx_word' id='word_1_252' title='bbox 1121 3142 1430 3227; x_wconf 78' lang='lat' dir='ltr'>legimUS,</span> <span class='ocrx_word' id='word_1_253' title='bbox 1488 3142 1851 3227; x_wconf 90' lang='lat' dir='ltr'>probabilis</span> <span class='ocrx_word' id='word_1_254' title='bbox 1909 3150 2009 3205; x_wconf 88' lang='lat' dir='ltr'>est</span> <span class='ocrx_word' id='word_1_255' title='bbox 2065 3142 2437 3205; x_wconf 89' lang='lat' dir='ltr'>coniectura</span> <span class='ocrx_word' id='word_1_256' title='bbox 2489 3140 2889 3204; x_wconf 90' lang='lat' dir='ltr'>Lachmanni</span> <span class='ocrx_word' id='word_1_257' title='bbox 2937 3141 2999 3203; x_wconf 89' lang='lat' dir='ltr'>in</span> 
     </span>
     <span class='ocr_line' id='line_1_29' title="bbox 420 3239 3001 3329; baseline -0.002 -21"><span class='ocrx_word' id='word_1_258' title='bbox 420 3245 790 3310; x_wconf 87' lang='lat' dir='ltr'>Terentian.</span> <span class='ocrx_word' id='word_1_259' title='bbox 849 3245 1062 3308; x_wconf 88' lang='lat' dir='ltr'>Maur.</span> <span class='ocrx_word' id='word_1_260' title='bbox 1120 3244 1326 3329; x_wconf 88' lang='lat' dir='ltr'>praef.</span> <span class='ocrx_word' id='word_1_261' title='bbox 1389 3266 1450 3327; x_wconf 91' lang='lat' dir='ltr'>p.</span> <span class='ocrx_word' id='word_1_262' title='bbox 1500 3241 1698 3305; x_wconf 90' lang='lat' dir='ltr'>XIII.</span> <span class='ocrx_word' id='word_1_263' title='bbox 1793 3265 1940 3306; x_wconf 89' lang='lat' dir='ltr'>nam</span> <span class='ocrx_word' id='word_1_264' title='bbox 1998 3241 2172 3327; x_wconf 90' lang='lat' dir='ltr'>quod</span> <span class='ocrx_word' id='word_1_265' title='bbox 2230 3251 2295 3305; x_wconf 88' lang='lat' dir='ltr'>et</span> <span class='ocrx_word' id='word_1_266' title='bbox 2351 3239 2502 3307; x_wconf 90' lang='lat' dir='ltr'>olim</span> <span class='ocrx_word' id='word_1_267' title='bbox 2547 3242 2872 3305; x_wconf 86' lang='lat' dir='ltr'>Funccius</span> <span class='ocrx_word' id='word_1_268' title='bbox 2920 3242 3001 3305; x_wconf 84' lang='lat' dir='ltr'>do</span> 
     </span>
     <span class='ocr_line' id='line_1_30' title="bbox 419 3344 3001 3431; baseline -0.002 -23"><span class='ocrx_word' id='word_1_269' title='bbox 419 3347 608 3410; x_wconf 84' lang='lat' dir='ltr'>inert.</span> <span class='ocrx_word' id='word_1_270' title='bbox 665 3368 744 3410; x_wconf 91' lang='lat' dir='ltr'>ae</span> <span class='ocrx_word' id='word_1_271' title='bbox 799 3347 1055 3431; x_wconf 88' lang='lat' dir='ltr'>decrep.</span> <span class='ocrx_word' id='word_1_272' title='bbox 1116 3344 1229 3409; x_wconf 88' lang='lat' dir='ltr'>lat.</span> <span class='ocrx_word' id='word_1_273' title='bbox 1285 3344 1443 3428; x_wconf 89' lang='lat' dir='ltr'>ling.</span> <span class='ocrx_word' id='word_1_274' title='bbox 1490 3367 1624 3407; x_wconf 90' lang='lat' dir='ltr'>sen.</span> <span class='ocrx_word' id='word_1_275' title='bbox 1674 3367 1736 3429; x_wconf 91' lang='lat' dir='ltr'>p.</span> <span class='ocrx_word' id='word_1_276' title='bbox 1785 3344 1909 3408; x_wconf 85' lang='grc'>322</span> <span class='ocrx_word' id='word_1_277' title='bbox 1955 3345 2318 3430; x_wconf 88' lang='lat' dir='ltr'>suspicatus</span> <span class='ocrx_word' id='word_1_278' title='bbox 2367 3353 2538 3424; x_wconf 90' lang='lat' dir='ltr'>erat,</span> <span class='ocrx_word' id='word_1_279' title='bbox 2587 3353 2653 3408; x_wconf 86' lang='lat' dir='ltr'>et</span> <span class='ocrx_word' id='word_1_280' title='bbox 2698 3344 3001 3407; x_wconf 83' lang='lat' dir='ltr'>Osannus</span> 
     </span>
     <span class='ocr_line' id='line_1_31' title="bbox 422 3443 3000 3532; baseline -0.001 -23"><span class='ocrx_word' id='word_1_281' title='bbox 422 3448 632 3531; x_wconf 88' lang='lat' dir='ltr'>symb.</span> <span class='ocrx_word' id='word_1_282' title='bbox 680 3448 766 3511; x_wconf 88' lang='lat' dir='ltr'>ad</span> <span class='ocrx_word' id='word_1_283' title='bbox 809 3447 958 3511; x_wconf 90' lang='lat' dir='ltr'>hist.</span> <span class='ocrx_word' id='word_1_284' title='bbox 1008 3446 1134 3511; x_wconf 90' lang='lat' dir='ltr'>litt.</span> <span class='ocrx_word' id='word_1_285' title='bbox 1182 3471 1244 3510; x_wconf 85' lang='lat' dir='ltr'>v.</span> <span class='ocrx_word' id='word_1_286' title='bbox 1295 3446 1362 3508; x_wconf 94' lang='lat' dir='ltr'>II</span> <span class='ocrx_word' id='word_1_287' title='bbox 1411 3469 1474 3532; x_wconf 95' lang='lat' dir='ltr'>p.</span> <span class='ocrx_word' id='word_1_288' title='bbox 1520 3445 1645 3508; x_wconf 84' lang='lat'>344</span> <span class='ocrx_word' id='word_1_289' title='bbox 1691 3467 1831 3530; x_wconf 89' lang='lat' dir='ltr'>sqq.</span> <span class='ocrx_word' id='word_1_290' title='bbox 1879 3443 2323 3508; x_wconf 88' lang='lat' dir='ltr'>demonstrare</span> <span class='ocrx_word' id='word_1_291' title='bbox 2370 3454 2637 3508; x_wconf 85' lang='lat' dir='ltr'>conatus</span> <span class='ocrx_word' id='word_1_292' title='bbox 2684 3455 2804 3525; x_wconf 89' lang='lat' dir='ltr'>est,</span> <span class='ocrx_word' id='word_1_293' title='bbox 2852 3468 3000 3507; x_wconf 86' lang='lat' dir='ltr'>eum</span> 
     </span>
     <span class='ocr_line' id='line_1_32' title="bbox 421 3543 2999 3632; baseline -0.001 -22"><span class='ocrx_word' id='word_1_294' title='bbox 421 3550 630 3632; x_wconf 91' lang='lat' dir='ltr'>ipsum</span> <span class='ocrx_word' id='word_1_295' title='bbox 689 3571 833 3612; x_wconf 88' lang='lat' dir='ltr'>esse</span> <span class='ocrx_word' id='word_1_296' title='bbox 888 3548 972 3612; x_wconf 88' lang='lat' dir='ltr'>ad</span> <span class='ocrx_word' id='word_1_297' title='bbox 1027 3570 1218 3631; x_wconf 89' lang='lat' dir='ltr'>quem</span> <span class='ocrx_word' id='word_1_298' title='bbox 1276 3547 1581 3611; x_wconf 87' lang='lat' dir='ltr'>Sidonius</span> <span class='ocrx_word' id='word_1_299' title='bbox 1630 3545 2028 3630; x_wconf 87' lang='lat' dir='ltr'>scripsisset,</span> <span class='ocrx_word' id='word_1_300' title='bbox 2089 3543 2331 3609; x_wconf 88' lang='lat' dir='ltr'>nullam</span> <span class='ocrx_word' id='word_1_301' title='bbox 2376 3545 2999 3609; x_wconf 87' lang='lat' dir='ltr'>commendationem</span> 
     </span>
     <span class='ocr_line' id='line_1_33' title="bbox 419 3645 2997 3733; baseline 0 -22"><span class='ocrx_word' id='word_1_302' title='bbox 419 3649 615 3713; x_wconf 87' lang='lat' dir='ltr'>habet</span> <span class='ocrx_word' id='word_1_303' title='bbox 658 3650 742 3713; x_wconf 87' lang='lat' dir='ltr'>ab</span> <span class='ocrx_word' id='word_1_304' title='bbox 787 3649 866 3711; x_wconf 88' lang='lat' dir='ltr'>iis</span> <span class='ocrx_word' id='word_1_305' title='bbox 914 3670 1080 3733; x_wconf 87' lang='lat' dir='ltr'>quae</span> <span class='ocrx_word' id='word_1_306' title='bbox 1125 3647 1298 3733; x_wconf 90' lang='lat' dir='ltr'>apud</span> <span class='ocrx_word' id='word_1_307' title='bbox 1343 3647 1524 3711; x_wconf 89' lang='lat' dir='ltr'>illum</span> <span class='ocrx_word' id='word_1_308' title='bbox 1582 3648 1827 3731; x_wconf 85' lang='lat' dir='ltr'>scripta</span> <span class='ocrx_word' id='word_1_309' title='bbox 1870 3655 2050 3728; x_wconf 89' lang='lat' dir='ltr'>sunt,</span> <span class='ocrx_word' id='word_1_310' title='bbox 2111 3646 2432 3731; x_wconf 88' lang='lat' dir='ltr'>siquidem</span> <span class='ocrx_word' id='word_1_311' title='bbox 2476 3646 2544 3708; x_wconf 93' lang='lat' dir='ltr'>in</span> <span class='ocrx_word' id='word_1_312' title='bbox 2588 3645 2855 3732; x_wconf 88' lang='lat' dir='ltr'>reliquis</span> <span class='ocrx_word' id='word_1_313' title='bbox 2902 3646 2997 3712; x_wconf 89' lang='lat' dir='ltr'>lit-</span> 
     </span>
     <span class='ocr_line' id='line_1_34' title="bbox 421 3747 2997 3835; baseline -0 -22"><span class='ocrx_word' id='word_1_314' title='bbox 421 3761 702 3813; x_wconf 90' lang='lat' dir='ltr'>terarum</span> <span class='ocrx_word' id='word_1_315' title='bbox 758 3749 1060 3814; x_wconf 86' lang='lat' dir='ltr'>laudibus</span> <span class='ocrx_word' id='word_1_316' title='bbox 1117 3771 1278 3835; x_wconf 88' lang='lat' dir='ltr'>quas</span> <span class='ocrx_word' id='word_1_317' title='bbox 1335 3747 1740 3834; x_wconf 84' lang='lat' dir='ltr'>praedicavit</span> <span class='ocrx_word' id='word_1_318' title='bbox 1797 3748 1956 3811; x_wconf 87' lang='lat' dir='ltr'>artis</span> <span class='ocrx_word' id='word_1_319' title='bbox 2012 3747 2482 3831; x_wconf 83' lang='lat' dir='ltr'>grammaticae</span> <span class='ocrx_word' id='word_1_320' title='bbox 2545 3747 2817 3811; x_wconf 88' lang='lat' dir='ltr'>scientia</span> <span class='ocrx_word' id='word_1_321' title='bbox 2870 3771 2997 3812; x_wconf 89' lang='lat' dir='ltr'>non</span> 
     </span>
     <span class='ocr_line' id='line_1_35' title="bbox 419 3846 2997 3936; baseline -0.002 -22"><span class='ocrx_word' id='word_1_322' title='bbox 419 3862 516 3915; x_wconf 85' lang='lat' dir='ltr'>est</span> <span class='ocrx_word' id='word_1_323' title='bbox 563 3848 849 3915; x_wconf 84' lang='lat' dir='ltr'>laudata.</span> <span class='ocrx_word' id='word_1_324' title='bbox 941 3850 1054 3913; x_wconf 86' lang='lat' dir='ltr'>scd</span> <span class='ocrx_word' id='word_1_325' title='bbox 1099 3848 1262 3912; x_wconf 90' lang='lat' dir='ltr'>illud</span> <span class='ocrx_word' id='word_1_326' title='bbox 1307 3860 1481 3913; x_wconf 86' lang='lat' dir='ltr'>recte</span> <span class='ocrx_word' id='word_1_327' title='bbox 1524 3851 1775 3913; x_wconf 90' lang='lat' dir='ltr'>monuit</span> <span class='ocrx_word' id='word_1_328' title='bbox 1819 3850 2155 3929; x_wconf 77' lang='lat' dir='ltr'>OsannuS,</span> <span class='ocrx_word' id='word_1_329' title='bbox 2205 3846 2487 3912; x_wconf 81' lang='lat' dir='ltr'>Galliam</span> <span class='ocrx_word' id='word_1_330' title='bbox 2535 3869 2676 3912; x_wconf 88' lang='lat' dir='ltr'>esse</span> <span class='ocrx_word' id='word_1_331' title='bbox 2720 3849 2997 3936; x_wconf 79' lang='lat' dir='ltr'>patriam</span> 
     </span>
     <span class='ocr_line' id='line_1_36' title="bbox 417 3948 2994 4036; baseline -0.001 -21"><span class='ocrx_word' id='word_1_332' title='bbox 417 3951 828 4036; x_wconf 88' lang='lat' dir='ltr'>grammatici</span> <span class='ocrx_word' id='word_1_333' title='bbox 873 3948 1151 4013; x_wconf 84' lang='lat' dir='ltr'>indic&#39;ari</span> <span class='ocrx_word' id='word_1_334' title='bbox 1197 3950 1276 4013; x_wconf 91' lang='lat' dir='ltr'>iis</span> <span class='ocrx_word' id='word_1_335' title='bbox 1324 3971 1489 4035; x_wconf 88' lang='lat' dir='ltr'>quae</span> <span class='ocrx_word' id='word_1_336' title='bbox 1522 3949 1603 4013; x_wconf 89' lang='lat' dir='ltr'>de</span> <span class='ocrx_word' id='word_1_337' title='bbox 1635 3950 2003 4014; x_wconf 89' lang='lat' dir='ltr'>nominibus</span> <span class='ocrx_word' id='word_1_338' title='bbox 2047 3948 2306 4012; x_wconf 89' lang='lat' dir='ltr'>urbium</span> <span class='ocrx_word' id='word_1_339' title='bbox 2350 3951 2683 4034; x_wconf 86' lang='lat' dir='ltr'>praecepit</span> <span class='ocrx_word' id='word_1_340' title='bbox 2735 3972 2797 4034; x_wconf 89' lang='lat' dir='ltr'>p.</span> <span class='ocrx_word' id='word_1_341' title='bbox 2831 3949 2994 4012; x_wconf 88' lang='grc'><strong>2027</strong></span> 
     </span>
     <span class='ocr_line' id='line_1_37' title="bbox 418 4047 2995 4136; baseline -0.002 -20"><span class='ocrx_word' id='word_1_342' title='bbox 418 4062 485 4116; x_wconf 92' lang='lat' dir='ltr'>et</span> <span class='ocrx_word' id='word_1_343' title='bbox 527 4054 716 4116; x_wconf 86' lang='grc'><strong>2030.</strong></span> <span class='ocrx_word' id='word_1_344' title='bbox 761 4073 971 4136; x_wconf 86' lang='lat' dir='ltr'>neque</span> <span class='ocrx_word' id='word_1_345' title='bbox 1002 4050 1173 4114; x_wconf 90' lang='lat' dir='ltr'>enim</span> <span class='ocrx_word' id='word_1_346' title='bbox 1205 4072 1359 4114; x_wconf 89' lang='lat' dir='ltr'>casu</span> <span class='ocrx_word' id='word_1_347' title='bbox 1404 4051 1647 4114; x_wconf 88' lang='lat' dir='ltr'>factum</span> <span class='ocrx_word' id='word_1_348' title='bbox 1679 4049 1915 4131; x_wconf 87' lang='lat' dir='ltr'>videri,</span> <span class='ocrx_word' id='word_1_349' title='bbox 1950 4048 2124 4135; x_wconf 90' lang='lat' dir='ltr'>quod</span> <span class='ocrx_word' id='word_1_350' title='bbox 2156 4047 2541 4134; x_wconf 85' lang='lat' dir='ltr'>gallicarum</span> <span class='ocrx_word' id='word_1_351' title='bbox 2584 4050 2995 4134; x_wconf 87' lang='lat' dir='ltr'>potissimum</span> 
     </span>
     <span class='ocr_line' id='line_1_38' title="bbox 418 4149 2993 4236; baseline -0.001 -20"><span class='ocrx_word' id='word_1_352' title='bbox 418 4154 677 4217; x_wconf 88' lang='lat' dir='ltr'>urbium</span> <span class='ocrx_word' id='word_1_353' title='bbox 725 4154 1009 4232; x_wconf 88' lang='lat' dir='ltr'>nomina,</span> <span class='ocrx_word' id='word_1_354' title='bbox 1054 4152 1249 4236; x_wconf 90' lang='lat' dir='ltr'>inque</span> <span class='ocrx_word' id='word_1_355' title='bbox 1292 4153 1372 4215; x_wconf 88' lang='lat' dir='ltr'>iis</span> <span class='ocrx_word' id='word_1_356' title='bbox 1419 4151 1791 4214; x_wconf 90' lang='lat' dir='ltr'>Narbonem</span> <span class='ocrx_word' id='word_1_357' title='bbox 1838 4160 1904 4213; x_wconf 90' lang='lat' dir='ltr'>et</span> <span class='ocrx_word' id='word_1_358' title='bbox 1933 4150 2310 4229; x_wconf 87' lang='lat' dir='ltr'>Baeterras,</span> <span class='ocrx_word' id='word_1_359' title='bbox 2355 4149 2471 4214; x_wconf 92' lang='lat' dir='ltr'>ubi</span> <span class='ocrx_word' id='word_1_360' title='bbox 2503 4149 2839 4214; x_wconf 84' lang='lat' dir='ltr'>Consentii</span> <span class='ocrx_word' id='word_1_361' title='bbox 2884 4152 2993 4213; x_wconf 87' lang='lat' dir='ltr'>ha-</span> 
     </span>
     <span class='ocr_line' id='line_1_39' title="bbox 421 4250 2997 4336; baseline -0.002 -17"><span class='ocrx_word' id='word_1_362' title='bbox 421 4255 750 4335; x_wconf 89' lang='lat' dir='ltr'>bitabant,</span> <span class='ocrx_word' id='word_1_363' title='bbox 805 4253 1295 4318; x_wconf 88' lang='lat' dir='ltr'>nominavisset.</span> <span class='ocrx_word' id='word_1_364' title='bbox 1386 4253 1541 4336; x_wconf 90' lang='lat' dir='ltr'>quin</span> <span class='ocrx_word' id='word_1_365' title='bbox 1610 4253 1809 4314; x_wconf 89' lang='lat' dir='ltr'>etiam</span> <span class='ocrx_word' id='word_1_366' title='bbox 1872 4250 2130 4315; x_wconf 87' lang='lat' dir='ltr'>dicendi</span> <span class='ocrx_word' id='word_1_367' title='bbox 2197 4273 2399 4334; x_wconf 90' lang='lat' dir='ltr'>genus</span> <span class='ocrx_word' id='word_1_368' title='bbox 2465 4250 2861 4336; x_wconf 78' lang='lat' dir='ltr'>exquisitum</span> <span class='ocrx_word' id='word_1_369' title='bbox 2932 4261 2997 4313; x_wconf 90' lang='lat' dir='ltr'>et</span> 
     </span>
     <span class='ocr_line' id='line_1_40' title="bbox 418 4350 2993 4438; baseline -0.002 -20"><span class='ocrx_word' id='word_1_370' title='bbox 418 4355 838 4420; x_wconf 87' lang='lat' dir='ltr'>artificiosum</span> <span class='ocrx_word' id='word_1_371' title='bbox 914 4364 978 4417; x_wconf 90' lang='lat' dir='ltr'>ct</span> <span class='ocrx_word' id='word_1_372' title='bbox 1050 4376 1089 4416; x_wconf 93' lang='lat' dir='ltr'>a</span> <span class='ocrx_word' id='word_1_373' title='bbox 1159 4350 1417 4438; x_wconf 89' lang='lat' dir='ltr'>vulgari</span> <span class='ocrx_word' id='word_1_374' title='bbox 1492 4351 2065 4435; x_wconf 85' lang='lat' dir='ltr'>grammaticorum</span> <span class='ocrx_word' id='word_1_375' title='bbox 2132 4351 2598 4414; x_wconf 87' lang='lat' dir='ltr'>consuetudine</span> <span class='ocrx_word' id='word_1_376' title='bbox 2660 4351 2993 4414; x_wconf 89' lang='lat' dir='ltr'>diversum</span> 
     </span>
     <span class='ocr_line' id='line_1_41' title="bbox 417 4449 2993 4539; baseline -0.002 -20"><span class='ocrx_word' id='word_1_377' title='bbox 417 4454 654 4539; x_wconf 91' lang='lat' dir='ltr'>gallico</span> <span class='ocrx_word' id='word_1_378' title='bbox 700 4455 961 4520; x_wconf 86' lang='lat' dir='ltr'>homine</span> <span class='ocrx_word' id='word_1_379' title='bbox 995 4453 1209 4519; x_wconf 91' lang='lat' dir='ltr'>studio</span> <span class='ocrx_word' id='word_1_380' title='bbox 1256 4452 1618 4517; x_wconf 87' lang='lat' dir='ltr'>rhetoricae</span> <span class='ocrx_word' id='word_1_381' title='bbox 1663 4451 1855 4533; x_wconf 80' lang='lat' dir='ltr'>artiS,</span> <span class='ocrx_word' id='word_1_382' title='bbox 1903 4450 2076 4537; x_wconf 87' lang='lat' dir='ltr'>quod</span> <span class='ocrx_word' id='word_1_383' title='bbox 2122 4459 2259 4514; x_wconf 87' lang='lat' dir='ltr'>tum</span> <span class='ocrx_word' id='word_1_384' title='bbox 2306 4451 2584 4515; x_wconf 81' lang='lat' dir='ltr'>maxime</span> <span class='ocrx_word' id='word_1_385' title='bbox 2631 4450 2805 4535; x_wconf 88' lang='lat' dir='ltr'>apud</span> <span class='ocrx_word' id='word_1_386' title='bbox 2838 4449 2993 4514; x_wconf 81' lang='lat' dir='ltr'>Gal-</span> 
     </span>
     <span class='ocr_line' id='line_1_42' title="bbox 416 4550 2992 4638; baseline -0.002 -19"><span class='ocrx_word' id='word_1_387' title='bbox 416 4556 513 4621; x_wconf 88' lang='lat' dir='ltr'>los</span> <span class='ocrx_word' id='word_1_388' title='bbox 572 4555 879 4636; x_wconf 88' lang='lat' dir='ltr'>florebat,</span> <span class='ocrx_word' id='word_1_389' title='bbox 939 4554 1199 4620; x_wconf 84' lang='lat' dir='ltr'>exculto</span> <span class='ocrx_word' id='word_1_390' title='bbox 1256 4577 1385 4619; x_wconf 90' lang='lat' dir='ltr'>non</span> <span class='ocrx_word' id='word_1_391' title='bbox 1440 4552 1783 4637; x_wconf 90' lang='lat' dir='ltr'>indignum</span> <span class='ocrx_word' id='word_1_392' title='bbox 1840 4574 1980 4616; x_wconf 89' lang='lat' dir='ltr'>esse</span> <span class='ocrx_word' id='word_1_393' title='bbox 2035 4550 2317 4615; x_wconf 87' lang='lat' dir='ltr'>videtur.</span> <span class='ocrx_word' id='word_1_394' title='bbox 2417 4575 2546 4638; x_wconf 90' lang='lat' dir='ltr'>qua</span> <span class='ocrx_word' id='word_1_395' title='bbox 2602 4552 2992 4617; x_wconf 87' lang='lat' dir='ltr'>auctoritate</span> 
     </span>
     <span class='ocr_line' id='line_1_43' title="bbox 417 4652 2991 4735; baseline -0.002 -15"><span class='ocrx_word' id='word_1_396' title='bbox 417 4666 631 4720; x_wconf 86' lang='lat' dir='ltr'>autem</span> <span class='ocrx_word' id='word_1_397' title='bbox 699 4656 1051 4721; x_wconf 86' lang='lat' dir='ltr'>Siehardus</span> <span class='ocrx_word' id='word_1_398' title='bbox 1117 4657 1190 4719; x_wconf 92' lang='lat' dir='ltr'>P.</span> <span class='ocrx_word' id='word_1_399' title='bbox 1240 4654 1662 4720; x_wconf 87' lang='lat' dir='ltr'>Consentium</span> <span class='ocrx_word' id='word_1_400' title='bbox 1728 4653 2090 4718; x_wconf 89' lang='lat' dir='ltr'>Romanum</span> <span class='ocrx_word' id='word_1_401' title='bbox 2158 4652 2402 4716; x_wconf 80' lang='lat' dir='ltr'>dixerit</span> <span class='ocrx_word' id='word_1_402' title='bbox 2473 4652 2991 4735; x_wconf 87' lang='lat' dir='ltr'>grammaticum,</span> 
     </span>
     <span class='ocr_line' id='line_1_44' title="bbox 417 4752 2991 4843; baseline -0.002 -23"><span class='ocrx_word' id='word_1_403' title='bbox 417 4757 574 4820; x_wconf 89' lang='lat' dir='ltr'>mibi</span> <span class='ocrx_word' id='word_1_404' title='bbox 620 4779 744 4821; x_wconf 90' lang='lat' dir='ltr'>non</span> <span class='ocrx_word' id='word_1_405' title='bbox 794 4766 1073 4821; x_wconf 83' lang='lat' dir='ltr'>constat:</span> <span class='ocrx_word' id='word_1_406' title='bbox 1160 4778 1367 4843; x_wconf 90' lang='lat' dir='ltr'>neque</span> <span class='ocrx_word' id='word_1_407' title='bbox 1413 4753 1560 4841; x_wconf 88' lang='lat' dir='ltr'>plus</span> <span class='ocrx_word' id='word_1_408' title='bbox 1605 4753 2025 4819; x_wconf 89' lang='lat' dir='ltr'>tribuendum</span> <span class='ocrx_word' id='word_1_409' title='bbox 2072 4762 2171 4817; x_wconf 88' lang='lat' dir='ltr'>est</span> <span class='ocrx_word' id='word_1_410' title='bbox 2226 4752 2305 4816; x_wconf 92' lang='lat' dir='ltr'>iis</span> <span class='ocrx_word' id='word_1_411' title='bbox 2352 4774 2519 4838; x_wconf 87' lang='lat' dir='ltr'>quae</span> <span class='ocrx_word' id='word_1_412' title='bbox 2563 4752 2630 4813; x_wconf 89' lang='lat' dir='ltr'>in</span> <span class='ocrx_word' id='word_1_413' title='bbox 2674 4752 2991 4817; x_wconf 89' lang='lat' dir='ltr'>Bernensi</span> 
     </span>
    </p>
   </div>
  </div>
 </body>
</html>
