3541 5564
598 306 725 372 232
1740 300 2044 363 POMPEI!

652 429 695 470 p.
722 416 900 458 306-Οὸ
929 414 969 454 t..

601 498 729 558 infit
780 497 1022 575 inquam
1081 511 1301 574 quaeso
1356 494 1476 562 aio,
1537 492 1733 552 omnia
1790 492 1895 551 ista
1954 487 2153 550 verba.
2186 508 2307 550 non
2362 488 2585 551 babent
2640 500 2863 552 rectum
2913 488 3179 550 ordinem

602 598 1029 659 declinationis,
1122 596 1262 675 quid
1310 613 1451 673 ergo
1500 593 1819 654 faciemus?
1865 594 2139 672 quoniam
2189 612 2295 652 nos
2341 612 2439 653 ars
2485 594 2708 663 deficit,
2756 591 3042 653 debemus
3089 611 3177 652 re-

603 721 845 763 currere
912 700 983 760 ad
1040 701 1469 760 auctoritatem.
1563 697 1833 757 novimus
1899 698 2054 756 enim
2132 714 2469 756 sermonem
2536 694 2781 756 latinum
2847 695 2939 755 bis
3005 694 3183 755 rebus

603 804 926 871 contineri,
974 820 1083 862 usu
1129 810 1256 862 arte
1301 800 1669 861 auctoritate.
1763 817 1873 858 usu
1921 816 2041 858 non
2085 797 2447 868 invenimuS,
2506 801 2786 878 quoniam
2832 797 3182 857 desectimm

605 905 850 967 verbum
899 913 1014 972 est,
1077 912 1134 964 et
1189 902 1346 984 quod
1402 901 1598 961 delicit
1644 919 1815 960 usum
1861 919 1980 960 non
2025 900 2230 960 habet:
2278 919 2385 980 per
2429 918 2601 961 usum
2649 902 2805 961 enim
2854 899 3077 969 deficit,
3137 901 3233 960 si5

607 1016 697 1069 est
739 1008 1114 1068 defectivum.
1205 1004 1294 1064 vel
1352 1004 1425 1064 ad
1483 1011 1672 1064 artem
1728 1002 2012 1063 debemus
2070 1004 2419 1064 recurrere?
2488 1005 2551 1063 in
2596 1004 2724 1083 ipsa
2769 1010 2893 1063 arte
2941 1001 3186 1080 legimus

605 1112 760 1171 ‘non
805 1116 944 1170 sunt
986 1107 1288 1188 perfectae
1333 1106 1798 1167 declinationis’.
1891 1124 2032 1184 ergo
2090 1106 2138 1165 si
2197 1113 2254 1164 et
2312 1124 2449 1165 usus
2494 1124 2612 1166 non
2661 1112 2778 1175 est,
2828 1113 2885 1165 et
2930 1122 3025 1164 ars
3070 1122 3184 1164 non

606 1214 931 1281 invenitur,
989 1210 1062 1272 ad
1122 1228 1188 1269 ea
1236 1204 1343 1269 iios
1388 1208 1745 1277 reseratum,
1806 1216 1870 1267 ut
1913 1226 1981 1267 ca
2029 1215 2255 1268 tantum
2303 1208 2593 1277 dicamuS,
2641 1225 2789 1285 quae
2835 1206 2986 1267 lecta
3032 1215 3184 1267 sunt.

608 1324 749 1395 puta
794 1316 946 1374 infit:
1008 1311 1200 1390 legisti
1255 1312 1330 1372 de
1392 1310 1502 1370 boc
1560 1309 1740 1370 verbo
1801 1316 1919 1370 tres
1974 1308 2064 1370 vel
2122 1317 2397 1388 quattuor
2441 1329 2757 1390 personas,
2816 1310 2962 1371 haec
3009 1308 3129 1369 sola
3177 1309 3183 1389 Ι

608 1416 911 1484 invenisti,
961 1413 1053 1474 his
1099 1413 1237 1474 solis
1283 1420 1477 1481 utere;
1527 1431 1646 1472 non
1692 1411 1877 1473 debes
1923 1413 1995 1473 ad
2043 1411 2495 1473 similitudinem
2541 1412 2858 1473 declinare.
2922 1431 2998 1472 ne
3029 1412 3187 1471 dicas
3211 1435 3257 1473 10

611 1518 754 1580 mihi
801 1518 939 1577 intio
984 1517 1118 1577 inlis
1164 1514 1437 1576 infiebam
1484 1515 1784 1583 infieram,
1846 1533 2019 1593 quem
2068 1514 2137 1574 ad
2184 1514 2425 1576 modum
2472 1522 2614 1595 puta
2658 1515 2831 1576 audio
2877 1514 3045 1574 audis
3089 1532 3188 1574 au-

611 1620 844 1681 diebam
892 1619 1215 1679 audieram.
1304 1620 1366 1678 in
1410 1619 1537 1676 istis
1581 1616 1887 1677 defectivis
1935 1616 2127 1679 verbis
2173 1636 2293 1677 nou
2347 1636 2663 1697 possumus
2705 1636 2816 1697 per
2859 1614 3189 1708 similitudi-

612 1742 749 1783 nem
801 1740 1007 1781 novam
1065 1737 1403 1800 conponere
1464 1718 1946 1789 declinationem,
2008 1719 2109 1779 sed
2158 1721 2376 1811 utimur
2424 1727 2647 1781 tantum
2695 1718 2871 1780 modo
2917 1721 3192 1800 personis

612 1825 893 1903 repertiS‚
965 1842 1107 1902 quas
1163 1823 1492 1883 invenimus
1547 1823 1607 1882 in
1675 1822 2042 1882 auctoritate.
2135 1841 2276 1901 ergo
2332 1823 2460 1883 infit
2514 1824 2753 1900 inquam
2802 1840 3022 1901 quaeso
3079 1824 3189 1891 aio,

614 1928 811 1986 onmia
857 1928 967 1986 ista
1014 1925 1300 1985 defectiva
1349 1933 1483 1984 sunt
1530 1934 1589 1984 et
1633 1943 1750 1984 non
1797 1931 2047 2004 possunt
2093 1926 2205 1985 rite
2252 1924 2557 1986 declinari.
3217 1946 3265 1986 15

377 2050 496 2108 437,
524 2050 588 2097 23
785 2028 990 2089 Omnis
1048 2029 1236 2107 prima
1292 2045 1545 2105 persona
1593 2028 1654 2086 in
1699 2026 1880 2086 verbo
1927 2028 2271 2105 corripitur:
2319 2027 2484 2106 lego,
2531 2046 2607 2105 go
2655 2027 2849 2087 brevis
2896 2034 3001 2087 est.
3092 2046 3194 2088 ne-

613 2150 779 2191 cesse
846 2130 1053 2191 habuit
1121 2118 1380 2189 Donatus
1445 2128 1586 2189 dare
1654 2132 1823 2190 istam
1899 2129 2163 2208 regulam
2230 2138 2476 2209 propter
2532 2148 2806 2208 graecam
2884 2131 3197 2191 rationem.

612 2251 824 2312 graeca
881 2235 1038 2292 enim
1095 2230 1272 2291 verba
1329 2233 1526 2291 omnia
1580 2234 1642 2292 in
1712 2232 1903 2310 prima
1970 2250 2225 2311 persona
2290 2232 2729 2312 producuntur,
2798 2233 2993 2292 ποιῶ.
3088 2232 3198 2292 hoc

616 2353 756 2412 ergo
803 2336 1036 2403 scitote,
1097 2335 1373 2412 quoniam
1420 2334 1609 2393 omnis
1654 2336 1844 2412 prima
1901 2353 2158 2412 persona
2202 2333 2551 2413 productam
2599 2354 2634 2394 o
2679 2333 2858 2395 habet
2901 2351 3195 2411 graecam.

615 2436 806 2496 Latini
852 2443 1049 2496 tamen
1105 2454 1348 2497 necesse
1405 2434 1742 2494 habuerunt
1799 2435 1872 2495 ab
1919 2436 2028 2495 hac
2084 2435 2290 2513 regula
2347 2434 2682 2506 discedere,
2732 2446 2791 2497 et
2835 2455 3012 2497 nemo
3058 2436 3272 2498 dicits)

614 2539 792 2599 latine
836 2537 1000 2616 lego,
1048 2535 1150 2597 sed
1198 2536 1356 2615 lego,
1406 2555 1580 2597 nemo
1627 2536 1768 2597 dicit
1812 2538 1970 2607 dics),
2020 2537 2123 2598 sed
2170 2539 2329 2609 dico,
2378 2537 2646 2599 similiter
2690 2537 2913 2609 scrib6;
2962 2546 3197 2600 natura-

615 2640 751 2701 liter
798 2639 992 2700 brevis
1039 2648 1145 2700 est.
1210 2657 1353 2717 ergo
1400 2639 1591 2700 omnis
1635 2641 1825 2719 prima
1871 2658 2123 2720 persona
2170 2638 2521 2701 naturaliter
2566 2640 2763 2701 brevis
2809 2650 2894 2702 est
2942 2643 3201 2722 exceptis

618 2741 1055 2832 monosyllabis,
1132 2737 1146 2820 Ι
1230 2740 1667 2824 monosyllabae
1725 2742 1881 2802 enim
1941 2750 2141 2822 partes
2207 2744 2493 2805 orationis
2557 2742 2990 2823 producuntur.
3082 2763 3200 2806 non

615 2864 928 2927 possumus
982 2844 1182 2905 dicere
1239 2844 1312 2904 do
1368 2844 1456 2905 sto
1514 2847 1590 2905 [ιό
1650 2844 1836 2926 [unde
1895 2851 2104 2905 ‘nare
2160 2865 2288 2925 per
2344 2853 2700 2906 aestatem
2746 2844 3200 2926 liquidam’];

620 2950 811 3009 omnis
855 2950 967 3008 ista
1013 2948 1201 3026 prima
1249 2965 1498 3025 persona
1544 2949 1605 3006 in
1660 2945 2082 3026 monosyllabis
2139 2947 2503 3027 producitur.
2595 2949 2682 3008 vis
2726 2951 2879 3010 scire
2923 2951 3278 3029 quoniamst

619 3053 769 3111 ratio
815 3039 1353 3129 monosyllabarum
1399 3049 1787 3128 producitur?
1836 3049 1985 3110 facio
2032 3056 2095 3108 ut
2141 3068 2257 3109 nou
2303 3051 2421 3109 sint
2452 3048 2890 3131 monosyllabae
2920 3071 3032 3131 per
3062 3071 3203 3113 con-

620 3154 1006 3232 positionem,
1067 3160 1124 3211 et
1177 3151 1432 3211 redeunt
1485 3150 1557 3211 ad
1615 3151 1774 3211 illam
1833 3161 2119 3212 naturam.
2212 3152 2285 3211 do
2340 3152 2629 3233 producta
2676 3161 2790 3227 est,
2841 3153 3025 3216 reddo‘
3069 3173 3203 3214 cor·

621 3262 785 3332 repta
831 3260 938 3312 est.
1000 3257 1088 3312 sto
1133 3253 1418 3332 producta
1467 3260 1581 3322 est,
1631 3253 1794 3314 adsto
1840 3255 2078 3322 consto,
2124 3256 2240 3314 iam
2286 3252 2419 3315 illae
2465 3257 2897 3335 corripiuntur,
2948 3265 3014 3318 ut
3056 3259 3208 3318 scias

621 3357 898 3436 quoniam
944 3364 1084 3415 tunc
1121 3361 1259 3414 sunt
1304 3354 1655 3434 productae,
1705 3356 1940 3435 quando
1971 3364 2108 3416 sunt
2135 3355 2605 3435 monosyllabae;
2655 3377 2789 3417 cum
2821 3367 3018 3419 autem
3067 3379 3203 3420 coe-

620 3459 818 3538 perint
875 3477 1001 3517 esse
1057 3455 1483 3536 polysyllabae,
1556 3459 1702 3518 fiunt
1759 3458 1985 3518 breves.
2080 3458 2191 3519 boc
2245 3467 2308 3519 tu
2365 3460 2519 3519 scire
2576 3460 2814 3538 quidem
2873 3459 3085 3531 debes,
3142 3468 3284 3523 utso

624 3559 872 3621 naturali
927 3560 1158 3619 ratione
1214 3557 1408 3619 brevis
1463 3561 1538 3620 sit
1592 3562 1783 3639 prima
1839 3578 2112 3639 persona.
2206 3570 2402 3621 tamen
2458 3569 2729 3622 auctores
2774 3563 3206 3642 produxerunt.

625 3672 682 3723 et
735 3680 924 3741 paene
969 3659 1264 3737 Vergilius
1318 3661 1468 3722 lianc
1526 3665 1814 3722 rationem
1871 3670 2108 3724 secutus
2165 3672 2256 3724 est
2300 3682 2605 3742 graecam,
2665 3673 2728 3725 ut
2772 3663 2981 3742 longas
3025 3675 3210 3745 ponat

625 3763 997 3842 frequenter,
1047 3768 1298 3822 ‘canto
1346 3782 1524 3842 quae
1571 3763 1849 3825 solitus
1894 3767 1957 3825 si
2002 3766 2359 3844 quando’:
2408 3772 2615 3836 canto,
2664 3776 2724 3827 to
2770 3766 2943 3846 longa
2990 3775 3080 3828 est
3125 3766 3210 3848 [et

623 3868 682 3927 in
728 3862 884 3946 aliis]
935 3867 1164 3944 posita.·.
1202 3872 1400 3926 tamen
1444 3868 1825 3927 inveniuntur
1872 3867 2049 3928 verba
2094 3867 2251 3947 apud
2296 3870 2486 3947 ipsum
2520 3868 2870 3947 Vergilium,
2921 3869 3023 3930 ubi
3069 3869 3205 3930 bre-

623 3970 707 4028 vis
754 3968 939 4036 sito,
999 3963 1008 4050 Ι
1071 3971 1293 4028 ‘nunc
1352 3970 1509 4028 scio
1568 3969 1738 4046 quid
1798 3972 1896 4030 sit
1950 3973 2206 4030 amor’.
2295 3988 2434 4031 ecce
2479 3968 2674 4030 brevis
2721 3978 2827 4031 est.
2920 3974 3286 4034 neotericia‘,

624 4077 817 4130 autem
864 4087 1097 4136 omnes,
1145 4070 1366 4130 Statius
1424 4078 1482 4131 et
1535 4072 1664 4141 alii,
1722 4074 1977 4132 maiores
2020 4079 2156 4131 sunt
2200 4073 2261 4132 in
2305 4072 2405 4133 illa
2448 4082 2616 4153 parte
2662 4091 2814 4152 quae
2859 4071 3052 4134 brevis
3099 4083 3205 4144 est,

627 4191 802 4253 quam
848 4171 908 4230 in
963 4170 1058 4231 illa
1116 4191 1265 4251 quae
1320 4171 1494 4250 longa
1543 4180 1659 4242 est,
1717 4183 1923 4234 contra
1972 4172 2312 4251 Vergilium.
2406 4177 2597 4236 omnis
2643 4194 2786 4254 ergo
2831 4195 2865 4236 o
2909 4178 2972 4236 in
3018 4179 3208 4255 prima

625 4292 883 4354 persona
928 4292 1164 4353 semper
1209 4276 1527 4353 corripitur
1573 4278 1833 4355 exceptis
1876 4275 2313 4357 monosyllabis,

629 4412 736 4419 ..0—

771 4464 794 4513 1
834 4463 916 4511 aio
957 4461 1036 4511 Cb
1072 4462 1200 4511 adeo
1233 4462 1342 4511 AB
1463 4463 1495 4512 2
1524 4464 1645 4525 quid
1681 4480 1804 4531 ergo
1837 4465 2078 4513 faciemus
2116 4465 2165 4514 A
2200 4465 2319 4528 quid
2352 4480 2474 4532 ergo
2515 4464 2760 4515 faciemus
2797 4465 2917 4528 quid
2959 4465 3207 4515 faciemus

629 4532 777 4584 CBa
951 4533 980 4580 7
1015 4548 1137 4596 ergo
1176 4542 1224 4581 et
1262 4532 1306 4582 si
1343 4548 1466 4583 usus
1501 4534 1550 4582 A
1726 4536 1784 4586 11
1829 4533 1964 4602 iulis]
2001 4535 2145 4583 infles
2185 4535 2347 4586 ABG
2482 4534 2652 4602 audis]
2694 4536 2869 4585 audies
2912 4535 3075 4586 ABG

631 4604 694 4653 14
734 4604 786 4652 in
835 4611 1040 4652 auctore
1075 4602 1240 4652 ABG
1415 4620 1602 4666 quaeso
1654 4606 1733 4655 aio
1780 4606 2148 4656 Lindemannus
2196 4619 2386 4669 quaeso
2435 4620 2564 4667 queo
2608 4607 2654 4655 B
2693 4621 2879 4670 quaeso
2922 4621 3088 4669 quaeo
3125 4607 3209 4656 Ca

628 4688 816 4736 quaeso
845 4689 974 4737 quae
1001 4673 1049 4721 A
1162 4673 1224 4722 18
1261 4689 1393 4723 nonu
1425 4676 1467 4724 C
1500 4691 1624 4725 sonu
1653 4676 1764 4724 AB
1870 4678 1935 4725 22
1970 4677 2140 4725 breuis
2168 4685 2243 4724 est
2271 4691 2395 4740 ergo
2418 4677 2531 4726 AB
2563 4677 2743 4725 breues
2777 4687 2895 4725 sunt
2931 4692 3057 4741 ergo
3084 4675 3207 4725 Cab

721 4746 785 4793 24
818 4739 957 4808 nare]
1002 4745 1158 4807 Vera.
1188 4759 1365 4808 year-9,
1398 4745 1484 4794 llll
1521 4747 1588 4796 59
1691 4762 1783 4812 per
1817 4755 2057 4795 aestatem
2082 4745 2215 4808 A(?)
2238 4745 2313 4795 Cb
2351 4761 2444 4810 per
2474 4755 2655 4796 statem
2686 4747 2736 4796 B
2770 4757 3111 4812 praestantem
3137 4747 3208 4794 a·

734 4812 802 4862 33
839 4811 1006 4880 canto]
1065 4815 1221 4879 Vera.
1263 4815 1424 4870 bucol.
1464 4816 1512 4876 2,
1546 4815 1610 4866 23
1754 4816 1820 4868 35
1859 4831 1991 4864 nunc
2025 4812 2153 4878 seio]
2206 4815 2364 4879 Very.
2402 4815 2561 4870 bucol.
2603 4818 2653 4881 8,
2691 4816 2759 4867 43
2884 4817 3127 4867 neuterici
3158 4817 3206 4864 Α
