3541 5564
568 332 692 396 466
1669 336 2036 399 EVTYCHIS

617 456 661 495 p.
691 444 777 484 ιω.
803 445 852 484 74
881 440 924 482 ι..
2738 458 2779 496 p.
2809 446 3011 485 2165-67
3040 443 3085 483 Ρ.

569 544 636 585 or
681 524 1039 592 desinentia,
1087 527 1136 585 si
1184 527 1411 604 passiva
1448 521 1473 606 ΙΙ
1511 546 1629 586 non
1674 528 1794 585 sint
1838 545 1947 587 nec
1993 528 2339 589 deriventur
2384 526 2457 586 ab
2503 528 2744 593 activis,
2795 534 2857 585 ut
2900 526 3135 587 illorum

569 635 891 706 sequantur
943 628 1415 704 coniugationes,
1473 629 1596 687 sive
1655 628 2009 708 deponentia
2068 632 2185 691 sint
2243 649 2348 689 seu
2405 631 2767 698 communia,
2819 628 3132 688 uniformis

570 729 665 789 illa
714 728 914 806 regula
960 730 1219 790 vindicat
1276 735 1340 790 ut
1396 730 1616 807 primae
1676 738 1902 791 tantum
1948 732 2120 792 modo
2151 734 2271 792 sint
2316 733 2441 811 ipsa
2487 749 2719 810 quoque
2769 732 3135 807 coniugatio-

568 834 661 893 uis
725 832 1199 892 observationem
1263 839 1465 892 secuta
1531 833 1898 910 generalem.
1962 836 2101 913 quia
2157 835 2439 914 pleraque
2496 842 2633 894 sunt
2700 851 2732 893 a
2797 831 3137 892 nominibus

567 934 860 1003 derivata,
913 941 975 993 ut
1018 953 1233 1013 precor
1278 933 1458 994 vador
1489 953 1668 1013 vagor
1713 936 2007 1013 suffragor
2055 934 2340 1015 [gratior]
2390 938 2666 1013 negotior
2710 934 2964 995 auxilior
3008 936 3134 1013 opi·
3163 945 3191 983 5

571 1036 724 1096 tulor
769 1037 1039 1114 gratulor
1083 1055 1352 1097 racemor
1397 1038 1582 1097 rimor
1624 1040 1980 1116 peregrinor
2011 1038 2223 1115 dignor
2267 1057 2529 1117 aucupor
2575 1056 2761 1117 aquor
2805 1040 2992 1098 miror
3036 1036 3135 1096 ad-

570 1157 777 1198 versor
820 1146 1008 1198 testor
1063 1142 1340 1199 convivor
1395 1142 1559 1199 rixor
1625 1149 1683 1200 et
1728 1141 1978 1200 similia:
2037 1142 2300 1219 exeeptis
2345 1143 2581 1220 paucis,
2640 1158 2787 1219 quae
2834 1146 2972 1199 sunt
3016 1146 3135 1198 ter-

570 1241 681 1300 tiae
729 1248 1069 1320 correptae,
1121 1249 1183 1301 ut
1227 1241 1394 1301 labor
1440 1244 1652 1319 fungor
1696 1261 1913 1321 sequor
1960 1243 2154 1322 liquor
2199 1243 2407 1321 loquor
2437 1260 2655 1321 queror
2698 1250 2965 1302 revertor
3005 1249 3139 1302 utor

570 1344 754 1411 nitor,
803 1350 862 1402 et
904 1362 1055 1422 quae
1101 1343 1174 1405 ab
1221 1343 1311 1403 his
1357 1344 1609 1421 singulis
1652 1352 2114 1424 componuntur,
2162 1363 2311 1424 quae
2359 1345 2493 1405 ideo
2538 1351 2781 1424 excepta
2828 1346 2956 1404 inre
3002 1351 3139 1404 sunt

571 1446 784 1505 tertiae
842 1446 1276 1523 coniugationis
1330 1445 1677 1516 verborum,
1736 1448 1872 1527 quia
1931 1446 2150 1508 nullam
2205 1446 2481 1529 videntur
2536 1448 2787 1523 originis
2831 1448 3136 1507 nominum
3167 1458 3218 1495 10

567 1548 939 1607 occasionem
999 1557 1328 1608 monstrare
1390 1546 1697 1628 (idemque
1741 1549 1854 1608 hoc
1901 1551 2076 1610 etiam
2125 1552 2185 1608 in
2232 1551 2506 1628 superius
2552 1548 2784 1617 relatiS,
2833 1548 2892 1608 id
2940 1556 3031 1608 est
3074 1550 3137 1608 iu

570 1652 658 1709 ior
704 1650 795 1708 vel
842 1652 901 1709 in
950 1659 1056 1710 u'or
1101 1650 1513 1711 desinentibus
1543 1651 1765 1720 verbiS,
1815 1651 2120 1712 observari
2167 1658 2391 1731 potest,
2439 1650 2595 1730 quod
2642 1651 2712 1711 ad
2759 1651 2993 1711 tertiam
3040 1650 3137 1711 illa

571 1752 870 1831 pertinent
927 1753 1428 1829 coniugationem‚
1488 1772 1638 1832 quae
1694 1755 1863 1833 quasi
1920 1756 2219 1833 primitiva
2274 1755 2580 1814 nominum
2627 1761 2832 1813 carent
2876 1772 3136 1813 commu-

571 1856 773 1923 uione,
823 1863 885 1915 ut
929 1854 1169 1932 gradior
1213 1856 1435 1915 morior
1483 1858 1671 1934 patior
1715 1858 1877 1916 orior
1908 1858 2099 1936 potior
2143 1858 2311 1916 sruor
2341 1856 2534 1935 liquor
2565 1874 2780 1934 sequor
2813 1875 3135 1935 exsequor;

568 1976 597 2016 a
660 1956 1000 2017 nominibus
1054 1958 1315 2017 derivata
1372 1962 1391 2020 i
1448 1958 1687 2036 quidem
1742 1958 2163 2036 paenultimam
2222 1976 2430 2037 puram
2488 1957 2847 2017 habentibus
2906 1960 3135 2037 primae
3167 1968 3217 2007 15

567 2070 734 2130 sunt,
782 2060 892 2119 hoc
937 2067 1133 2119 autem
1177 2061 1404 2138 privata
1449 2068 1692 2139 quartae
1738 2062 2138 2139 coniugationi
2172 2061 2510 2121 necessario
2555 2060 2933 2139 deputantur,
2981 2060 3138 2138 quod

567 2170 626 2221 et
670 2165 731 2222 in
777 2165 834 2222 io
879 2160 1286 2223 desinentibus
1330 2162 1560 2231 verbis,
1607 2162 1667 2222 id
1714 2169 1806 2223 est
1849 2164 2051 2223 activis
2082 2163 2171 2223 vel
2216 2162 2609 2231 neutralibus,
2658 2164 2789 2223 lieri
2835 2162 3136 2241 praedixi-

569 2283 727 2332 muS,
773 2266 978 2343 paucis
1023 2264 1141 2325 illis
1186 2266 1463 2343 superius
1509 2266 1727 2325 notatis
1772 2265 1843 2326 ad
1888 2267 2126 2326 tertiam
2172 2264 2559 2326 redeuntibus
2603 2262 2976 2344 primitivis):
3037 2283 3137 2322 ex-

566 2368 756 2445 ceptis
802 2369 980 2427 etiam
1025 2369 1085 2427 in
1133 2385 1235 2425 cor
1290 2366 1699 2428 desinentibus
1754 2367 2168 2428 communibus
2214 2368 2303 2428 vel
2349 2366 2782 2446 deponentibus
2828 2385 2892 2426 as
2937 2366 3024 2425 vel
3073 2384 3138 2425 es

570 2469 653 2528 vel
687 2471 738 2527 is
770 2476 903 2529 ante
949 2488 1053 2529 cor
1097 2468 1482 2539 habentibuS,
1530 2488 1708 2549 quae,
1742 2473 1866 2529 sive
1910 2471 2207 2548 primitiva
2251 2471 2368 2529 sint
2411 2488 2517 2530 seu
2563 2469 2904 2537 derivativa,
2953 2468 3219 2527 soliuszo

569 2574 778 2631 tertiae
825 2580 990 2640 sunt,
1048 2580 1115 2632 ut
1173 2591 1384 2632 nascor
1438 2575 1665 2631 irascor
1709 2590 1916 2632 vescor
1959 2573 2214 2632 ulciscor
2258 2574 2568 2632 nanciscor
2613 2573 2881 2650 paciscor
2927 2589 3138 2649 exper-

566 2676 763 2750 giscor
819 2676 1232 2734 comminiscor
1289 2674 1589 2754 adipiscor
1644 2674 1737 2733 vel
1796 2677 2034 2753 antique
2100 2676 2332 2753 apiscor
2396 2673 2741 2741 obliviscor;
2806 2674 3136 2751 meritoque

568 2776 710 2838 baec
776 2796 1009 2857 quoque
1078 2775 1288 2847 verba,
1358 2778 1495 2837 licet
1551 2776 1835 2856 quaedam
1894 2796 1964 2837 ex
2022 2776 2115 2836 his
2173 2776 2435 2837 derivata
2493 2784 2630 2837 sunt
2685 2796 2717 2836 a
2777 2774 3137 2840 nominibus.

569 2881 810 2938 tertiam
858 2880 1335 2956 coniugationem
1385 2898 1497 2940 non
1544 2877 1931 2956 ellingerum,
1988 2897 2137 2957 quae
2186 2898 2359 2939 uuam
2404 2880 2462 2939 in
2510 2898 2610 2938 sco
2657 2879 3136 2938 terminationem

569 2988 685 3040 tam
745 2983 805 3040 iu
863 2980 1233 3050 derivativiS,
1291 3001 1441 3061 quae
1502 2984 1725 3043 formae
1782 2989 1919 3042 sunt
1976 2981 2373 3050 inchoativae,
2420 3000 2595 3060 quam
2642 2981 2700 3040 in
2735 2978 2751 3062 ΙΙ
2798 2982 3219 3060 primitivis,2⁵

566 3101 716 3161 quae
762 3085 988 3143 formae
1033 3091 1173 3142 suut
1216 3086 1545 3161 perfectae,
1605 3084 1724 3144 sola
1773 3084 2054 3163 possidet.
2143 3083 2443 3163 semelque
2489 3083 2599 3142 boc
2643 3082 3005 3159 generaliter
3049 3090 3137 3141 est

566 3184 1031 3254 observandum,
1091 3185 1244 3265 quod
1302 3189 1362 3246 in
1421 3189 1479 3246 io
1533 3205 1638 3245 seu
1695 3188 1756 3246 in
1814 3188 1906 3245 ior
1962 3186 2296 3245 desinentia
2354 3185 2533 3244 verba
2595 3185 2682 3244 vel
2728 3187 2954 3264 primae
3002 3192 3141 3244 sunt

569 3294 794 3347 tantum
839 3287 1190 3356 derivativa,
1239 3288 1326 3348 vel
1373 3295 1618 3367 quartae
1664 3296 1782 3348 tam
1828 3288 2120 3367 primitiva
2167 3305 2339 3366 quam
2388 3287 2735 3356 derivativa,
2784 3286 2884 3345 sed
2932 3284 3138 3345 obser·

567 3392 799 3449 vatione
853 3391 1081 3465 primae
1138 3391 1575 3468 coniugationis
1630 3392 1925 3460 carentia;
1982 3395 2401 3450 consonantem
2459 3407 2598 3447 vero
2655 3395 2788 3448 ante
2846 3409 2879 3446 o
2938 3389 3023 3447 vel
3071 3407 3141 3447 or

566 3491 842 3553 habentia
898 3491 1077 3553 verba
1133 3495 1324 3572 prima
1379 3493 1619 3573 quidem
1676 3493 2044 3570 coniugatio,
2091 3493 2358 3570 quamvis
2403 3492 2751 3570 plerumque
2797 3489 3135 3558 derivativa,
3165 3497 3219 3535 ³⁰

565 3603 761 3654 tamen
808 3593 988 3654 habet
1031 3596 1331 3655 interdum
1378 3601 1436 3654 et
1483 3596 1800 3674 primitiva.
1891 3596 2065 3654 tertia
2110 3612 2263 3652 ¹vero
2318 3591 2540 3672 absque
2597 3595 2659 3652 in
2717 3611 2815 3650 sco
2861 3591 3138 3651 desinen-

569 3695 730 3756 tibus
773 3696 1128 3757 inchoativis
1183 3705 1241 3757 et
1297 3696 1713 3758 communibus
1772 3697 1862 3756 vel
1922 3691 2359 3775 deponentibus
2418 3696 2479 3753 in
2525 3713 2658 3753 scor
2704 3692 3135 3762 desinentibus

566 3800 627 3859 in
672 3797 891 3877 quibus
936 3798 1076 3859 solis
1120 3798 1642 3859 terminationibus
1672 3798 1855 3859 habet
1887 3797 2241 3865 derivativa,
2288 3798 2350 3855 in
2397 3796 2672 3856 omuibus
2702 3795 2950 3873 reliquis
2994 3797 3137 3856 lina-

565 3901 829 3962 litatibus
873 3919 990 3961 non
1036 3901 1208 3962 facile
1255 3902 1595 3970 derivativa,
1644 3901 1749 3961 sed
1793 3902 2094 3980 primitiva
2141 3907 2369 3960 tantum
2418 3898 2597 3960 verba
2644 3898 2862 3959 babere
2907 3900 3138 3977 reperi-

1065 4091 1168 4099 ——-.

703 4194 734 4242 5
772 4201 824 4241 ut
868 4208 1044 4258 precor
1080 4206 1254 4257 preces
1291 4191 1451 4240 uador
1490 4205 1578 4239 uas
1617 4204 1782 4256 nagor
1833 4191 2089 4257 suffragor
2121 4187 2351 4255 gratulor
2384 4188 2615 4252 negotior
2652 4187 2909 4252 negotium
2948 4187 3143 4252 gratior

563 4265 725 4326 gratia·
761 4263 980 4314 auxilior
1018 4262 1262 4310 auxilium
1296 4259 1517 4325 opitulor
1555 4276 1785 4309 racemor
1822 4263 1870 4310 P
2006 4262 2196 4326 gratior
2226 4274 2360 4311 corr.
2401 4258 2627 4323 gratulor
2665 4256 2713 4305 B
2746 4267 2921 4322 grator
2948 4258 2984 4318 f*
3020 4273 3139 4322 gra-

564 4334 697 4384 tulor
735 4343 756 4382 t
894 4334 928 4382 6
965 4332 1190 4398 gratulor
1227 4346 1455 4380 racemor
1488 4346 1579 4384 om.
1622 4330 1745 4387 Bel*
1863 4332 2159 4396 peregrinor
2190 4345 2355 4379 moror
2391 4329 2621 4392 dignere
2721 4341 2947 4390 aucupor
2981 4342 3141 4390 aqnor

529 4421 654 4457 „ona
699 4404 826 4466 Bes
957 4405 986 4452 7
1022 4411 1179 4450 testor
1214 4401 1455 4451 testificor
1481 4412 1530 4448 et
1566 4401 1751 4451 similia
1790 4401 1840 4450 B
1869 4402 2107 4449 testificor
2144 4411 2192 4449 et
2229 4400 2413 4448 similia
2444 4398 2506 4460 tf
2604 4396 2670 4446 10
2706 4397 2822 4457 quia
2860 4412 2957 4445 non
2987 4396 3138 4446 ullam

569 4475 612 4521 Ι)
755 4474 814 4523 Η
845 4487 1099 4534 exsequor
1136 4473 1426 4521 nominibus
1463 4471 1681 4521 diriuata
1719 4473 1768 4522 P
1802 4485 2054 4533 exsequor
2092 4486 2155 4519 ex
2195 4469 2483 4519 nominibus
2521 4477 2687 4515 autem
2725 4466 2944 4515 diriuata
2984 4474 3004 4515 e

568 4545 631 4594 15
670 4542 998 4609 penultimam
1036 4557 1212 4608 puram
1253 4541 1488 4591 babentia
1525 4542 1633 4590 BP
1659 4541 1987 4607 penultimam
2024 4540 2244 4590 nominis
2284 4554 2458 4605 puram
2497 4536 2735 4586 habentia
2766 4550 2799 4591 ς
2940 4539 3006 4587 22
3048 4536 3140 4583 ad-

565 4615 796 4680 aepiscor
834 4614 911 4662 uel
963 4615 1238 4675 (supera-cr.
1284 4612 1505 4674 antiqui)
1543 4611 1834 4676 itndepiscor
1862 4611 1911 4660 B
1962 4611 2217 4676 adipiscor
2262 4609 2397 4658 uelut
2444 4607 2632 4669 antiqui
2676 4605 2935 4670 apiscort
3072 4607 3141 4655 27

567 4684 646 4732 uel
684 4684 878 4747 primae
915 4684 1014 4732 sint
1050 4693 1242 4733 tantum
1280 4682 1493 4731 diriuata
1527 4683 1570 4731 P
1603 4681 1682 4730 uel
1716 4682 1907 4746 primae
1948 4691 2064 4730 sunt
2102 4696 2212 4728 cum
2252 4681 2353 4728 sint
2388 4686 2577 4727 tantum
2611 4675 2898 4724 deriuatiua
2927 4675 3005 4726 Be

565 4754 633 4803 30
670 4753 961 4819 coniugatio
999 4752 1124 4815 (sibi
1163 4752 1283 4804 add.
1323 4750 1365 4813 ι)
1405 4752 1639 4800 nendicat
1675 4752 1909 4812 quamuis
1940 4751 2025 4801 Bc
2139 4750 2205 4800 34
2243 4763 2342 4799 non
2374 4746 2522 4797 facile
2559 4745 2711 4795 habet
2739 4746 3010 4795 diriuatiua
3048 4746 3140 4795 sed

567 4823 824 4890 primitiua
856 4830 1049 4872 tautum
1087 4822 1240 4871 uerba
1272 4820 1458 4870 habere
1493 4820 1621 4871 uolet
1657 4821 1747 4870 sed
1787 4823 1834 4870 P
