3541 5564
561 339 685 402 316
1500 342 1775 403 IVLlANI
1822 342 2211 405 EXCERI'TA

560 527 968 613 antiquorum
1016 528 1405 615 scriptorum
1447 526 1623 592 locos
1636 577 1654 610 ,
1690 549 1850 613 quos
1894 526 2005 592 illc
2047 550 2179 593 non
2224 550 2308 592 ex
2352 528 2511 614 ipsis
2556 529 2818 616 quidem
2864 530 3136 595 auctori-

558 631 714 712 bus,
762 631 877 695 sed
922 653 1008 694 ex
1050 630 1493 715 grammaticis
1525 629 1762 715 quibus
1794 630 2099 694 utebatur
2127 630 2393 712 citavit,
2441 630 2570 695 duo
2601 630 2917 697 Varronis
2962 632 3135 719 frag-

558 743 779 799 menta
843 733 1092 820 posuit,
1164 755 1437 817 quorum
1502 731 1778 797 alterum
1843 731 1924 796 de
1987 731 2332 817 generibus
2389 755 2475 797 ex
2527 731 2713 798 libris
2770 733 2850 798 do
2915 734 3138 819 lingua

558 837 763 903 latina
805 837 1019 900 minus
1066 844 1368 899 accurate
1422 856 1463 898 a
1507 834 1770 920 reliquis
1815 835 2279 921 interpretibus
2325 834 2572 899 Donati
2625 836 2929 917 citatum,
2976 834 3138 901 alte·

558 961 701 1002 rum
745 960 829 1001 ex
874 936 1115 1001 saturis
1159 936 1524 1024 Menippeis
1568 936 1653 1000 ab
1697 936 1820 1000 hoc
1851 958 1989 1021 ,uno
2046 937 2413 1003 exhibitum
2456 946 2574 1002 est.
2665 936 2904 1002 deinde
2948 938 3015 1001 in
3059 962 3137 1003 ea

558 1049 779 1127 parte,
834 1061 1026 1125 quam
1089 1040 1353 1104 uberius
1397 1061 1590 1124 quam
1645 1036 1930 1125 reliquas
1976 1042 2314 1120 tractavit,
2372 1038 2453 1104 de
2494 1039 2772 1126 pedibus
2817 1040 3135 1126 quaedam

558 1142 848 1229 scripsit,
906 1164 1072 1227 quae
1130 1142 1215 1206 ab
1259 1141 1404 1205 aliis
1451 1140 1694 1205 tradita
1738 1163 1881 1205 esse
1924 1166 2058 1208 non
2111 1143 2363 1223 inveni,
2420 1163 2811 1228 quamquam
2856 1141 3137 1229 plurima

557 1269 641 1310 ex
697 1246 777 1309 iis
837 1244 1055 1330 potius
1111 1244 1316 1307 errori
1369 1244 1779 1327 grammatici
1836 1243 2185 1309 tribuenda
2238 1266 2432 1330 quam
2484 1266 2568 1308 ex
2621 1243 2889 1330 antiquo
2952 1242 3137 1309 fonte

555 1346 910 1433 repetenda
953 1367 1094 1409 esse
1139 1344 1433 1429 adparet.
1502 1344 1781 1431 denique
1824 1346 1869 1415 ii
1913 1346 2041 1411 loci
2085 1348 2153 1410 in
2198 1345 2435 1432 quibus
2479 1347 2769 1433 priorum
2814 1368 3137 1431 gramma·

558 1452 833 1515 ticorum
887 1448 1149 1511 nomina
1203 1446 1535 1533 adscripta
1587 1456 1736 1511 sunt
1787 1458 2055 1535 propter
2108 1448 2224 1513 hos
2282 1448 2460 1535 ipsos
2505 1446 2780 1513 alicuius
2827 1449 3136 1513 momenti

557 1574 700 1617 esse
743 1551 872 1615 visi
918 1558 1088 1617 sunt.
1179 1548 1355 1612 haec·
1391 1550 1593 1634 igitur
1635 1559 1700 1614 et
1744 1559 2081 1635 praeterea
2124 1572 2333 1636 pauca
2386 1550 2740 1637 quaedam,
2797 1573 2963 1637 quae
3008 1573 3136 1614 me·

557 1654 764 1719 moria
834 1674 965 1718 non
1030 1651 1301 1736 indigna
1364 1662 1583 1734 erant,
1651 1674 1735 1718 ex
1763 1738 1768 1747 Ι
1801 1652 2108 1717 universo
2174 1674 2371 1739 opere
2442 1661 2756 1739 excerpta
2826 1651 3135 1717 exhibere

555 1756 822 1844 placuit.

724 1858 943 1922 Finita
969 1857 1099 1921 iam
1121 1878 1323 1943 prope
1354 1857 1634 1921 editione
1665 1865 1730 1921 et
1758 1857 1934 1943 typis
1959 1878 2272 1941 expressa
2301 1866 2551 1944 partem
2588 1856 2738 1921 libri
2762 1878 2891 1920 non
2912 1856 3133 1921 addito

555 1960 809 2024 nomine
865 1959 1146 2024 auctoris
1194 1960 1499 2044 scriptam
1554 1980 1695 2023 esse
1739 1959 1877 2023 vidi
1930 1960 1996 2024 in
2054 1958 2276 2023 codice
2319 1960 2633 2024 Bernensi
2684 1959 2803 2024 123
2848 1981 3018 2023 saec.
3063 1958 3133 2023 X

555 2064 603 2127 f.
640 2063 755 2126 117
804 2066 1012 2125 Partes
1055 2067 1338 2125 orationis
1380 2073 1518 2139 quot
1556 2061 1734 2125 sunt?
1778 2072 1904 2124 octo
1939 2099 2006 2108 —
2045 2061 2090 2125 f.
2128 2061 2296 2125 123*
2341 2066 2421 2125 da
2466 2072 2717 2125 accentu
2759 2068 2939 2125 tercie
2980 2083 3134 2125 con-

556 2171 872 2244 iuqatz‘onis
921 2176 1191 2243 correpte
1234 2170 1375 2243 quia
1420 2170 1756 2243 inperative
1800 2169 1971 2227 modo
2014 2170 2075 2225 in
2119 2185 2153 2226 e
2195 2173 2458 2227 mutatur
2500 2173 2557 2227 et
2592 2166 2755 2239 facit
2789 2167 3137 2240 seruescere

555 2274 696 2332 inde
750 2288 1012 2345 aquusco
1065 2272 1207 2345 quia
1263 2272 1449 2331 tercia
1501 2276 1781 2345 correpta
1804 2294 1812 2303 ·
1835 2276 1923 2329 est
1974 2275 2031 2328 et
2084 2271 2375 2342 infiniliuo
2429 2284 2524 2328 mo
2574 2276 2713 2328 ante
2760 2287 2840 2345 pe
2899 2266 2929 2351 Ι.
3018 2266 3134 2330 sed

555 2372 942 2456 scripturam
986 2368 1227 2433 codicis
1239 2416 1257 2449 ,
1303 2391 1510 2455 quam·
1541 2370 1608 2432 in
1653 2368 1733 2431 iis
1764 2389 1931 2454 quae
1977 2390 2059 2432 ex
2104 2367 2224 2433 hac
2268 2378 2455 2455 parte
2500 2368 2674 2433 edidi
2719 2391 2821 2432 me
2866 2356 3133 2453 rogante

555 2495 806 2537 mecum
851 2471 1354 2535 communicavit
1397 2471 1813 2535 Hermannus
1859 2470 2205 2554 Hagenus,
2262 2480 2394 2536 tam
2440 2479 2811 2557 corruptam
2858 2493 3000 2534 esse
3045 2469 3137 2532 in-

555 2573 810 2654 tellexi,
872 2582 947 2637 ut
999 2594 1209 2656 pauca
1261 2594 1427 2659 quae
1472 2572 1622 2637 inde
1667 2571 2109 2658 expromenda
2152 2594 2289 2637 esse
2334 2571 2712 2639 viderentur
2753 2574 3131 2653 invenirem,

554 2697 722 2761 quae
768 2678 826 2737 B
869 2674 1086 2738 littera
1129 2674 1515 2759 significavi.

723 2774 1074 2864 Excerptis
1130 2775 1371 2841 Iuliani
1423 2800 1667 2862 pauca,
1724 2800 1890 2864 quae
1946 2799 2030 2841 ex
2074 2775 2221 2841 aliis
2269 2777 2755 2843 commentariis
2800 2777 2865 2842 in
2910 2778 3131 2844 Dona-

554 2890 691 2946 tum
739 2880 1067 2966 descripta
1109 2879 1455 2962 habebam,
1503 2881 1776 2962 subieci,
1822 2879 1903 2943 de
1948 2878 2185 2964 quibus
2232 2902 2350 2945 suo
2397 2878 2537 2944 loco
2584 2880 2967 2945 adnotatum
3012 2891 3132 2946 est.

559 3004 953 3069 quamquam
1000 2993 1217 3047 autem
1263 2980 1457 3046 facile
1503 2982 1730 3067 augeri
1776 2981 2008 3046 horum
2052 2991 2507 3068 excerptorum
2550 3005 2856 3048 numerus
2903 2982 3136 3068 potuit,

554 3093 768 3147 tamen
828 3084 1016 3170 plura
1072 3106 1154 3148 ex
1203 3083 1348 3149 istis
1403 3085 1887 3149 commentariis
1947 3083 2171 3148 infima
2236 3094 2447 3149 aetate
2514 3085 2774 3172 scriptis
2833 3084 3137 3149 exhibere

554 3208 788 3272 parum
834 3185 1139 3251 utilitatis
1184 3186 1428 3251 habere
1474 3187 1688 3251 visum
1735 3198 1857 3252 est.
1944 3209 2096 3251 nam
2142 3187 2358 3273 siquid
2404 3186 2471 3249 in
2516 3186 2645 3250 illis
2690 3197 2951 3274 praeter
2995 3186 3134 3252 vul-

554 3310 776 3372 garem
848 3288 1322 3375 expositionem
1389 3288 1764 3373 regularum
1829 3289 2075 3354 Donati
2142 3289 2247 3354 vel
2320 3289 2674 3353 recentium
2749 3290 3167 3377 scriptorum·

554 3387 854 3475 exempla
898 3413 981 3454 ex
1026 3390 1461 3476 antiquiorum
1504 3392 2077 3475 grammaticorum
2109 3391 2405 3457 doctrina
2435 3401 2767 3479 receptum
2813 3400 2934 3472 est,
2980 3391 3137 3455 haec

555 3493 771 3557 omnia
823 3491 961 3555 fere
1018 3515 1103 3556 ex
1156 3493 1235 3556 iis
1294 3492 1477 3557 libris
1523 3493 1633 3578 qui
1696 3516 1868 3558 nunc
1925 3494 2122 3558 etiam
2179 3503 2435 3574 extant,
2494 3494 2778 3558 maxime
2834 3516 2919 3558 ex
2963 3516 3135 3559 com-

554 3602 766 3658 mento
823 3591 1114 3680 Pompeii
1172 3594 1521 3679 diligenter
1578 3595 1661 3660 ab
1722 3596 1804 3659 iis
1860 3596 1972 3681 qui
2028 3605 2363 3687 post4eum
2422 3597 2490 3660 in
2534 3596 2781 3661 Donati
2827 3604 2964 3660 arte
3022 3618 3133 3659 ex-

553 3696 855 3784 ponenda
898 3697 1146 3762 versati
1191 3706 1344 3762 sunt
1388 3705 1694 3779 tractatO,
1740 3698 1946 3783 petita
1990 3720 2134 3762 esse
2178 3697 2421 3763 inveni.
