3541 5564
601 310 727 374 224
1736 313 2039 377 POMPEI!

651 419 971 475 p.28·1—89L.

603 502 785 570 citur;
833 503 1002 562 tertia
1049 501 1109 560 in
1155 502 1342 562 activo
1388 502 1406 561 i
1451 499 1633 562 habet
1674 510 2029 583 correptam,
2075 505 2138 564 in
2184 505 2414 585 passivo
2457 523 2577 566 non
2621 504 2798 568 habet
2853 508 2873 567 i
2916 505 3176 570 litteram

601 612 956 684 correptam,
1003 603 1105 666 sed
1151 622 1261 684 pro
1305 604 1327 663 i
1371 622 1421 665 e.
1513 603 1651 665 hinc
1705 613 1951 685 apparet
2000 608 2275 687 quoniam
2320 616 2595 688 correpta
2641 615 2749 670 est.
2837 617 2978 689 puta
3045 609 3177 688 lego

601 704 772 785 legis:
821 706 1012 787 qualis
1055 708 1130 767 sit
1172 708 1279 768 ista
1327 705 1520 768 littera
1565 726 1684 769 non
1727 706 2036 787 intellego,
2094 711 2189 770 l‘ac
2244 712 2540 791 passivum
2598 710 2763 790 legor
2805 711 3040 790 legeris.
3128 712 3179 771 si

600 817 892 870 servasset
933 810 1120 888 ipsam
1167 809 1441 879 litteram,
1491 817 1617 872 erat
1659 809 1970 890 producta.
2040 831 2159 873 non
2205 820 2402 874 autem
2447 815 2717 884 servavit,
2763 813 2869 876 sed
2914 815 3174 883 mutavit,

602 911 761 972 unde
807 919 1051 991 apparet
1093 913 1226 990 quia
1272 916 1542 992 correpta
1576 918 1679 973 est.
1743 931 2061 993 numquam
2094 922 2291 995 potest
2333 924 2581 987 mutare,
2631 918 2744 978 nisi
2777 916 3013 996 quando
3044 933 3176 976 cor-
3202 939 3229 977 5

602 1014 843 1094 ripitur,
902 1020 966 1074 ut
1021 1013 1152 1092 lego
1206 1014 1382 1093 legiS,
1443 1014 1608 1094 legor
1632 1013 1883 1094 degeris.
1975 1016 2259 1097 numquid
2312 1025 2411 1079 aut
2462 1018 2767 1102 produxit,
2837 1038 2956 1099 quo
3003 1017 3178 1079 modo

601 1115 848 1177 dicimus
892 1115 1407 1187 doceordoceriS,
1454 1124 1555 1178 aut
1597 1119 1866 1188 servavit,
1922 1137 2039 1198 quo
2087 1119 2264 1180 modo
2310 1119 2559 1181 dicimus
2613 1122 2848 1182 nutrior
2890 1121 3180 1182 nutriris?

604 1236 746 1297 ergo
802 1220 851 1278 si
908 1227 1183 1298 correpta
1227 1220 1436 1288 fuerit,
1495 1221 1555 1281 in
1616 1238 1648 1280 e
1692 1227 1908 1290 mutat;
1966 1223 2017 1282 si
2065 1221 2355 1301 producta
2410 1223 2590 1284 suerit
2644 1224 3004 1302 coniugatio,
3062 1241 3181 1286 non

604 1327 817 1390 mutat,
875 1319 980 1381 sed
1036 1328 1231 1381 servat
1291 1323 1477 1401 ipsam
1536 1319 2103 1404 [coniugationem],
2173 1332 2237 1385 ut
2290 1325 2340 1384 si
2408 1323 2573 1387 dicas
2628 1327 2860 1388 nutrior
2912 1326 3176 1387 nutriris

604 1440 722 1484 non
769 1421 1020 1484 dicimus
1065 1425 1341 1494 nutreriS,
1389 1442 1562 1503 quem
1608 1425 1680 1485 ad
1725 1424 1968 1487 modum
2012 1424 2247 1504 legeriS,
2295 1426 2400 1488 sed
2445 1429 2644 1489 nutrio
2690 1429 2901 1497 nutris,
2948 1428 3183 1488 nutrior
3210 1445 3260 1486 ιο

602 1525 867 1586 nutriris.
958 1544 1096 1587 ecce
1141 1525 1325 1587 hahes
1369 1544 1550 1587 unum
1597 1527 1918 1589 discrimen
1962 1529 2178 1608 ipsius;
2227 1537 2317 1590 est
2361 1528 2539 1591 aliud.
2627 1530 2861 1611 quando
2907 1539 3180 1610 correpta

605 1635 713 1699 est,
758 1629 817 1688 in
865 1646 898 1687 e
942 1636 1127 1690 mutat
1169 1630 1608 1709 imperativum;
1656 1629 1894 1707 quando
1938 1629 2220 1710 producta
2267 1637 2382 1699 est,
2441 1633 2503 1692 in
2548 1634 2568 1692 i
2612 1641 2940 1712 permanet.
3041 1640 3184 1712 puta

605 1730 754 1809 lego.
781 1729 926 1807 legis
968 1728 1118 1809 lege,
1167 1749 1306 1791 ecce
1350 1732 1411 1790 in
1456 1733 1802 1811 imperativo
1848 1732 2025 1793 modo
2070 1735 2312 1794 mutavit
2353 1734 2461 1794 iin
2495 1753 2546 1804 e,
2596 1740 2654 1795 et
2683 1743 3025 1814 correptum
3059 1743 3180 1797 est:

603 1834 801 1893 nutrio
844 1834 1036 1893 nutris
1079 1833 1257 1902 nutri,
1307 1850 1448 1893 ecce
1492 1835 1738 1895 servavit
1784 1835 1971 1914 ipsam
2016 1837 2035 1896 i
2078 1837 2139 1896 in
2172 1837 2537 1915 imperativo,
2586 1844 2660 1898 et·
2682 1838 3040 1917 productum
3072 1845 3181 1909 est,

605 1953 724 1995 non
768 1934 909 1995 facit
951 1942 1143 1996 nutre.
1207 1941 1296 1995 est
1339 1936 1479 1995 item
1526 1934 1682 1997 aliud
1726 1937 1788 1997 in
1833 1936 2210 2017 paenultimis
2252 1937 2490 2019 syllabis
2518 1940 2791 2001 infinitivi
2835 1940 3015 2011 modi,
3064 1958 3183 2002 non
3213 1962 3267 2003 ιε

605 2038 665 2096 in
710 2036 946 2107 ultimis„
995 2037 1098 2099 sed
1144 2038 1204 2098 in
1249 2036 1628 2117 paenultimis
1669 2037 1928 2118 syllabis,
2018 2040 2251 2118 quando
2308 2041 2606 2103 invenitur
2651 2052 2884 2123 tempus
2926 2043 3184 2123 produc-

608 2146 749 2211 tum,
796 2139 1176 2220 producitur;
1225 2138 1460 2220 quando
1503 2141 1804 2201 invenitur
1846 2139 2096 2223 temeus
2140 2150 2500 2223 correptum,
2550 2152 2822 2225 correpta
2859 2153 2948 2207 est
2976 2148 3183 2207 coniu-

606 2243 782 2320 gatio.
871 2251 1007 2322 puta
1053 2240 1253 2321 legere
1298 2241 1533 2322 quando
1590 2242 1751 2313 dico,
1809 2244 2097 2324 numquid
2150 2244 2402 2324 produxi
2457 2245 2911 2327 paenultimam?
2983 2247 3187 2326 legere

605 2343 800 2405 brevis
857 2353 962 2406 est.
1054 2364 1085 2406 e
1141 2347 1440 2406 contrario
1495 2345 1545 2405 si
1599 2344 1891 2425 producta
1943 2348 2021 2407 sit
2075 2348 2438 2426 coniugatio,
2497 2348 2876 2428 producitur:
2954 2351 3185 2411 nutrire

604 2446 890 2526 producta
939 2454 1045 2517 cst,
1092 2465 1209 2508 non
1255 2447 1502 2510 dicimus
1546 2456 1808 2509 nutrere.
1897 2467 2035 2510 ecce
2080 2448 2264 2511 hahes
2308 2458 2429 2511 tres
2472 2452 2764 2522 ratione8‚
2812 2452 2970 2513 unde
3016 2450 3183 2513 colli·
3212 2472 3267 2511 ιο

605 2567 724 2627 gaS,
773 2548 1006 2630 quando
1051 2558 1323 2631 correpta
1371 2558 1489 2620 est,
1548 2550 1784 2630 quando
1838 2550 2127 2632 producta
2181 2553 2292 2614 ista
2346 2553 2697 2632 coniugatio.
2789 2554 2930 2634 quid
2986 2562 3185 2616 autem

606 2649 779 2713 nobis
833 2650 1079 2731 prodest
1134 2653 1288 2713 scire
1342 2652 1512 2713 istam
1569 2655 2070 2733 coniugationem,
2134 2654 2372 2735 quando
2425 2655 2713 2735 producta
2771 2665 2889 2725 est,
2948 2656 3186 2734 quando

606 2754 917 2835 correpta?
1003 2753 1181 2833 quid?
1227 2762 1473 2836 propter
1518 2757 1776 2819 rationes
1818 2765 2179 2838 temporum.
2268 2756 2342 2818 de
2386 2757 2563 2820 nullis
2607 2760 2763 2820 enim
2807 2757 2988 2821 rebus
3049 2778 3184 2840 pos-

606 2875 811 2918 sumus
855 2863 1125 2937 tempora
1170 2857 1450 2936 colligere
1496 2859 1606 2920 nisi
1651 2859 1725 2920 de
1767 2860 1893 2920 istis
1943 2859 2471 2939 coniugationibus,

369 2970 485 3028 413,
513 2970 579 3018 27
774 2959 925 3021 Ecce
968 2961 1157 3040 prima
1205 2968 1264 3020 et
1305 2960 1563 3022 secunda
1610 2963 1944 3040 coniugatio
1988 2964 2256 3024 futurum
2298 2970 2534 3043 tempus
2577 2964 2639 3024 in
2685 2962 2761 3025 bo
2807 2966 3002 3035 mittit,
3051 2983 3185 3025 amo
3214 2985 3268 3026 π

331 3038 490 3101 ,506,
516 3038 767 3122 2“³a1nas
811 3061 1037 3133 amabo,
1087 3061 1273 3123 doceo
1319 3062 1497 3125 doces
1542 3063 1769 3126 docebo
1809 3062 2024 3146 [prima
2069 3083 2213 3144 ergo
2258 3073 2316 3125 et
2360 3065 2620 3127 secunda
2651 3066 2914 3128 futurum
2946 3074 3187 3147 tempus

604 3165 666 3222 in
722 3163 798 3224 bo
855 3165 1036 3225 mittit
1089 3164 1385 3226 indicativi
1444 3165 1631 3238 modi,
1701 3185 1837 3228 amo
1895 3185 2057 3229 amas
2112 3168 2351 3238 amabo,
2420 3167 2605 3229 doceo
2662 3166 2842 3229 doces
2900 3168 3182 3250 docebo}

607 3267 775 3326 tertia
822 3268 1187 3345 coniugatio,
1246 3269 1296 3328 si
1341 3276 1614 3349 correpta
1659 3269 1864 3344 fuerit,
1923 3271 2191 3331 futurum
2250 3278 2484 3350 tempus
2537 3271 2598 3332 in
2656 3289 2750 3332 am
2795 3273 3004 3342 mittit,
3052 3271 3184 3350 lego

604 3367 750 3445 legis
804 3367 1025 3447 legam,
1086 3388 1265 3430 curro
1318 3372 1513 3432 curris
1558 3365 1811 3433 curram.
1902 3390 2039 3434 ecce
2083 3374 2198 3433 iam
2245 3371 2500 3434 diximus
2556 3372 2630 3433 de
2687 3383 2959 3455 correpta
3014 3376 3184 3436 tertia

605 3472 1038 3548 coniugatione.
1128 3473 1174 3531 si
1219 3473 1506 3552 producta
1552 3474 1749 3545 fuerit,
1797 3475 1911 3536 iam
1957 3474 2079 3535 noli
2123 3475 2413 3536 Donatum
2458 3477 2645 3553 sequi,
2693 3476 2798 3537 sed
2841 3484 2978 3537 tene
3014 3478 3184 3538 istam
3214 3497 3269 3536 ao

604 3571 871 3650 regulam
918 3591 1092 3652 quam
1137 3572 1245 3634 tibi
1289 3575 1440 3637 dico.
1505 3575 1758 3638 diximus
1804 3595 1964 3655 ergo,
2010 3578 2199 3657 prima
2247 3585 2307 3639 et
2348 3577 2606 3639 secunda
2651 3579 2987 3657 coniugatio
3027 3580 3185 3666 sutu-

606 3692 736 3734 rum
782 3682 1011 3754 tempus
1056 3676 1115 3736 in
1156 3680 1167 3753 1
1205 3676 1281 3737 ho
1325 3679 1519 3748 mittit,
1566 3698 1698 3740 amo
1745 3698 1906 3741 amas
1950 3679 2178 3751 amabo,
2226 3679 2411 3741 doceo
2457 3679 2635 3742 doces
2679 3679 2927 3741 docebo.
3016 3683 3190 3742 tertia

606 3778 970 3854 coniugatio,
1023 3779 1074 3837 si
1119 3787 1392 3859 correpta
1437 3780 1633 3851 luerit,
1677 3783 1739 3842 in
1786 3801 1878 3842 am
1926 3781 2131 3852 mittit,
2191 3784 2241 3843 si
2287 3799 2426 3842 vero
2470 3781 2758 3860 producta
2803 3782 3010 3858 suerit,
3071 3785 3189 3844 iam

604 3878 819 3940 recede
862 3897 894 3939 a
940 3881 1168 3941 ratione
1223 3882 1334 3942 ista
1392 3902 1567 3962 quam
1613 3883 1861 3961 legimus
1917 3882 2013 3944 hic
2059 3884 2118 3943 in
2164 3884 2422 3953 Donato,
2480 3883 2602 3944 noli
2649 3902 2784 3946 eum
2829 3886 3027 3964 sequi,
3083 3884 3189 3946 sed

605 3979 719 4041 hoc
764 3989 898 4042 tene
945 3983 1100 4060 quod
1145 3982 1252 4044 tibi
1300 3968 1504 4046 dinero
1562 3983 1734 4065 [ergo
1780 3987 1951 4047 tertia
2009 3987 2342 4065 coniugatio
2398 3985 2685 4065 producta
2740 3988 3039 4049 invenitur
3084 3986 3186 4049 ali-
3218 4007 3272 4049 aa

607 4084 879 4159 quotiens
925 4092 983 4144 et
1025 4087 1084 4146 in
1131 4105 1225 4147 am
1272 4094 1331 4146 et
1374 4088 1434 4147 in
1484 4085 1609 4167 bo].
1675 4105 1817 4166 ergo
1863 4087 1992 4148 vide
2039 4089 2179 4165 quid
2227 4088 2390 4149 dico:
2452 4089 2625 4150 tertia
2670 4090 3012 4167 coniugatio
3046 4108 3184 4169 pro-

608 4185 782 4246 ducta
828 4188 1123 4249 invenitur
1177 4187 1489 4268 aliquando
1546 4196 1603 4250 et
1661 4191 1720 4249 in
1780 4207 1872 4249 am
1933 4196 1992 4249 et
2044 4191 2106 4251 in
2164 4188 2239 4250 bo
2307 4190 2480 4251 simul
2538 4192 2801 4261 mittere,
2870 4190 3188 4272 aliquando

606 4290 668 4348 in
718 4287 792 4349 bo
849 4298 1077 4351 tantum
1138 4289 1332 4350 modo.
1424 4290 1724 4352 videamus
1780 4292 2014 4371 quando
2074 4299 2133 4353 et
2185 4293 2245 4352 in
2302 4312 2393 4353 am
2442 4300 2500 4352 et
2543 4294 2604 4353 in
2651 4292 2727 4354 bo
2771 4292 2945 4354 simul
2991 4295 3190 4354 mittit.

607 4390 839 4452 dimitte
883 4393 998 4452 iam
1043 4390 1174 4452 illas
1218 4393 1478 4472 quinque
1523 4412 1638 4463 reS,
1686 4412 1834 4474 quas
1878 4392 1985 4455 tibi
2030 4393 2152 4455 dixi
2196 4396 2466 4475 superius
2512 4403 2577 4455 ut
2612 4397 2881 4476 requiras
2920 4392 3187 4479 [modum

749 4616 770 4665 l
809 4613 977 4681 tertia]
1022 4616 1072 4664 in
1112 4616 1258 4665 tertia
1294 4615 1343 4663 A
1357 4616 1461 4666 BC
1597 4617 1630 4666 4
1668 4623 1779 4665 erat
1813 4617 2059 4682 producta
2094 4616 2145 4666 B
2179 4627 2293 4668 (ει-,ι
2332 4617 2605 4682 producta.
2644 4617 2692 4666 A
2739 4625 2847 4668 erat
2883 4618 3128 4684 producta
3160 4635 3189 4667 e

605 4681 672 4734 a*
708 4694 849 4734 erant
882 4686 1158 4750 productae
1193 4685 1234 4734 G
1425 4685 1485 4736 13
1522 4686 1638 4753 lege
1671 4687 1974 4752 imperatiuo
2007 4702 2123 4735 ecce
2162 4687 2312 4737 modo
2348 4687 2513 4737 ABG
2686 4689 2749 4738 21
2788 4697 2955 4738 autem
2988 4705 3081 4739 orn.
3123 4691 3188 4750 A,

606 4755 728 4805 add.
767 4771 801 4804 a
940 4754 1010 4805 36
1046 4755 1349 4820 aliquotiens
1387 4765 1435 4806 et
1474 4758 1523 4806 iu
1560 4773 1640 4806 am
1679 4756 1877 4807 Rom:
1910 4768 1957 4806 et
1994 4774 2082 4807 om.
2116 4756 2163 4805 A
2304 4755 2369 4806 37
2408 4754 2581 4823 simul]
2625 4759 2859 4808 similiter
2892 4758 3062 4809 ABG

606 4825 673 4873 38
711 4826 911 4886 quando
939 4834 986 4873 et
1020 4828 1068 4874 in
1109 4841 1186 4874 am
1228 4825 1383 4878 aab:
1418 4835 1465 4876 et
1503 4845 1593 4879 om.
1636 4828 1747 4876 AB
