3541 5564
1408 372 1881 435 COMMENTVM
2836 367 2916 432 97

2625 492 2667 534 p.
2695 478 2797 520 5—-8
2824 477 2868 517 l..

338 569 463 629 tur:
510 560 670 641 ‘ipse
714 561 949 640 scripsit
993 562 1325 639 georgica',
1373 563 1725 641 pronomine
1770 562 1976 621 utitur.
2038 578 2244 639 posses
2291 561 2446 619 enim
2494 559 2693 619 dicere
2740 560 2919 619 ‘Ver-

338 661 514 740 gilius
567 663 804 742 scripsit
857 663 1192 741 georgica'.
1282 663 1383 723 sed
1444 683 1517 723 ne
1576 662 1877 724 fastidium
1932 670 2165 723 crearet
2221 663 2476 722 nominis
2518 661 2782 730 iteratio,
2832 662 2919 720 in-

334 773 507 825 venta
569 772 658 824 est
710 766 820 825 ista
876 762 1183 844 particula.
1248 760 1254 845 1
1304 774 1361 825 et
1405 764 1517 825 hoc
1564 765 1717 826 bene
1764 764 2089 825 secundum
2148 771 2266 832 est;
2329 762 2482 824 bene
2528 763 2786 824 secunda
2832 770 2922 822 est

334 869 458 962 istas
505 864 815 946 particula.
904 885 1013 946 qua
1073 867 1339 927 ratione?
1394 884 1529 927 nam
1588 868 1637 927 si
1692 867 1958 944 fungitur
2014 866 2211 927 officio
2256 868 2541 936 nominis,
2601 875 2659 926 et
2703 883 2921 926 nomeu

284 968 682 1030 anaturaliter
724 970 979 1048 primum
1029 963 1145 1039 est,x
1191 967 1330 1048 quid
1376 968 1553 1029 debet
1598 986 1729 1029 esse
1775 976 1909 1048 post
1952 966 2093 1028 illud
2141 967 2294 1047 quod
2340 969 2596 1048 primum
2645 976 2761 1034 est,
2811 968 2924 1026 nisi

334 1069 475 1131 illud
524 1071 680 1150 quod
729 1072 992 1148 fungitur
1038 1070 1234 1131 officio
1263 1073 1493 1150 primae
1526 1068 1746 1150 partis?
1792 1071 2056 1150 sequitur
2089 1069 2352 1131 verbum.
2413 1070 2655 1130 verbum
2703 1070 2922 1130 dictum

335 1182 423 1234 est
480 1173 593 1233 hac
647 1157 909 1241 ratione.
968 1173 1121 1253 quod
1179 1172 1492 1234 verberato
1548 1180 1687 1234 aere
1742 1182 1905 1233 motu
1949 1171 2183 1250 linguae
2227 1173 2291 1233 fit
2333 1190 2540 1242 sonuS,
2601 1172 2756 1233 unde
2801 1173 2923 1251 ipsa

335 1274 624 1355 particula
672 1278 939 1353 emergit.
1029 1275 1130 1336 sed
1179 1284 1238 1336 et
1283 1294 1488 1335 omnes
1534 1285 1731 1354 partes
1778 1275 2061 1335 orationis
2105 1273 2378 1336 similiter
2421 1275 2567 1335 fiunt
2609 1282 2770 1335 motu
2815 1273 2926 1334 lin·

338 1395 485 1456 guae
543 1385 602 1438 et
659 1377 1068 1439 verberatione
1127 1380 1296 1438 aeris,
1388 1396 1527 1455 ergo
1584 1395 1769 1456 quare
1826 1375 1974 1438 haec
2027 1375 2312 1455 particula
2368 1377 2482 1437 hoc
2541 1395 2758 1437 nomen
2815 1375 2927 1435 sibi

263 1497 314 1535 ιο
339 1481 652 1559 proprium
699 1478 1061 1559 adsumpsit?
1108 1479 1262 1559 quod
1310 1480 1436 1558 ipsa
1482 1479 1857 1558 frequentius
1901 1480 2123 1539 utimur
2153 1481 2213 1538 in
2259 1476 2571 1558 loqueudO.
2620 1497 2755 1540 nam
2790 1497 2926 1539 ecce

338 1581 585 1661 loquere
631 1580 872 1662 aliquid,
921 1590 980 1642 et
1023 1583 1289 1642 invenies
1334 1582 1394 1641 in
1439 1582 1567 1660 ipsa
1614 1579 1949 1642 elocutione
1997 1583 2107 1641 tria
2140 1589 2240 1642 aut
2269 1589 2543 1660 quattuor
2589 1581 2786 1649 verba,
2837 1582 2927 1640 vix

342 1703 523 1745 unum
571 1703 788 1745 nomen
836 1694 937 1744 aut
978 1702 1328 1764 pronomen.
1393 1693 1456 1743 ut
1485 1690 1627 1763 puta
1672 1685 1719 1743 si
1766 1682 1927 1744 dicas
1973 1682 2138 1743 ‘volo
2184 1684 2271 1743 ire
2322 1691 2380 1743 et
2423 1682 2624 1744 videre
2671 1684 2925 1743 amicum

341 1805 539 1847 meum
572 1786 644 1846 ad
679 1786 930 1855 sorum’,
981 1803 1119 1848 ecce
1151 1784 1282 1846 volo
1312 1787 1403 1846 ire
1436 1794 1496 1845 et
1524 1785 1726 1846 videre
1758 1787 1871 1846 tria
1917 1785 2094 1846 verba
2139 1793 2307 1855 sunt,
2356 1786 2550 1846 sorum
2595 1804 2777 1846 unum
2824 1805 2928 1846 no-

342 1907 478 1948 men
527 1896 647 1958 est,
698 1888 766 1947 ad
813 1906 930 1947 una
975 1889 1338 1967 praepositio
1386 1896 1503 1953 est.
1554 1894 1612 1946 et
1657 1906 1774 1947 una
1821 1888 2176 1948 coniunctio.
2256 1886 2416 1948 vides
2461 1889 2739 1968 quoniam
2788 1886 2931 1948 alias

266 1997 544 2070 mpartes
598 2009 737 2051 raro
796 1990 1101 2069 ponimus,
1162 1991 1333 2050 istam
1397 1989 1795 2070 frequentiuS,
1865 1990 1925 2049 in
1986 1997 2210 2049 tantum
2267 1998 2332 2050 ut
2392 1993 2567 2051 etiam
2625 2007 2932 2050 sermones

342 2094 534 2154 nostri
588 2091 701 2152 hoc
760 2091 1043 2151 vocabulo
1103 2091 1401 2160 dicantur,
1464 2090 1680 2152 ‘verba
1736 2092 1878 2151 fecit
1932 2090 2085 2170 apud
2148 2093 2477 2161 senatum’,
2536 2092 2748 2153 ‘verba
2794 2093 2935 2152 lecit

342 2193 495 2274 apud
554 2193 836 2274 populum
865 2198 902 2251 '.
993 2192 1278 2274 numquid
1337 2192 1576 2271 quando
1632 2192 1764 2253 dico
1822 2192 2036 2253 ‘verba
2092 2193 2235 2253 fecit
2279 2194 2433 2272 apud
2481 2196 2786 2254 senatum'
2834 2201 2933 2253 aut

342 2295 555 2357 ‘verba
611 2297 750 2356 fecit
807 2295 964 2374 apud
1020 2293 1362 2375 populum',
1425 2295 1707 2375 numquid
1774 2301 1998 2356 tantum
2057 2293 2249 2355 verbis
2294 2294 2527 2356 locutus
2573 2302 2662 2356 est
2706 2302 2766 2355 et
2810 2313 2931 2355 non

344 2400 503 2459 omni
551 2405 720 2477 parte
767 2399 1087 2458 orationis?
1145 2416 1326 2477 quare
1374 2414 1517 2475 ergo
1561 2399 1871 2478 proprium
1917 2396 2265 2457 vocabulum
2310 2398 2592 2476 sumpsit?
2655 2399 2929 2477 quoniam

268 2502 468 2580 scipsa
515 2501 887 2579 frequentius
945 2500 1163 2560 utimur
1208 2500 1271 2559 in
1317 2498 1631 2578 loquendo.
1696 2499 1701 2578 ξ
1763 2497 2106 2560 adverbium
2153 2496 2307 2559 bene
2353 2501 2622 2578 sequitur
2665 2499 2929 2570 verbum,

344 2604 622 2683 quoniam
669 2620 785 2662 non
833 2608 1032 2680 potest
1076 2603 1380 2679 segregari
1423 2622 1453 2662 a
1500 2601 1701 2663 verbo.
1770 2620 1905 2661 cras
1937 2600 2171 2679 quando
2203 2600 2363 2671 dico,
2412 2601 2696 2681 numquid
2740 2611 2926 2682 potest

344 2704 567 2765 habere
613 2701 1012 2771 intellectum,
1061 2704 1174 2763 nisi
1219 2702 1399 2763 addas
1445 2702 1724 2765 verbum?
1770 2711 1910 2784 puta
1958 2706 2121 2763 ‘cras
2168 2704 2433 2774 saciam'‚
2481 2703 2637 2764 ‘cras
2682 2704 2870 2766 dicam
2893 2709 2931 2773 ⁹,

348 2813 521 2868 ‘cras
579 2807 868 2867 veniam'.
961 2790 1102 2883 ergo
1154 2805 1288 2867 ideo
1349 2808 1615 2885 sequitur
1670 2813 1805 2886 post
1865 2804 2138 2875 verbum,
2188 2808 2461 2886 quoniam
2509 2826 2540 2866 a
2588 2807 2768 2868 verbo
2815 2826 2933 2868 non

345 2916 543 2989 potest
585 2908 869 2987 separari.
934 2909 1305 2987 participium
1354 2908 1506 2969 hene
1552 2911 1807 2988 positum
1854 2916 1942 2969 est
1986 2916 2122 2987 post
2163 2910 2303 2969 istas
2348 2917 2575 2988 partes:
2623 2918 2931 2989 postquam

273 3027 324 3067 25
351 3011 573 3071 dictum
632 3019 722 3070 est
779 3012 1027 3079 nomen,
1097 3008 1313 3069 dictum
1383 3018 1471 3070 est
1524 3010 1799 3080 verbum,
1862 3009 2014 3070 bene
2071 3012 2448 3091 participium
2504 3019 2593 3072 est
2646 3020 2931 3072 secutum.

351 3131 484 3174 nam
518 3112 899 3192 participium
932 3110 1150 3172 «lictum
1184 3119 1302 3180 est,
1352 3112 1508 3192 quod
1557 3121 1617 3174 et
1659 3120 1860 3191 partes
1906 3113 2164 3173 nominis
2195 3114 2386 3192 capiat
2418 3120 2476 3174 et
2519 3120 2719 3192 partes
2749 3112 2934 3174 verbi.

352 3215 485 3276 ideo
543 3232 715 3293 ergo,
776 3214 1057 3294 quoniam
1115 3217 1230 3273 iam
1285 3214 1578 3293 praedixit
1637 3232 1887 3283 nomen,
1949 3214 2239 3293 praedixit
2284 3215 2564 3285 verbum,
2624 3215 2777 3276 bene
2821 3217 2935 3276 iam

353 3337 422 3378 eo
469 3317 599 3377 loco
644 3317 1016 3396 participium
1065 3326 1152 3376 est
1197 3318 1480 3395 positum,
1528 3323 1838 3396 postquam
1884 3314 2022 3377 illae
2051 3324 2254 3396 partes
2284 3317 2625 3396 praedictae
2669 3325 2825 3388 sunt,
2874 3325 2939 3377 ut

350 3422 462 3480 ista
508 3425 881 3499 sequeretur.
946 3420 1283 3479 coniunctio
1330 3419 1483 3479 dicta
1530 3426 1651 3487 est,
1698 3420 1837 3497 quia
1884 3419 2188 3497 coniungit
2233 3417 2616 3481 elocutiones.
2680 3422 2730 3480 si
2776 3419 2939 3480 dicas

281 3506 515 3599 ao‘ego*
547 3528 610 3581 tu
659 3538 862 3581 eamus
908 3520 977 3581 ad
1025 3521 1274 3589 sorum',
1324 3539 1442 3580 non
1490 3528 1603 3581 stat
1634 3518 1921 3589 elocutio;
1968 3521 2016 3579 si
2064 3520 2285 3581 dixeris
2328 3522 2477 3600 ‘ego
2524 3530 2582 3583 et
2627 3528 2687 3582 tu
2737 3540 2939 3583 eamus

355 3622 426 3683 ad
483 3623 737 3692 sorum',
796 3620 973 3682 stabit
1030 3621 1285 3683 elocutio
1342 3630 1401 3682 et
1458 3624 1571 3682 erit
1628 3641 1871 3682 conexa.
1961 3624 2324 3701 praepositio
2381 3623 2534 3684 dicta
2591 3632 2680 3684 est
2725 3622 2799 3683 ab
2846 3641 2936 3693 eo,

357 3724 514 3802 quod
571 3726 633 3784 in
691 3723 988 3802 loquendo
1044 3726 1448 3804 praeponitur.
1545 3733 1607 3784 ut
1674 3732 1815 3804 puta
1871 3726 1919 3784 si
1975 3724 2135 3784 dicas
2203 3723 2392 3803 ‘apud
2451 3727 2762 3794 amicum’,
2820 3744 2937 3785 non

356 3834 524 3905 potes
583 3826 783 3887 dicere
841 3827 1126 3887 ‘amicum
1172 3826 1323 3906 apud
1344 3830 1382 3886 '.
1473 3828 1810 3888 interiectio
1868 3826 2021 3887 dicta
2078 3836 2193 3896 est,
2241 3828 2378 3903 quia
2422 3828 2822 3908 interponitur
2867 3826 2939 3887 ad

359 3927 780 4007 exprimendos
836 3929 1015 3988 animi
1072 3930 1332 3989 affectus
1424 3930 1470 3989 si
1519 3929 1737 3990 dixeris
1785 3932 2091 3989 ‘mortuus
2147 3937 2234 3988 est
2282 3926 2288 4007 Ι
2340 3928 2695 4007 Vergilius',
2744 3930 2941 3990 dixisti

286 4031 597 4108 asquidem
643 4028 808 4090 illum
856 4038 1153 4091 mortuum
1200 4048 1357 4099 esse;
1417 4030 1522 4091 sed
1570 4048 1684 4108 quo
1729 4031 1945 4091 affectu
1990 4029 2104 4090 hoc
2149 4029 2490 4109 pertuleris,
2539 4052 2657 4093 non
2703 4040 2794 4093 est
2839 4049 2939 4092 ex-

357 4151 654 4212 pressum,
703 4133 819 4192 nisi
862 4134 1203 4211 interponas
1246 4130 1404 4192 illam
1452 4132 1821 4211 particulam.
1911 4151 2048 4192 nam
2095 4134 2146 4192 si
2190 4132 2351 4193 dieas
2395 4136 2496 4194 ‘va
2540 4141 2811 4195 mortuus
2856 4139 2945 4192 est

360 4234 710 4313 Vergilius',
759 4232 1031 4294 laetantis
1076 4240 1189 4301 est;
1237 4235 1284 4293 si
1331 4233 1489 4295 dicas
1534 4233 1686 4296 ‘heu
1717 4243 1987 4295 mortuus
2019 4241 2110 4295 est
2141 4234 2490 4313 Vergilius’,
2539 4235 2790 4297 dolentis
2835 4241 2942 4294 est.

2967 4412 2994 4429 b

496 4439 530 4489 6
568 4440 798 4502 sequitur
834 4439 1046 4488 uerbum
1086 4440 1276 4488 dictum
1325 4446 1401 4488 est
1437 4438 1606 4489 ABG
1648 4442 1878 4504 sequitur
1926 4440 2133 4489 uerbum
2183 4456 2339 4503 quare
2393 4441 2600 4491 uerbum
2647 4441 2835 4490 dietum
2874 4450 2950 4488 est

374 4509 413 4557 l,
556 4510 615 4559 11
657 4508 945 4558 elocutione
978 4509 1080 4560 BC
1117 4509 1366 4559 locutione
1405 4510 1519 4558 AL
1662 4511 1723 4560 17
1766 4510 2009 4575 numquid
2057 4512 2258 4572 quando
2298 4541 2365 4550 —
2401 4511 2647 4577 populum
2686 4526 2777 4559 om.
2818 4510 2948 4571 AL,

365 4580 484 4632 add.
527 4596 562 4628 α
663 4578 734 4629 20
767 4580 1083 4641 frequentius
1122 4580 1308 4628 utimur
1332 4580 1443 4628 AL
1482 4579 1792 4642 frequentius
1823 4592 1900 4631 est
1935 4581 1987 4630 B
2022 4579 2264 4644 frequens
2301 4591 2376 4631 est
2407 4582 2517 4631 Ca*
2624 4581 2691 4630 24
2722 4582 2948 4646 separari

366 4649 479 4697 AL
509 4651 705 4700 secerni
747 4646 923 4699 Bca*
1063 4648 1132 4697 29
1168 4649 1450 4698 coniunctio
1491 4675 1555 4685 —-
1593 4650 1655 4701 31
1694 4664 1886 4700 conexa
1923 4651 2017 4703 Ιιοο
2050 4653 2160 4702 Ioco
2196 4650 2383 4701 habent
2415 4651 2521 4701 BL
2546 4688 2559 4714 ,
2591 4657 2707 4714 post
2731 4665 2951 4717 praepo-

368 4721 481 4768 sitio
520 4746 581 4755 --
622 4719 690 4769 :33
728 4720 947 4768 amicum
1003 4719 1139 4784 apud
1175 4721 1491 4782 transposita
1526 4719 1629 4768 AG
1763 4722 1808 4769 si
1840 4721 1980 4770 dicas
2020 4719 2164 4771 Bca
2204 4728 2257 4769 ut
2293 4724 2338 4771 si
2376 4722 2515 4781 dicas
2551 4721 2663 4771 AL
2804 4720 2872 4770 30
2907 4721 2953 4768 si

368 4790 558 4839 dixeris
598 4789 744 4840 Bca
787 4798 837 4838 et
872 4789 915 4838 si
955 4789 1144 4838 dixeris
1183 4789 1230 4837 Α
1254 4791 1294 4839 L
1438 4789 1505 4841 33
1542 4786 1705 4855 potes]
1752 4798 1920 4855 potest
1958 4790 2004 4840 A
2032 4788 2106 4854 (ἲ)
2134 4791 2184 4840 L
2222 4805 2435 4856 possum
2485 4788 2665 4843 Bea*
2807 4790 2877 4842 34
2910 4791 2953 4838 si

369 4859 559 4908 dixeris
592 4858 643 4908 Α
664 4859 707 4907 L
743 4860 785 4907 si
818 4859 958 4907 dicas
994 4860 1139 4909 Bca

470 4949 807 4993 GRAMMATlC
812 4949 825 4990 1
854 4948 1035 4992 LATINI
1066 4948 1118 4992 V.
1418 4964 1424 4970 ·
2510 4944 2544 5011 7
