3541 5564
644 354 769 420 532
1653 357 2195 439 [PALAEMole]

639 543 807 608 libro
851 542 1055 632 Aspri
1111 565 1346 608 nomen
1400 542 1788 629 inscriptum
1840 566 2016 627 esse,
2085 541 2259 631 quod
2313 544 2529 631 ipsum
2584 541 2716 609 alia
2771 566 2877 610 ars
2934 545 3017 612 de
3075 557 3232 614 octo

546 678 550 682 v
642 646 937 733 partibus
984 647 1294 713 orationis
1338 667 1495 731 prae
1539 668 1609 711 se
1654 645 1814 728 fert,
1859 646 2244 733 relinquitur
2270 644 2437 712 illud
2465 646 2639 734 quod
2671 649 2931 734 saepius
2977 649 3057 715 de
3103 650 3233 715 hoc

641 771 880 833 genere
922 748 1160 813 artium
1201 748 1772 833 grammaticarum
1802 750 2202 831 monuimus,
2247 748 2531 814 utillum
2574 748 2816 814 librum
2861 751 2971 837 qui
3017 752 3228 818 mino-

644 875 779 916 rem
823 851 1068 916 Donati
1112 851 1461 917 editionem
1507 851 1801 937 sequitur
1842 874 1959 938 pro
2007 853 2253 917 minore
2295 860 2437 917 arte
2482 850 2782 916 habitum
2824 853 3011 936 eique
3055 853 3232 919 hanc

643 954 914 1019 alteram
980 964 1307 1040 tamquam
1370 955 1679 1019 maiorem
1746 965 1954 1020 artem
2020 954 2311 1019 additam
2379 963 2445 1019 et
2508 952 2734 1021 eodem
2804 955 3064 1020 nomine
3130 956 3229 1020 in-

643 1056 950 1143 scriptam
994 1077 1136 1121 esse
1180 1079 1220 1120 a
1262 1056 1727 1122 recentioribus
1773 1057 2218 1142 grammaticis
2263 1055 2577 1122 dicamus.

812 1158 892 1224 In
936 1158 1204 1223 edendis
1234 1156 1642 1224 Palaemonis
1690 1168 1755 1224 et
1784 1158 1985 1245 Aspri
2027 1158 2213 1223 libris
2258 1181 2415 1223 usus
2463 1180 2606 1223 sum
2640 1159 2866 1225 codice
2894 1158 3227 1227 Vaticano

648 1262 805 1326 1491
854 1284 894 1325 a
921 1261 1212 1329 Brunnio
1260 1283 1407 1327 cum
1434 1261 1728 1326 Putschii
1773 1260 2070 1348 exemplo
2115 1260 2349 1326 collato
2395 1271 2460 1326 et
2503 1261 2785 1326 editione
2816 1262 3228 1327 Ascensiana

644 1385 728 1427 ex
781 1363 1095 1444 Paneuei,
1155 1386 1349 1449 quam
1412 1363 1624 1450 ipsam
1678 1386 1811 1429 non
1866 1364 2033 1444 vidi,
2091 1386 2432 1450 expressa3
2491 1364 2558 1427 in
2615 1362 2831 1450 Aspro
2884 1374 3227 1450 praeterea

646 1464 951 1530 Gothano
995 1465 1251 1547 codice,
1300 1488 1488 1551 quem
1534 1489 1573 1530 a
1615 1465 1969 1531 Duebnero
2016 1464 2321 1532 collatum
2363 1467 2431 1529 in
2487 1464 2743 1531 schedis
2785 1463 3224 1530 Lindemanni

643 1566 861 1631 habui.
922 1590 958 1631 e
988 1567 1223 1653 quibus
1254 1590 1448 1634 manu
1489 1569 1881 1656 scriptorum
1921 1567 2219 1634 codicum
2263 1568 2520 1652 integra
2561 1569 2885 1654 scriptura
2927 1568 3227 1634 exhibita

644 1677 772 1750 est3
821 1691 904 1732 ex
949 1667 1125 1734 edito
1171 1668 1468 1756 exemplo
1512 1669 1761 1736 leviora
1806 1669 2126 1758 quaedam
2172 1669 2414 1734 omissa
2458 1680 2640 1754 sunt,
2688 1692 2765 1736 ea
2808 1678 3028 1734 tamen
3071 1691 3221 1734 cau-

645 1771 820 1836 tione
863 1770 1189 1852 adhibita,
1245 1781 1345 1853 ut,
1399 1772 1789 1859 ubicumque
1858 1795 1989 1837 non
2053 1773 2343 1837 indicata
2406 1771 2849 1860 discrepantia
2912 1771 3221 1838 editionis

643 1873 1084 1938 Ascensianae
1133 1896 1174 1936 a
1227 1872 1564 1940 codicibus
1621 1874 2064 1958 recederetur,
2128 1897 2277 1940 cum
2333 1872 2446 1938 illa
2499 1875 2863 1941 consentire
2921 1896 3000 1940 ea
3052 1896 3225 1960 quae

643 1983 904 2060 recepta
946 1984 1098 2041 sunt
1141 1984 1486 2042 constaret.
