3541 5564
1021 1616 1609 1682 COMMENTVM
1651 1617 1921 1683 ARTIS
1965 1615 2323 1682 DONATI

2587 1937 2631 1977 p.
2659 1926 2683 1964 3
2709 1923 2775 1963 cd.
2805 1923 2849 1964 L.

532 2011 813 2092 Plerique
869 2014 971 2092 qui
1026 2018 1212 2073 artem
1266 2012 1537 2073 scribunt
1601 2033 1634 2073 a
1699 2012 2039 2073 definitione
2105 2013 2292 2091 ipsius
2356 2012 2496 2071 artis
2552 2000 2840 2072 inchoant‘
2899 2018 2958 2071 et
2979 2021 3095 2069 405.
3122 2021 3153 2067 2

355 2122 662 2195 quaerunt
718 2115 892 2194 ‘quid
952 2120 1042 2174 est
1096 2115 1265 2175 πεῖθ’
1334 2122 1392 2174 et
1447 2116 1527 2175 ita
1585 2114 1900 2184 definiunt,
1975 2114 2103 2175 ‘ars
2161 2121 2247 2173 est
2300 2114 2473 2172 unius
2527 2116 2811 2194 cuiusque
2866 2115 2955 2174 rei
2979 2093 3154 2152 486‚4

300 2220 663 2278 5scientia'.
754 2218 1060 2296 quaeritur
1118 2217 1275 2276 enim
1343 2215 1698 2296 etymologia
1765 2205 1951 2296 ipsius
2013 2217 2172 2276 artis.
2264 2214 2432 2275 multi
2499 2215 2701 2274 dicunt
2765 2224 2952 2275 artem

357 2320 582 2381 dictam
644 2337 769 2379 esse
816 2312 945 2378 ἀπὸ
990 2318 1105 2398 τῆς
1150 2312 1412 2398 ἀρετῆς,
1475 2318 1531 2377 id
1580 2328 1664 2380 est
1709 2338 1742 2379 a
1787 2320 2001 2379 virtute
2058 2326 2117 2377 et
2161 2319 2405 2377 scientia
2450 2319 2625 2377 unius
2670 2318 2953 2396 cuiusque

354 2424 466 2481 rei.
562 2418 661 2480 alii
721 2421 1125 2480 refutaverunt
1181 2422 1357 2480 istam
1415 2419 1819 2484 definitionem
1875 2428 1933 2480 et
1988 2418 2262 2480 dixerunt
2305 2428 2493 2479 artem
2540 2419 2754 2480 dictam
2802 2438 2950 2488 esse,

364 2522 521 2602 quod
572 2523 716 2582 artis
760 2524 1095 2602 praeceptis
1141 2531 1351 2583 cuncta
1396 2523 1730 2585 concludat.
1823 2521 1968 2583 nihil
2016 2523 2227 2582 verius.
2319 2540 2424 2582 sex
2469 2540 2636 2582 casus
2681 2532 2844 2590 sunt,
2894 2529 2952 2581 et

357 2626 559 2684 omnia
605 2625 844 2685 nomina
889 2644 998 2704 per
1045 2627 1187 2686 istos
1233 2643 1336 2684 sex
1385 2643 1555 2685 casus
1586 2625 1943 2693 decurrunt;
1991 2626 2249 2704 quinque
2279 2632 2415 2684 sunt
2446 2625 2639 2693 modi,
2689 2631 2747 2684 et
2777 2642 2951 2684 omne

280 2743 328 2780 10
358 2725 607 2788 verbum
664 2744 775 2805 per
830 2744 932 2787 eos
988 2725 1338 2789 declinatur.
1431 2745 1572 2806 ergo
1628 2734 1793 2789 artae
1851 2733 1908 2787 et
1964 2727 2202 2788 strictae
2248 2724 2619 2788 definitiones
2665 2726 2948 2806 quaedam

494 2935 528 2981 2
582 2947 895 2982 connexi-uu
944 2932 1099 2982 Anrxs'
1139 2948 1322 2983 nonni
1379 2932 1789 2995 Uniuseuiusque
1844 2932 1916 2981 rei
1970 2932 2178 2981 scientia
2233 2932 2492 2995 quaeritur
2544 2931 2852 2997 etymologia
2903 2933 2949 2981 A

358 3017 679 3053 count-:nrum
725 3018 868 3053 Anus
917 3017 1102 3052 noum
1152 3003 1557 3066 Uniuscniusque
1603 3004 1675 3051 rei
1722 3003 1932 3051 scientia
1980 3002 2236 3065 quaeritur
2286 3003 2614 3068 aetimologin
2651 3003 2702 3051 B
2757 3017 2803 3051 m
2862 3018 2951 3054 no-

358 3089 485 3122 κικε
525 3088 609 3120 nm
651 3088 812 3121 smum
853 3088 936 3123 xxc
986 3087 1140 3121 Erum
1179 3088 1442 3122 mucuns
1488 3090 1550 3122 oe
1596 3089 1837 3123 mni-mus
1877 3086 2151 3121 nunninus
2207 3088 2472 3125 onArtoms
2525 3089 2672 3123 unius
2708 3088 2949 3130 emesena

356 3158 443 3191 nm
482 3158 773 3201 Qoazntrun
810 3157 1188 3192 Assrntuotoom
1230 3144 1272 3194 G
1317 3158 1502 3193 meteu-
1554 3158 1800 3193 ponemus
1858 3156 2135 3192 exposa-on
2183 3157 2487 3193 nncumnnm
2543 3158 2726 3194 nonam
2785 3158 2947 3193 onan-

358 3228 548 3263 nAnct.
621 3212 977 3262 Cnmmentum
1032 3214 1153 3260 artis
1208 3213 1380 3262 donati
1434 3214 1836 3275 uniuscuiusque
1882 3213 1956 3261 rei
1996 3213 2237 3262 scientiae
2277 3213 2535 3274 quaeritur
2586 3211 2950 3278 aethimologia

354 3285 521 3332 codex
560 3282 1043 3343 Monlepessulanns
1080 3283 1211 3333 358:
1250 3297 1438 3333 mClPtT
1490 3299 1779 3333 rnexcrnns
1835 3296 2044 3332 PoMPEn
2099 3298 2412 3333 nummum
2455 3284 2620 3332 codem
2657 3283 2949 3344 Montepes-

353 3355 560 3402 ‚calanus
594 3355 879 3415 rescriptas
920 3353 1015 3404 141
1058 3365 1248 3403 noewnr
1284 3368 1570 3404 rnmcmrus
1612 3367 1822 3403 Ponpmt
1861 3368 2174 3402 ormnmzxrict
2219 3367 2315 3410 Quo
2355 3357 2566 3412 (pompm
2603 3368 2651 3402 m
2687 3368 2782 3410 ono
2819 3354 2950 3402 Sem-

347 3423 625 3485 yallensis)
664 3437 847 3473 nonni
884 3436 1056 3472 anri-:m
1095 3438 1325 3472 mnu-*tce
1366 3437 1734 3474 coum-:nurus
1766 3438 1854 3472 ssr
1895 3423 2060 3471 codex
2095 3425 2365 3472 Parisinus
2404 3423 2535 3472 7491
2567 3432 2615 3472 et
2647 3422 2946 3486 Sangallen-

349 3495 422 3542 sis
455 3494 578 3543 876.
617 3495 806 3542 initium
836 3494 956 3542 libri
990 3494 1039 3541 in
1066 3493 1317 3543 codicibus
1343 3494 1489 3543 ABG
1521 3495 1732 3542 mutilati
1761 3495 1989 3555 supplevi
2023 3509 2092 3541 ex
2126 3494 2299 3543 codice
2333 3493 2616 3542 Lavantino
2649 3496 2736 3551 24,
2765 3496 2815 3541 in
2850 3510 2945 3558 quo

350 3566 533 3612 omissa
566 3565 896 3626 inscriptione
931 3563 1050 3612 libri
1085 3571 1136 3612 et
1178 3565 1357 3612 addita
1395 3564 1732 3625 disputatione
1767 3564 1832 3612 de
1858 3561 2095 3626 partibus
2130 3564 2400 3618 orationis,
2444 3579 2574 3628 quae
2608 3564 2673 3612 ab
2709 3565 2800 3612 leoc
2837 3567 2944 3612 1000

350 3635 519 3682 aliena
548 3640 643 3689 est,
681 3634 879 3696 scripta
916 3641 1030 3682 sune
1064 3632 1218 3695 haec,
1257 3633 1428 3683 Partes
1466 3634 1710 3683 orationis
1742 3632 1967 3682 Donatus
2005 3632 2207 3694 quidem
2238 3633 2349 3680 Vlll
2390 3633 2624 3687 ditiniuit,
2665 3634 2943 3682 Aristotilis

349 3702 407 3763 (Ι.
452 3703 757 3752 Aristoteles
807 3701 911 3765 ΙΙ),
954 3702 1106 3751 Stoici
1141 3704 1200 3751 V.
1242 3704 1354 3751 ideo
1396 3704 1524 3753 dixit
1563 3703 1727 3751 ‘multi
1765 3703 1969 3767 plures,
2011 3702 2156 3750 multi
2193 3705 2461 3767 panciores
2498 3712 2666 3767 partes
2700 3703 2943 3751 orationis

351 3778 578 3836 putant’.
656 3781 705 3819 et
758 3772 800 3819 si
846 3773 1137 3835 querimus,
1188 3773 1477 3822 Aristotiles
1527 3773 1650 3821 bene
1698 3772 1919 3823 difiniuit
1968 3787 2148 3821 nornen
2195 3783 2244 3822 et
2289 3774 2521 3822 uerbum.
2597 3788 2710 3821 nam
2759 3773 2942 3835 reliqui

352 3842 411 3903 (l,
444 3841 700 3904 reliquae)
739 3841 879 3889 uelut
915 3842 1222 3907 appendices
1262 3842 1381 3891 hinc
1427 3844 1679 3908 originem
1719 3842 1941 3896 trahunt.
2019 3857 2118 3892 non
2149 3851 2316 3907 potest
2353 3843 2487 3891 enim
2526 3850 2578 3889 ut
2619 3844 2804 3893 sciatur
2840 3858 2939 3903 rest,

350 3913 447 3963 nisi
490 3926 674 3961 nomen
712 3910 885 3959 suerit.
961 3928 1024 3960 ex
1071 3914 1273 3962 nornine
1310 3924 1476 3962 autem
1515 3915 1739 3962 nascitur
1778 3926 2085 3977 pronomen,
2122 3913 2239 3975 quia
2275 3914 2438 3977 ipsius
2475 3911 2642 3962 officio
2679 3912 2939 3978 fungitur:

352 3982 477 4031 nihil
514 3984 651 4031 enim
690 3981 919 4040 interest,
959 3982 1003 4030 si
1040 3981 1180 4031 dicas
1217 3998 1311 4048 ego
1353 3990 1440 4031 aut
1476 3983 1518 4030 si
1556 3984 1701 4032 dicas
1740 3998 1838 4047 ego
1878 3984 2226 4035 Valentianus.
2268 3984 2330 4030 de
2369 3983 2541 4041 uerbo
2565 3984 2788 4031 nascitur
2825 3997 2941 4046 par-

350 4052 605 4117 ticipium:
669 4052 998 4116 participium
1060 4052 1247 4101 dictum
1307 4064 1384 4101 est
1433 4054 1579 4114 quasi
1629 4053 1985 4118 particapium.
2053 4052 2347 4101 aduerbium
2397 4052 2460 4101 de
2512 4054 2743 4109 nomine,
2795 4052 2941 4115 qnasi

350 4122 527 4172 doctus
557 4123 726 4173 docte.
805 4122 1095 4170 coniunctio
1135 4137 1252 4171 uero
1287 4124 1366 4171 uel
1407 4124 1716 4187 praepositio
1752 4125 1834 4171 uel
1873 4123 2156 4171 interiectio
2196 4123 2295 4170 iam
2335 4124 2463 4170 inter
2501 4123 2776 4171 orationem
2816 4123 2940 4181 (inm

350 4192 669 4241 l'orationum
701 4205 791 4253 pr.
826 4191 983 4254 man.)
1019 4193 1335 4257 conpositam
1363 4194 1565 4244 cadunt.
1620 4193 1734 4241 ideo
1765 4208 1866 4240 non
1905 4192 2030 4240 nulli
2061 4194 2284 4255 quinque
2321 4202 2492 4257 partes
2527 4192 2788 4247 diffiniunt,
2823 4192 2940 4252 quia

350 4273 463 4309 sunt
498 4264 628 4310 istae
664 4260 945 4325 superflue.
991 4259 1136 4310 Greci
1166 4262 1560 4311 interiectionem
1596 4276 1695 4310 non
1730 4262 1935 4323 habent,
1962 4276 2054 4311 nos
2079 4263 2349 4311 articulum
2381 4277 2480 4311 non
2519 4262 2930 4311 adnumeramus.

351 4340 570 4381 ceterum
609 4332 861 4380 habemns
899 4331 990 4380 sed
1028 4331 1216 4380 iuncxit
1246 4330 1305 4395 (l.
1348 4331 1632 4394 iunximus)
1674 4348 1787 4381 cum
1826 4333 2139 4397 pronomine.
2215 4333 2345 4381 inter
2381 4333 2643 4381 articulum
2680 4341 2846 4382 autem
2889 4340 2938 4380 et

352 4416 623 4465 pronomen
664 4401 763 4450 hoc
805 4401 1045 4457 interest,
1085 4403 1204 4464 quia
1241 4402 1508 4451 articulum
1548 4404 1610 4465 (I.
1654 4403 1920 4464 articulus)
1957 4411 2060 4459 est,
2101 4417 2211 4451 cum
2248 4404 2440 4453 nomini
2479 4404 2730 4466 iungitur,
2768 4411 2823 4449 ut
2856 4400 2938 4448 hic

352 4474 564 4536 Aeneas,
594 4485 881 4537 pronomen
921 4479 1087 4519 autem
1128 4472 1211 4539 hie
1244 4471 1370 4520 haec
1408 4470 1517 4519 hoc.
1557 4470 1788 4535 plerique
1819 4472 1904 4534 qui
1937 4482 2092 4520 artem
2126 4473 2350 4522 scribunt
2387 4489 2416 4521 a
2445 4472 2737 4521 definitione
2774 4472 2936 4536 ipsius

351 4542 468 4589 artis
506 4542 747 4591 inchoant
789 4548 842 4589 et
880 4549 1127 4603 quaerunt
1165 4542 1286 4605 quid
1325 4550 1400 4591 est
1437 4556 1519 4589 ars
1573 4549 1619 4589 et
1657 4543 1727 4590 ita
1763 4542 2023 4591 desininnt
2058 4557 2139 4591 ars
2184 4553 2261 4593 est
2298 4543 2370 4592 rei
2419 4544 2663 4605 cuiusque
2708 4542 2933 4594 scientia.

353 4612 574 4672 queritur
608 4613 747 4661 enim
788 4609 1119 4675 ethimologia
1154 4613 1319 4676 ipsius
1347 4612 1490 4662 artis,
1569 4612 1713 4661 multi
1749 4612 1926 4661 dicunt
1961 4618 2121 4661 artem
2161 4628 2276 4662 esse
2313 4622 2490 4676 apotes
2529 4613 2681 4661 {trites
2717 4612 2770 4659 id
2801 4620 2878 4661 est
2906 4627 2936 4659 a

352 4681 549 4735 uirtute.
602 4697 721 4731 nam
755 4682 924 4729 uirtus
959 4681 1142 4730 dicitur
1179 4690 1303 4746 aput
1339 4695 1520 4746 grecos
1557 4682 1765 4730 scientia
1803 4681 2030 4731 omnium
2069 4697 2234 4731 rerum
2269 4683 2400 4731 sieut
2430 4691 2552 4747 aput
2585 4683 2766 4731 latinos
2802 4682 2937 4731 dicta

351 4759 424 4797 est
459 4768 541 4801 ars
575 4752 867 4817 aposarites
900 4750 952 4799 id
980 4758 1065 4813 est
1100 4766 1130 4799 a
1164 4754 1351 4800 uirtute
1391 4765 1420 4798 a
1451 4751 1663 4799 scientia
1695 4753 1846 4801 nnius
1880 4753 2125 4815 cuiusque
2151 4752 2222 4800 rei
2327 4754 2360 4802 (i
2396 4763 2572 4817 apotes
2619 4762 2782 4801 nretcs
2811 4752 2936 4802 Bca

351 4832 522 4884 apotes
557 4824 746 4872 arietes
770 4820 821 4869 A
927 4836 956 4868 a
992 4821 1176 4869 uirtute
1203 4830 1251 4870 et
1286 4821 1499 4870 scientia
1535 4822 1577 4871 G
1609 4836 1639 4869 n
1675 4822 1862 4872 uirtute
1897 4837 1927 4871 a
1962 4823 2174 4872 scientia
2216 4821 2265 4870 Α
2301 4838 2331 4871 a
2361 4823 2545 4872 uirtute
2583 4832 2632 4874 et
2661 4837 2691 4872 a
2727 4824 2936 4873 scientia

353 4888 400 4939 B
530 4892 564 4943 9
600 4893 809 4942 nomina
846 4907 940 4942 om.
980 4890 1054 4955 A,
1093 4891 1215 4940 add.
1254 4908 1287 4940 a
