3541 5564
202 1472 318 1529 418,
348 1474 410 1522 14

200 1541 318 1603 516,
347 1542 410 1592 13

441 357 568 423 266
1577 357 1883 421 ΡΟΜΡΕΠ

525 496 537 509 .
566 470 742 510 sao-⁸2
770 468 815 508 1..

441 482 591 612 felrte
635 550 734 611 citi
777 548 1069 618 flammaS,
1116 556 1218 609 aut
1261 548 1394 609 date
1439 546 1585 617 tela,
1632 554 1735 608 aut
1778 544 2043 627 inpellite
2086 550 2350 606 remos’:
2412 544 2645 624 quando
2689 545 2839 606 dicis
2883 548 3024 606 ‘aut

441 652 594 713 ferte
639 653 923 722 flammaS,
972 658 1072 712 aut
1116 651 1249 713 date
1292 649 1427 720 tela,
1476 657 1579 711 aut
1620 648 1888 729 inpellite
1931 654 2182 720 remos',
2228 666 2348 709 non
2393 656 2716 727 utrumque
2760 650 3024 728 imperas

439 754 776 816 faciendum
823 773 982 823 esse,
1038 753 1142 815 sed
1200 753 1574 823 alterutrum,
1634 760 1700 814 ut
1743 760 1844 814 aut
1895 749 2143 812 navibus
2207 759 2535 831 sequantur>
2589 757 2692 812 aut
2745 751 3018 812 flammis,

439 863 556 919 stat
607 858 845 937 quidem
904 856 1157 918 elocutio
1208 856 1558 936 interposita
1613 852 1708 916 illa
1762 852 2051 935 particula
2104 854 2486 924 disiunctiva,
2542 852 2601 913 id
2649 861 2739 915 est
2778 872 3019 915 sensum

438 959 739 1030 disiunxit,
787 959 1183 1021 elocutionem
1228 967 1425 1020 tamen
1470 957 1665 1019 tenuit
1709 966 1767 1019 et
1810 959 2019 1018 iunxit.
2082 973 2227 1034 ergo
2270 956 2406 1017 ideo
2436 956 2715 1017 dicuntur
2758 944 3018 1018 disiunc-
3046 979 3072 1018 5

438 1064 621 1133 tivae,
669 1080 789 1123 non
835 1061 991 1140 quod
1036 1069 1098 1122 et
1151 1060 1329 1122 verba
1388 1060 1727 1140 disiungant
1783 1068 1841 1120 et
1883 1077 2144 1130 sensum,
2190 1058 2296 1120 sed
2340 1060 2496 1139 quod
2547 1058 2728 1120 verba
2772 1061 3019 1121 coniun-

438 1171 597 1244 gant,
642 1183 882 1226 sensum
927 1164 1277 1243 disiungant.
1326 1163 1482 1244 quod
1530 1162 1705 1224 verba
1751 1163 2079 1240 coniungit,
2127 1163 2562 1223 coniunctionis
2590 1169 2711 1231 est;
2758 1161 3018 1224 disiunc-

439 1269 617 1328 tionis
662 1275 770 1337 est,
818 1267 977 1345 quod
1022 1286 1264 1329 sensum
1311 1267 1613 1346 disiungit.
1675 1265 1791 1326 hoc
1837 1264 2153 1345 est,·quod
2182 1263 2406 1325 habent
2446 1266 2636 1344 partis
2672 1282 2833 1335 suae,
2880 1267 3018 1345 quia

440 1368 718 1430 dicuntur
762 1369 1166 1431 disiunctivae.

604 1471 943 1552 Expletivae
988 1471 1177 1535 dictae
1222 1478 1360 1534 sunt
1403 1470 1476 1532 ab
1522 1491 1611 1541 eo,
1660 1471 1819 1549 quod
1863 1478 2092 1533 tantum
2135 1489 2380 1532 sensum
2442 1468 2720 1550 expleant
2763 1469 3012 1533 additae.
3046 1491 3094 1531 ιο

437 1569 668 1635 additae
715 1576 871 1636 enim
916 1583 1134 1654 augent
1176 1582 1469 1645 ornatum,
1519 1572 1818 1636 detractae
1873 1571 2021 1635 nihil
2074 1582 2310 1634 nocent.
2397 1571 2553 1633 hanc
2596 1581 2865 1636 naturam
2912 1575 3015 1637 ha-

436 1675 579 1738 bent
622 1676 974 1757 expletivae:
1036 1677 1271 1758 quando
1316 1676 1729 1747 detrahuntur,
1789 1675 1935 1737 nihil
1980 1673 2358 1759 signilticant;
2415 1675 2651 1755 quando
2695 1674 3013 1746 adduntur,

437 1786 652 1840 ornant
693 1798 938 1842 sensum
992 1781 1219 1860 ipsum,
1285 1779 1344 1840 id
1392 1787 1480 1841 est
1524 1779 1758 1859 quando
1815 1778 2235 1847 detrahuntur,
2293 1796 2414 1840 non
2460 1777 2731 1840 mutilant
2774 1778 3012 1859 aliquid,

436 1899 554 1944 non
599 1881 932 1943 detrahunt.
1025 1889 1089 1943 ut
1141 1890 1284 1962 puta
1334 1884 1385 1944 si
1440 1882 1604 1943 dicas
1649 1881 1964 1959 ‘equidem
2018 1880 2287 1958 volebam
2346 1882 2714 1960 praefectum
2761 1880 2958 1942 videre
2975 1887 3013 1951 ’‚

435 1983 576 2045 tolle
619 1985 758 2046 inde
816 1985 1122 2066 equidem,
1171 1993 1229 2046 et
1271 1992 1389 2047 stat
1431 1984 1702 2055 elocutio,
1750 1983 2055 2046 ‘volebam
2100 1985 2466 2065 praefectum
2511 1983 2714 2045 videre
2731 1989 2769 2044 ².
2937 2040 2944 2047 .
3046 2003 3096 2044 15

738 2085 1014 2159 saltim,
1062 2088 1274 2168 siqua
1317 2087 1497 2149 mihi
1540 2087 1625 2150 de
1670 2094 1738 2148 te
1782 2093 2140 2167 suscepta
2183 2086 2459 2147 suisset

738 2199 905 2251 ante
950 2191 1188 2269 fugam
1234 2189 1568 2252 suboles,

435 2290 572 2354 tolle
615 2292 756 2354 inde
800 2291 1026 2364 saltim,
1080 2300 1139 2353 et
1180 2299 1294 2353 stat
1339 2292 1612 2365 elocutio,
1659 2292 1851 2373 ‘siqua
1895 2292 2040 2354 mihi
2084 2292 2160 2353 de
2205 2301 2263 2355 te
2307 2298 2582 2372 suscepta
2623 2293 2833 2354 fuisset
2879 2300 3018 2355 ante

431 2396 633 2474 sugam
676 2394 955 2456 suboles’.
1047 2413 1189 2474 ergo
1233 2397 1383 2457 istae
1427 2395 1706 2456 dicuntur
1751 2394 2077 2476 expletivae
2126 2414 2275 2475 quae
2321 2413 2563 2457 sensum
2609 2395 2866 2476 explent,
2914 2396 3017 2456 de-

432 2505 654 2560 tractae
698 2504 898 2558 autem
943 2496 1092 2557 nihil
1136 2505 1380 2566 nocent;
1426 2496 1561 2558 ideo
1606 2497 1883 2561 dicuntur
1929 2498 2274 2579 expletivae.
2350 2516 2535 2579 quare
2581 2505 2779 2559 autem
2823 2498 3017 2561 dictae
3043 2516 3094 2555 ω

429 2610 569 2663 sunt
614 2598 940 2679 expletivae
986 2607 1044 2660 et
1086 2618 1207 2661 non
1252 2602 1590 2661 ornativae?
1648 2617 1786 2662 nam
1830 2599 1967 2663 illae
2024 2602 2325 2662 ornativae
2381 2601 2661 2662 dicuntur
2714 2619 2869 2680 quae
2913 2601 3015 2662 ad-

430 2704 588 2765 ditae
631 2708 863 2772 ornant,
911 2701 1211 2763 detractae
1255 2721 1375 2763 non
1421 2700 1655 2764 obsunt.
1717 2706 1863 2765 istae
1908 2710 2101 2765 autem
2147 2722 2299 2784 quae
2344 2702 2624 2765 dicuntur
2669 2703 3013 2784 expletivae,

431 2813 716 2887 quantum
773 2806 1064 2883 significat
1119 2807 1250 2886 ipse
1302 2824 1537 2882 sensus,
1597 2809 1773 2869 etiam
1834 2805 2111 2868 adverbia
2167 2815 2547 2887 permanent,
2617 2824 2738 2868 non
2788 2815 3014 2868 vacant.

429 2928 616 2991 quare
670 2906 995 2969 noluerunt
1046 2907 1249 2969 dicere
1305 2910 1601 2970 ornativas
1655 2911 1828 2981 istaS,
1886 2909 1989 2970 sed
2049 2907 2387 2971 maluerunt
2430 2908 2630 2970 dicere
2674 2907 3015 2988 expletivas.

429 3015 479 3073 si
526 3013 683 3073 enim
730 3009 1053 3072 voluissent
1095 3009 1293 3072 dicere
1338 3013 1664 3082 ornativas‚
1727 3013 2106 3074 manifestum
2153 3017 2310 3073 esset
2353 3010 2513 3090 quod
2559 3011 2793 3073 additae
2839 3030 3011 3072 orna·
3040 3029 3093 3070 ιο

429 3123 591 3184 rent,
648 3113 877 3175 ablatae
932 3111 1082 3173 nihil
1124 3121 1442 3175 nocerent:
1530 3113 1684 3175 hanc
1737 3113 1961 3175 habent
2014 3122 2317 3189 naturam,
2367 3113 2552 3192 quod,
2600 3133 2732 3175 cum
2779 3112 3014 3175 additae

429 3218 679 3285 suerint,
737 3215 970 3277 accedit
1022 3214 1246 3284 cultus;
1303 3218 1355 3277 si
1401 3215 1652 3278 decedat
1694 3215 1919 3286 cultus,
1973 3217 2211 3288 intes-im
2257 3218 2527 3297 corporis
2571 3216 2718 3278 nihil
2763 3215 3009 3277 recedit.

430 3337 573 3397 ergo
626 3317 768 3396 quid
826 3326 918 3378 est
975 3316 1300 3397 expletiva?
1372 3318 1610 3398 quando
1655 3319 1788 3380 dico
1835 3318 2003 3397 ‘lege
2046 3319 2431 3389 lectionem'‚
2481 3327 2542 3381 et
2597 3316 2834 3396 quando
2880 3318 3014 3380 dico

429 3419 674 3482 ‘saltem
718 3420 848 3497 lege
891 3418 1212 3482 lectionem
1228 3424 1269 3489 ⁹,
1318 3420 1474 3482 aliud
1521 3431 1613 3483 est
1657 3421 1857 3483 dicere
1903 3421 2060 3500 ‘lege
2104 3420 2418 3483 lectionem
2434 3424 2474 3491 ²,
2526 3420 2681 3482 aliud
2730 3428 2819 3482 est
2863 3420 3012 3481 ‘sal-

427 3531 547 3584 tem
591 3521 723 3600 lege
767 3520 1129 3584 lectionem'.
1216 3539 1331 3601 quo
1378 3523 1592 3585 modo?
1651 3526 1753 3605 qui
1799 3524 1908 3586 tibi
1952 3523 2098 3584 dicit
2135 3524 2289 3601 ‘lege
2333 3523 2696 3595 lectionem’,
2744 3522 3013 3585 hortatur
3039 3540 3093 3580 ω

429 3633 488 3686 te
532 3623 606 3685 ad
653 3642 829 3685 unam
887 3643 1016 3686 rem
1065 3626 1076 3704 Ι
1125 3625 1474 3687 faciendam.
1566 3635 1626 3687 et
1676 3628 1836 3687 forte
1881 3625 2023 3687 alias
2079 3611 2400 3696 reslaciS,
2462 3626 2566 3687 sed
2612 3627 2781 3688 istam
2826 3624 3013 3687 solam

428 3746 548 3789 non
593 3724 877 3797 faciebas;
931 3717 1257 3804 cantabas.
1314 3727 1419 3790 sed
1474 3746 1593 3789 non
1639 3727 1880 3807 legebas
1934 3728 2270 3790 lectionem.
2358 3730 2460 3806 qui
2518 3726 2626 3789 tihi
2679 3726 2824 3789 dicit
2865 3726 3014 3787 ‘hoc

426 3831 583 3900 fac’,
618 3830 918 3891 ‚hortatur
969 3838 1035 3890 ut
1088 3831 1248 3891 hanc
1288 3846 1418 3890 rem
1454 3830 1692 3906 facias,
1752 3830 1893 3891 licet
1946 3838 2011 3892 tu
2052 3830 2181 3892 illas
2225 3849 2327 3891 res
2371 3839 2582 3910 sponte
2634 3831 2843 3899 facias:
2913 3831 3015 3909 qui

428 3940 626 3994 autem
681 3929 788 3992 tihi
834 3930 976 3991 dicit
1018 3929 1262 3993 ‘saltem
1306 3931 1420 3993 hoc
1465 3933 1710 4001 facito',
1773 3933 2034 3994 ostendit
2074 3942 2134 3994 te
2178 3933 2373 3994 omnia
2419 3931 2565 3992 nihil
2622 3933 2849 4002 facere,
2909 3931 3012 3993 sed

428 4034 518 4096 vel
559 4033 676 4095 hoc
718 4052 905 4094 unum
948 4034 1160 4096 facere.
1194 4033 1439 4096 debere.
1527 4034 1704 4114 longe
1760 4033 1916 4096 aliud
1974 4043 2066 4097 est
2122 4034 2348 4095 hortari
2403 4053 2513 4095 nos
2559 4034 2631 4095 ad
2676 4053 2860 4097 unum
2908 4034 3013 4095 ali·
3040 4051 3092 4091 35

428 4137 571 4216 quid
626 4134 990 4207 faciendum,
1049 4155 1185 4198 cum
1242 4144 1439 4197 cetera
1495 4137 1704 4208 faciaS,
1762 4138 1940 4219 longe
1996 4136 2155 4199 aliud
2204 4143 2293 4197 est
2335 4144 2401 4196 ut
2446 4135 2533 4198 vel
2579 4156 2762 4198 unum
2807 4137 3010 4198 facias.

427 4258 565 4301 nam
607 4239 722 4301 hoc
764 4237 947 4300 habet
992 4246 1200 4300 natura
1235 4237 1423 4300 ·huius
1469 4238 1848 4301 elocutionis:
1905 4248 2045 4320 puta
2094 4238 2339 4300 ‘saltem
2386 4238 2678 4310 ambula’,
2725 4239 2786 4299 id
2833 4247 2923 4299 est
2965 4240 3015 4300 si

426 4362 547 4404 non
592 4344 677 4403 vis
719 4341 1010 4412 dormire,
1068 4342 1120 4402 si
1163 4360 1284 4404 non
1328 4343 1417 4403 vis
1460 4341 1700 4411 sedere,
1750 4345 1801 4403 si
1845 4360 1964 4404 non
2010 4343 2095 4404 vis
2140 4350 2326 4411 stare,
2375 4339 2465 4403 vel
2510 4342 2627 4403 hoc
2671 4359 2855 4403 unum
2900 4341 3011 4412 fac.

428 4444 694 4515 ambula;
755 4443 989 4525 quando
1035 4451 1233 4506 autem
1280 4444 1413 4505 dico
1459 4443 1722 4514 ambula,
1780 4446 1897 4505 iam
1954 4464 2074 4507 non
2129 4462 2313 4524 arguo
2358 4451 2416 4507 te
2463 4445 2648 4506 totius
2693 4443 3013 4523 neglegen-

426 4549 569 4620 tiae,
629 4546 734 4609 sed
766 4565 973 4626 ..arguo
1019 4555 1106 4617 te,
1179 4546 1337 4625 quod
1393 4548 1563 4608 istam
1622 4565 1801 4609 unam
1855 4566 1986 4608 rem
2042 4547 2333 4610 omiseris,
2429 4551 2581 4626 ergo‘
2629 4546 2819 4608 dictae
2875 4552 3090 4607 sunt4o

566 4736 601 4786 8
636 4736 792 4786 habet
827 4735 997 4785 ABG
1163 4745 1305 4800 parte
1340 4735 1390 4784 A
1429 4743 1599 4801 partes
1638 4735 1706 4786 a*
1888 4735 1955 4787 16
1992 4733 2185 4801 saltim]
2238 4735 2395 4800 Very.
2439 4736 2569 4789 Aen.
2606 4736 2696 4786 1111
2732 4733 2835 4784 327

429 4807 493 4857 17
533 4806 736 4855 soboles
771 4805 871 4856 BG
1011 4804 1076 4856 18
1109 4806 1227 4855 tolle
1261 4833 1329 4842 —
1365 4806 1571 4858 suboles
1602 4822 1694 4861 om.
1736 4807 1807 4872 G,
1844 4806 1966 4860 add.
1996 4821 2024 4854 c
2165 4805 2231 4857 19
2268 4805 2473 4856 soboles
2513 4805 2600 4855 Bc
2737 4804 2805 4856 33
2841 4805 3012 4855 horta-

426 4885 509 4925 tur
546 4883 602 4926 ut
634 4874 765 4925 hanc
799 4890 905 4926 rem
940 4874 1099 4926 facias
1132 4891 1224 4928 om.
1265 4875 1433 4927 ABG
