3541 5564
1351 357 1822 419 COMMENTVM
2762 356 2884 420 173

2513 478 2555 519 p.
2585 466 2760 506 174—76
2790 465 2834 507 1..

304 561 453 622 quae
510 545 624 604 nisi
679 562 786 624 per
844 529 1100 604 dativum
1158 561 1357 605 casum
1417 565 1535 606 non
1589 564 1903 625 possumus
1958 546 2186 614 dicere,
2244 555 2308 606 ut
2361 547 2634 607 inimicus
2688 546 2883 607 malis:

303 663 422 705 non
467 663 703 725 possum
751 644 949 707 dicere
1000 649 1308 708 ‘inimicus
1351 655 1487 709 tuus
1534 651 1674 718 est',
1721 648 1826 709 sed
1871 647 2182 709 ‘inimicus
2229 648 2336 708 tibi
2381 650 2524 709 est’.
2600 657 2740 709 sunt
2784 648 2885 709 ali-

302 766 417 826 qua
464 767 613 828 quae
658 750 1053 810 accusativum
1100 758 1407 818 secuntur,
1454 757 1518 810 ut
1549 769 1762 811 exosus
1796 749 1977 811 bella:
2027 752 2113 810 sic
2143 752 2299 810 enim
2332 750 2600 820 dicimuS,
2648 754 2885 812 ‘exosus

297 848 458 910 illam
508 869 636 911 rem
653 856 690 910 ’.
751 850 1020 912 similiter
1066 860 1124 913 et
1166 854 1470 936 praescius
1514 853 1739 922 sutura;
1788 852 1888 913 sed
1935 853 2185 932 figurate
2229 855 2558 914 accusativo
2604 855 2882 932 iungitur,

250 967 275 1006 5
299 951 610 1014 honestius
653 963 847 1014 autem
893 939 1172 1033 genetivo
1209 955 1501 1034 iungitur,
1546 956 1853 1033 praescius
1884 956 2214 1016 suturarum
2245 974 2463 1016 rerum.
2526 964 2661 1016 sunt
2691 953 2883 1036 aliqua

297 1074 447 1134 quae
502 1053 820 1116 ablativum
878 1075 1077 1118 casum
1133 1066 1441 1126 secuntur,
1500 1065 1564 1116 ut
1620 1056 1914 1117 secundus
1963 1077 2005 1134 a
2050 1056 2330 1127 Romu10,
2380 1057 2527 1118 alter
2571 1057 2646 1118 ab
2692 1056 2880 1138 Sylla:

294 1158 403 1219 ista
462 1165 601 1218 sunt
655 1177 804 1238 quae
862 1157 1178 1221 ablativum
1235 1165 1533 1220 secuntur.
1624 1176 1767 1237 ergo
1814 1178 1934 1220 non
1993 1179 2313 1240 possumus
2367 1159 2566 1221 dicere
2613 1159 2747 1220 ‘ille
2791 1179 2884 1221 se-

294 1259 531 1320 cundus
577 1257 684 1320 tibi
731 1264 872 1330 est’,
920 1261 1021 1321 sed
1068 1260 1201 1322 ‘ine
1246 1261 1542 1322 secundus
1586 1281 1617 1322 a
1662 1270 1720 1322 te
1767 1266 1910 1322 est’.
1997 1264 2104 1323 ista
2152 1280 2294 1342 ergo
2329 1271 2477 1325 ,sunt
2531 1281 2678 1342 quae
2723 1261 2882 1323 abla-

296 1364 477 1423 tivum
537 1370 851 1434 secuntur,
912 1365 1210 1426 secundus
1265 1384 1297 1424 a
1354 1363 1636 1433 Romulo,
1694 1362 1844 1424 alter
1903 1364 1976 1425 ab
2034 1363 2206 1445 Sylla.
2289 1372 2429 1426 sunt
2485 1363 2676 1444 aliqua
2734 1382 2884 1442 quae

221 1473 268 1512 1⁰
294 1468 621 1546 septimum
682 1474 989 1539 secuntur,
1048 1474 1114 1527 ut
1168 1467 1381 1546 dignus
1423 1485 1697 1534 munere,
1747 1475 1976 1529 mactus
2021 1468 2264 1528 virtute:
2325 1467 2569 1545 ‘dignus
2612 1466 2712 1527 illa
2756 1468 2881 1537 re',

292 1587 654 1648 quamquam
702 1567 1023 1647 legerimus
1067 1570 1395 1630 accusativo
1441 1571 1706 1631 iunctum
1752 1570 1814 1629 in
1860 1568 2172 1639 Terentio,

2123 1672 2389 1751 dignus
2435 1692 2512 1734 es

605 1792 763 1834 cum
793 1781 909 1833 tua
942 1772 1323 1852 religione
1355 1775 1627 1840 odium,
1663 1776 1785 1852 qui
1831 1774 2096 1835 nodum
2145 1776 2215 1834 in
2263 1776 2516 1854 scirpo
2562 1775 2880 1855 quaeris.

290 1883 525 1937 mactus
568 1878 811 1937 virtute:
861 1880 1126 1938 ‘macte
1173 1896 1356 1938 nova
1401 1878 1681 1937 virtute
1724 1878 1974 1957 puer';
2029 1877 2035 1958 Ι
2085 1877 2306 1937 Statius
2351 1879 2597 1938 mutavit
2642 1885 2699 1938 et
2743 1876 2888 1937 dixit

219 1984 572 2039 ¹⁵‘macte
631 1979 885 2038 animi'
947 1976 1189 2058 [virtute
1243 1978 1454 2060 puer]‚
1513 1986 1704 2040 macte
1760 1977 1920 2041 illius
1977 1981 2091 2049 rei,
2149 1981 2484 2058 genetivum
2530 1981 2729 2059 posuit
2771 1998 2884 2059 pro

289 2079 569 2142 ablativo.
663 2079 766 2140 sed
824 2087 1022 2141 tamen
1079 2081 1193 2143 hoc
1250 2083 1402 2142 scire
1459 2080 1671 2152 debes,
1732 2083 2009 2162 quoniam
2068 2071 2415 2143 naturaliter
2470 2080 2584 2142 hoc
2631 2082 2885 2161 [mactus

288 2172 805 2261 munere‘dignus
850 2184 1090 2262 virtute]
1141 2182 1387 2245 ablativo
1434 2186 1712 2262 iungitur.

457 2284 768 2347 Ablativus
821 2285 1138 2365 singularis
1194 2287 1454 2349 diversas
1508 2287 1689 2348 habet
1732 2285 1988 2365 regulas.
2078 2295 2199 2349 tres
2242 2286 2503 2367 plurales
2548 2305 2719 2348 casus
2765 2306 2883 2348 non
2907 2298 3028 2363 408,
3055 2298 3119 2347 28

286 2387 461 2449 facile
512 2389 809 2456 invenies,
858 2407 1035 2468 quem
1082 2388 1150 2449 ad
1198 2389 1438 2451 modum
1487 2409 1589 2450 eos
1633 2390 1833 2450 facias.
1911 2389 2015 2451 sed
2061 2397 2127 2449 ut
2172 2391 2323 2451 scias
2368 2409 2573 2451 eorum
2622 2390 2880 2450 declina-

213 2497 261 2537 20
288 2491 515 2550 tionem
580 2487 864 2569 [genetivi
909 2491 998 2551 vel
1046 2490 1221 2552 dativi
1265 2491 1352 2553 vel
1400 2490 1633 2552 ablativi
1678 2494 1778 2572 qui
1823 2490 1957 2571 sit],
2019 2490 2262 2552 consule
2319 2491 2637 2552 ablativum
2683 2494 2882 2569 singu-

285 2591 496 2653 larem.
564 2611 703 2656 nam
737 2592 809 2652 de
839 2591 1093 2653 ablativo
1141 2593 1373 2671 regulas
1416 2596 1556 2655 istas
1600 2593 1863 2670 colligiS,
1914 2612 2091 2673 quem
2123 2594 2193 2654 ad
2228 2594 2465 2655 modum
2514 2593 2884 2656 declinantur

285 2697 383 2755 isti
430 2714 646 2765 casuS,
704 2697 1012 2772 genetivus
1070 2703 1127 2756 et
1172 2696 1400 2758 dativus
1448 2703 1506 2756 et
1550 2695 1839 2757 ablativus
1883 2696 2150 2777 pluralis.
2243 2696 2530 2758 ablativus
2574 2694 2886 2774 singularis
2907 2708 3025 2770 495,
3054 2710 3114 2758 31

284 2801 650 2860 terminatur
696 2779 908 2860 litteris
953 2801 1242 2880 quinque,
1274 2793 1529 2878 regulis
1558 2819 1689 2869 sex,
1738 2802 2019 2880 quoniam
2067 2819 2098 2860 e
2143 2800 2338 2861 littera
2369 2802 2669 2861 invenitur
2702 2801 2882 2859 inter-

286 2899 429 2962 dum
462 2900 761 2980 producta
790 2902 853 2961 in
886 2900 1137 2962 ablativo
1167 2902 1466 2981 singulari,
1499 2902 1800 2964 interdum
1836 2911 2108 2982 correpta
2134 2905 2312 2964 etiam
2345 2904 2551 2964 currit.
2594 2900 2883 2963 ablativus

210 3008 260 3048 ²5
288 3002 619 3082 singularis
649 3021 680 3062 a
714 3001 907 3065 littera
953 3006 1304 3066 terminatus
1334 3007 1669 3083 genetivum
1700 3005 1992 3086 pluralem
2025 3007 2085 3066 in
2116 3025 2247 3067 rum
2281 3006 2487 3073 mittit,
2535 3004 2792 3065 dativum
2827 3012 2884 3064 et

283 3103 615 3165 ablativum
663 3104 723 3163 iu
770 3107 847 3177 is,
894 3105 1055 3167 Musa
1102 3107 1397 3168 Musarum
1441 3108 1651 3177 Μυείε,
1714 3110 1976 3186 exceptis
2019 3108 2112 3169 bis
2158 3106 2496 3168 nominibus
2549 3108 2609 3167 in
2667 3105 2885 3186 quibus
2909 3120 3082 3181 434,8

283 3225 511 3284 genera
562 3205 952 3268 discernenda
997 3216 1161 3279 sunt,
1209 3186 1289 3270 u(
1319 3209 1427 3271 dea
1471 3210 1716 3271 dearum
1762 3209 2017 3279 deabus,
2065 3209 2219 3271 mula
2262 3209 2559 3271 mularum
2593 3208 2881 3279 mulabus,

282 3307 399 3369 filia
448 3308 710 3369 filiarum
754 3308 1013 3380 filiabus,
1075 3331 1220 3392 equa
1269 3331 1553 3393 equarum
1602 3311 1884 3392 equabus,
1978 3330 2110 3373 nam
2159 3311 2232 3372 ab
2279 3331 2349 3373 eo
2394 3311 2550 3392 quod
2600 3318 2689 3371 est
2732 3330 2882 3391 equa

281 3413 332 3470 si
391 3411 730 3472 dixerimus
788 3415 983 3492 equiS‚
1042 3412 1466 3476 fllia-filiarum
1522 3414 1685 3485 filiis,
1744 3416 1793 3475 si
1837 3416 1921 3475 sic
1970 3412 1975 3461 l
2025 3414 2378 3483 dixerimus,
2435 3433 2643 3475 sexum
2686 3415 2884 3494 potius

209 3512 691 3575 ”masculinum
753 3513 1183 3594 intellegimuS,
1257 3535 1432 3597 quam
1500 3518 1872 3577 femininum.
1965 3517 2066 3578 sed
2133 3518 2288 3576 scire
2354 3515 2538 3577 debes
2604 3518 2881 3594 quoniam

283 3615 522 3677 Probus
572 3616 750 3676 istam
794 3616 1060 3695 regulam
1108 3621 1395 3698 expressit
1440 3626 1498 3679 et
1541 3619 1715 3689 dixit,
1766 3622 1834 3685 ,si
1882 3618 2135 3680 volueris
2178 3621 2345 3696 sequi
2399 3630 2463 3679 ut
2509 3621 2731 3690 omnia,
2780 3619 2883 3680 ubi

282 3735 507 3797 genera
559 3718 953 3779 discernenda
1000 3730 1168 3791 sunt,
1229 3721 1398 3782 aliter
1442 3723 1823 3801 proferantur
1868 3723 1926 3782 in
1974 3720 2226 3782 ablativo
2270 3720 2362 3781 vel
2417 3722 2476 3781 iu
2524 3721 2743 3798 dativo,
2792 3723 2881 3782 in-

282 3822 582 3901 cipiemus
644 3819 844 3882 dicere
899 3821 1299 3885 RomanabuS.
1387 3826 1436 3884 si
1503 3826 1661 3885 enim
1728 3824 2055 3885 dixerimus
2110 3824 2416 3894 RomaniS,
2487 3822 2881 3885 masculinum

284 3942 495 3984 sexum
559 3920 979 4001 intellegimus.
1071 3926 1282 4005 quodsi
1336 3926 1451 3987 hoc.
1508 3934 1624 3997 est,
1682 3928 2038 4006 incipiemus
2093 3927 2291 3987 dicere
2338 3928 2509 3986 etiam
2555 3926 2616 3986 in
2662 3944 2880 4005 prono-

212 4037 260 4076 ⁸⁵
286 4026 553 4087 minibus
600 4024 845 4105 ipsabus
887 4026 1130 4097 illabus,
1180 4030 1455 4109 quoniam
1491 4031 1541 4089 si
1571 4029 1893 4089 dixerimus
1922 4027 2039 4089 illis
2070 4030 2238 4108 ipsiS,
2286 4031 2475 4108 magis
2508 4030 2621 4089 erit
2653 4045 2881 4089 mascu-

283 4126 506 4199 linum,
561 4145 740 4206 quam
786 4129 1156 4191 femininum.
1247 4130 1404 4191 unde
1451 4130 1613 4192 vides
1657 4133 1818 4206 quod
1857 4130 2010 4193 male
2056 4131 2346 4192 deliniunt
2389 4133 2485 4211 qui
2532 4133 2612 4192 ita
2658 4131 2879 4201 dicunt,

423 4388 458 4437 3
498 4400 695 4435 exosus
730 4401 839 4436 sum
876 4386 1016 4437 illam
1054 4402 1156 4436 rem
1199 4387 1237 4438 G
1375 4388 1406 4436 5
1444 4384 1709 4438 honestius
1740 4397 1910 4438 autem
1948 4388 2183 4454 genetiuo
2216 4388 2441 4453 iungitur
2477 4403 2568 4436 om.
2595 4386 2665 4447 A,
2706 4387 2825 4436 add.
2848 4403 2882 4435 a

424 4465 550 4505 aunt
589 4456 860 4519 aliquando
898 4472 1026 4520 quae
1065 4459 1112 4506 A
1256 4455 1289 4507 6
1327 4457 1507 4506 absilla
1542 4458 1651 4507 AB
1792 4460 1822 4506 7
1861 4459 1959 4507 ista
1998 4484 2059 4493 —
2099 4458 2131 4508 9
2166 4459 2228 4508 ab
2265 4457 2404 4523 Sylla
2443 4474 2534 4507 om.
2577 4456 2619 4506 0
2755 4471 2879 4522 ergo

287 4526 553 4574 secundus
606 4540 708 4574 non
748 4541 1019 4591 possumus
1071 4529 1233 4576 dicere
1280 4526 1365 4576 ille
1410 4528 1501 4575 tibi
1539 4539 1615 4577 est
1652 4529 1765 4577 AB
1906 4528 1938 4578 9
1976 4527 2038 4576 ab
2075 4528 2188 4577 silla
2224 4527 2275 4577 B
2313 4529 2375 4577 ab
2416 4526 2540 4578 sella
2576 4527 2626 4576 A
2764 4536 2884 4575 sunt

286 4593 475 4661 aliqua]
528 4596 811 4660 aliquando
846 4595 1017 4646 ABG
1155 4597 1220 4647 10
1258 4597 1448 4662 dignus
1488 4590 1570 4646 illa
1611 4613 1663 4647 re
1707 4601 1757 4646 A
1796 4599 1985 4663 dignus
2023 4608 2098 4647 est
2131 4598 2215 4646 illa
2252 4614 2303 4646 re
2342 4598 2490 4649 BCa
2633 4596 2692 4646 11
2735 4612 2883 4645 accu-

286 4667 452 4714 satiuo
498 4662 619 4715 Ca*
663 4668 1008 4717 accusatiuum
1044 4667 1157 4716 AB
1295 4667 1346 4715 in
1389 4665 1644 4733 Terentio]
1686 4668 1855 4719 Andr.
1891 4669 1935 4716 V
1974 4672 2024 4729 4,
2060 4668 2127 4717 37
2270 4668 2333 4719 13
2372 4669 2456 4730 qni
2508 4667 2693 4715 nodum
2732 4667 2880 4717 Bca

286 4736 591 4796 quinodinm
630 4736 681 4784 A
865 4736 931 4786 14
973 4735 1155 4802 macte]
1206 4738 1365 4801 Very.
1405 4735 1535 4786 Aen.
1582 4738 1719 4787 Vllll
1760 4738 1859 4788 641
2035 4735 2246 4804 Statius]
2297 4737 2447 4792 Theb.
2494 4738 2534 4786 ll
2575 4737 2677 4786 495
2719 4746 2880 4786 macte

287 4805 473 4871 animi,
518 4807 682 4854 tantis
720 4806 908 4871 dignus
944 4807 1031 4869 qui
1068 4808 1288 4858 crederis
1325 4808 1478 4855 armis
1623 4808 1687 4858 19
1717 4808 1945 4858 inuenies
1983 4808 2201 4857 ablatiuo
2238 4807 2659 4871 quemadmodum
2691 4808 2742 4855 Α

287 4873 351 4926 31
390 4873 617 4941 Probus]
646 4879 802 4931 hostie,
825 4885 922 4926 art.
945 4892 999 4942 p.
1033 4877 1117 4939 82,
1155 4878 1218 4931 16
1321 4876 1389 4928 34
1423 4878 1605 4941 quodsi
1633 4876 1728 4927 hoc
1759 4887 1835 4928 est
1862 4894 1954 4928 om.
1988 4879 2054 4943 A,
2081 4878 2202 4929 add.
2230 4894 2264 4928 a
2367 4879 2435 4930 36
2463 4877 2598 4943 quod
2624 4893 2715 4930 om.
2739 4876 2882 4926 ABG
