3541 5564
1249 362 1346 425 DE
1392 362 1640 428 Dvsns
1687 362 2101 440 Nommssvs
2836 360 2961 423 569

390 559 526 613 tum
582 571 710 613 non
767 556 898 627 est,
957 555 1173 610 tamen
1228 569 1436 632 pauca
1492 546 1735 628 dicam,
1791 557 2139 632 propterea
2195 545 2370 631 quod
2435 567 2513 609 ea
2568 546 2649 610 de
2711 567 2781 609 re
2837 567 2966 608 non

393 661 564 714 recte
618 649 898 714 iudicari
952 670 992 711 a
1052 671 1182 712 non
1236 647 1430 713 nullis
1484 649 1644 712 viris
1703 647 1912 713 doctis
1961 647 2175 712 videO.
2262 669 2411 710 nam
2457 646 2759 732 quoniam
2805 645 2965 710 illud

391 753 605 836 egisse
660 753 1041 836 scriptorem
1107 750 1409 835 adparet,
1476 761 1551 815 ut
1614 771 1858 834 genera
1908 750 2243 815 nominum
2303 749 2634 827 definiret,
2703 769 2831 834 qua
2886 746 2966 811 de

391 875 590 916 causa
635 863 700 916 et
743 853 811 915 in
840 851 1217 917 Monacensi
1247 852 1470 916 codice
1500 852 1911 936 inscriptioni
1942 856 2018 914 de
2060 857 2255 915 dubiis
2296 856 2629 915 nominibus
2672 849 2963 913 additum

391 965 489 1018 est
544 962 712 1019 cuius
763 961 1004 1032 qeneris
1035 949 1200 1031 sine,
1252 963 1317 1018 et
1361 953 1692 1039 Hauptius
1739 964 1908 1032 tum,
1963 975 2109 1017 cum
2169 950 2406 1017 librum
2463 952 2653 1016 initio
2713 949 2968 1014 mutila-

394 1067 526 1118 tum
572 1056 807 1135 edidit,
864 1061 940 1118 de
986 1059 1310 1132 yeneribus
1364 1061 1666 1120 nominum
1712 1055 2078 1140 inscripsit,
2138 1055 2399 1118 suerunt
2444 1054 2587 1139 qui,
2634 1074 2970 1139 quaecum—

395 1179 518 1243 que
565 1159 630 1220 in
675 1159 797 1220 hoc
841 1157 1010 1221 libro
1056 1156 1300 1242 scripta
1344 1168 1562 1233 essent
1604 1157 1904 1238 nomina,
1963 1156 2145 1219 vario
2191 1178 2428 1238 genere
2472 1164 2786 1240 usurpata
2829 1176 2972 1217 esse

395 1259 754 1323 crederent.
829 1281 958 1345 qua
1001 1259 1069 1321 in
1113 1280 1183 1322 re
1228 1280 1460 1323 vereor
1502 1280 1584 1321 ne
1630 1259 1824 1344 longe
1868 1281 1909 1322 a
1950 1256 2220 1323 consilio
2265 1257 2671 1342 grammatici
2716 1256 2973 1320 aberra—

387 1362 629 1432 ,verint
718 1361 995 1446 primum
1052 1361 1226 1424 enim
1283 1360 1444 1424 satis
1502 1382 1780 1445 magnus
1838 1371 1939 1424 est
1992 1358 2459 1424 vocabulorum
2514 1380 2851 1438 numerus,
2905 1357 2971 1419 in

398 1462 633 1549 quibus
685 1485 813 1525 non
870 1462 951 1525 de
1004 1484 1238 1547 genere
1283 1463 1645 1548 quaeritur,
1704 1460 1822 1526 sed
1866 1460 1947 1525 de
1991 1482 2294 1542 numero,
2341 1460 2493 1546 quia
2537 1459 2643 1525 vel
2688 1457 2969 1543 singula-

397 1566 555 1628 riter
610 1564 714 1628 vel
771 1562 1110 1649 pluraliter
1164 1574 1418 1628 tantum
1474 1563 1671 1648 vulgo
1728 1562 2137 1627 dicebantur.
2228 1583 2354 1647 quo
2409 1563 2737 1647 pertinent
2790 1561 2968 1641 haec,

396 1671 589 1730 barba
631 1672 917 1744 capillum
961 1687 1157 1729 cunae
1207 1687 1414 1730 comae
1466 1673 1583 1729 mel
1630 1669 1888 1740 Quirites
1929 1671 2134 1728 scalae
2145 1688 2167 1736 ,·
2226 1664 2584 1749 eodemque
2622 1664 2762 1726 iure
2807 1663 2970 1726 refe-

399 1790 610 1831 remus
666 1765 796 1830 alia
856 1766 1084 1847 multa,
1144 1788 1417 1852 quorum
1471 1789 1872 1853 quamquam
1924 1788 2128 1851 genus
2175 1764 2528 1831 indicatum
2574 1775 2705 1847 est,
2751 1775 2967 1829 tamen

400 1869 690 1934 dubitari
734 1870 962 1954 nequit
1006 1869 1162 1954 quin
1207 1877 1473 1953 propter
1518 1868 2042 1934 observationem
2085 1868 2336 1931 numeri
2380 1875 2641 1952 recepta
2683 1867 2845 1948 sint,
2900 1876 2972 1929 ut

399 1976 577 2034 aedes
618 1991 838 2035 carcer
872 1974 1248 2047 frumentum
1292 1976 1593 2035 metallum
1624 1981 1884 2034 mentum
1928 1976 2162 2034 moenia
2205 1989 2390 2032 nares
2434 1989 2574 2049 opes
2617 1974 2816 2032 odium
2855 1989 2970 2048 pa-

398 2079 715 2136 vimentum
781 2078 1036 2151 sulphur
1098 2078 1392 2150 supellex.
1483 2070 1720 2135 deinde
1789 2081 1939 2135 sunt
1995 2069 2124 2133 alia
2176 2071 2244 2133 in
2296 2070 2529 2156 quibus
2586 2070 2667 2134 de
2721 2070 2972 2134 ratione

400 2173 733 2238 scribendi
765 2172 1121 2254 dubitatur,
1169 2183 1242 2236 ut
1267 2178 1458 2236 babae
1485 2184 1734 2237 carecta
1779 2179 2067 2237 coturnix
2110 2179 2350 2236 cortina
2392 2176 2750 2249 crocodiluS,
2799 2169 2971 2257 quod

398 2297 601 2359 genus
667 2284 896 2360 postea
957 2274 1474 2359 praetermisisse
1537 2276 1798 2339 videtur
1873 2272 2359 2358 grammaticus.
2451 2273 2566 2337 sed
2632 2273 2716 2337 ab
2781 2273 2972 2336 huius

397 2378 574 2442 modi
629 2376 1196 2442 observationibus
1253 2377 1548 2461 proxime
1603 2376 1845 2440 absunt
1898 2397 2048 2457 eae,
2111 2374 2181 2437 in
2235 2374 2471 2461 quibus
2526 2397 2656 2439 non
2712 2383 2846 2438 tam
2894 2373 2973 2438 de

398 2480 643 2568 incerto
701 2480 893 2542 unius
949 2478 1227 2541 nominis
1282 2500 1517 2562 genere
1572 2500 1767 2563 quam
1826 2476 1906 2540 de
1960 2476 2160 2540 variis
2216 2474 2682 2542 vocabulorum
2748 2475 2973 2540 formis

398 2581 646 2665 agitur,
691 2589 764 2643 ut
807 2580 874 2642 in
919 2603 980 2643 v.
1031 2585 1288 2658 ambaqo
1331 2585 1552 2643 bracas
1592 2584 1850 2642 biremas
1902 2584 2098 2641 circos
2138 2585 2412 2658 confliqit
2452 2599 2729 2657 conpaqo
2772 2584 2972 2641 erina-

399 2704 539 2746 ceus
567 2685 873 2758 elefantus
912 2688 1190 2745 materies
1221 2687 1667 2771 peristromum.
1738 2678 2059 2743 accedunt
2101 2680 2421 2765 quaedam
2466 2679 2787 2745 vocabula
2830 2680 2975 2766 ipsa

399 2806 651 2870 quoque
694 2786 763 2848 in
807 2785 1022 2869 priore
1067 2793 1253 2869 parte
1297 2781 1449 2848 libri
1492 2784 1739 2869 posita,
1770 2804 1938 2869 quae
1976 2793 2322 2867 propterea
2364 2781 2673 2847 videntur
2714 2792 2975 2868 recepta

401 2907 574 2965 esse,
617 2895 693 2948 ut
736 2907 958 2948 eorum
1002 2884 1391 2968 significatio
1449 2885 1827 2948 definiretur
1872 2882 1976 2948 vel
2029 2892 2101 2946 ut
2156 2885 2301 2969 ipsa
2345 2908 2385 2949 a
2428 2883 2777 2964 similibus,
2836 2883 2971 2968 qui-

399 2986 672 3050 buscum
716 2986 1042 3050 inferioris
1087 2988 1320 3050 aetatis
1367 2985 1836 3051 consuetudine
1881 2986 2459 3072 permiscebantur,
2504 2985 2973 3067 distingueren-

401 3096 539 3167 tur,
599 3098 796 3151 aestus
862 3109 1012 3167 aqer
1072 3093 1328 3153 barones
1386 3095 1621 3152 baxeae
1682 3093 1882 3151 beavit
1939 3095 2283 3167 conliquum
2339 3094 2608 3152 candens
2672 3095 2975 3168 conpellat

401 3195 705 3253 diurnum.
796 3188 1072 3274 denique
1128 3190 1325 3254 etiam
1380 3189 1447 3252 in
1503 3191 1583 3252 iis
1640 3210 1916 3275 quorum
1981 3212 2187 3274 genus
2244 3212 2399 3253 sane
2456 3211 2496 3252 a
2550 3191 2973 3272 grammatico

403 3290 738 3355 definitum
784 3299 882 3354 est
926 3300 1077 3355 sunt
1128 3290 1332 3354 multa
1374 3313 1538 3376 quae
1596 3313 1947 3374 numquam
2000 3291 2231 3355 incerti
2274 3291 2530 3374 generis
2576 3290 2752 3376 apud
2794 3291 2972 3355 Lati-

400 3415 518 3456 nos
562 3391 856 3474 fuerunt,
901 3393 1013 3455 sed
1058 3400 1423 3477 propterea,
1471 3392 1538 3455 ni
1581 3390 1794 3470 fallor,
1842 3393 2084 3477 scripta
2127 3404 2298 3476 sunt,
2344 3392 2518 3478 quod
2564 3390 2689 3456 alio
2735 3413 2973 3475 genere

402 3492 575 3579 apud
619 3493 886 3557 Latinos
933 3492 1059 3557 alio
1105 3493 1282 3579 apud
1328 3493 1617 3557 Graecos
1665 3492 2075 3557 dicebantur.
2161 3515 2313 3556 nam
2356 3494 2426 3556 in
2470 3492 2591 3556 hac
2636 3493 2973 3579 utriusque

398 3594 660 3679 linguae
704 3595 1088 3659 diversitate
1134 3594 1546 3661 observanda
1599 3593 1927 3679 singulare
1983 3594 2271 3660 studium
2313 3594 2612 3680 posuisse
2654 3616 2972 3679 gramma-

400 3698 561 3761 ticos
616 3695 1014 3781 intellegitur
1068 3720 1151 3761 ex
1207 3699 1287 3761 iis
1346 3719 1513 3782 quae
1568 3696 1650 3760 de
1695 3696 2114 3761 idiomatibus
2158 3717 2468 3781 generum
2517 3695 2698 3780 (nam
2742 3695 2836 3761 ita
2879 3696 2971 3760 di-

400 3822 542 3863 cere
587 3799 1091 3883 consueverunt)
1138 3797 1459 3862 edidimus
1505 3797 1635 3862 vol.
1668 3798 1702 3861 I
1746 3821 1809 3883 p.
1842 3797 1964 3863 551
1998 3819 2137 3885 sqq.
2184 3808 2251 3862 et
2293 3795 2422 3862 vol.
2454 3798 2550 3861 IV
2579 3820 2644 3882 p.
2675 3783 2972 3882 573‘sqq.

399 3910 465 3965 et
508 3923 673 3986 quae
717 3922 802 3964 ex
846 3901 1071 3965 eodem
1116 3922 1355 3985 genere
1399 3900 1469 3963 in
1511 3898 1848 3984 glossariis
1894 3898 2190 3964 Labbaei
2235 3921 2296 3986 p.
2347 3898 2468 3963 199
2513 3921 2653 3984 sqq.
2698 3897 2975 3964 collecta

399 4012 571 4067 sunt.
658 4001 1044 4088 quibuscum
1087 4002 1348 4066 nomina
1391 4001 1476 4065 ab
1532 4000 1655 4066 hoc
1713 4000 2139 4085 grammatico
2186 4000 2529 4085 conposita
2570 4001 2665 4064 ita
2707 4021 2973 4065 consen-

398 4105 602 4184 tiunt,
648 4112 724 4166 ut
768 4095 1053 4167 munima
1095 4125 1248 4188 pars
1294 4124 1517 4166 eorum
1561 4102 1642 4166 de
1673 4102 1910 4189 quibus
1948 4103 2088 4188 ipse
2119 4110 2591 4166 commentatus
2636 4110 2736 4166 est
2778 4102 2973 4165 etiam

399 4206 467 4270 in
528 4204 655 4269 illis
715 4204 1038 4269 indicibus
1094 4204 1486 4269 inveniatur.
1574 4205 1658 4268 ab
1703 4203 1826 4267 hoc
1869 4204 2072 4287 igitur
2114 4204 2196 4267 de
2239 4202 2586 4287 generibus
2643 4202 2974 4267 nominum

401 4304 728 4370 scribendi
773 4328 951 4372 more
995 4328 1112 4392 per
1158 4305 1411 4371 scholas
1457 4306 2027 4391 grammaticorum
2072 4314 2434 4389 propagato
2480 4303 2535 4366 is
2567 4326 2821 4390 quoque
2866 4303 2973 4390 qui

400 4407 569 4473 hunc
613 4407 849 4472 librum
896 4409 1157 4495 scripsit
1200 4409 1528 4494 profectus
1562 4418 1682 4473 est.
1740 4406 1859 4470 sed
1890 4406 2150 4471 diverso
2183 4405 2265 4471 ab
2297 4405 2675 4469 idiomatum
2706 4408 2973 4490 scripto·-

402 4508 582 4574 ribus
629 4508 898 4575 consilio
943 4533 1101 4573 usus
1146 4508 1442 4595 exempla
1486 4508 1877 4595 scriptorum
1921 4507 2026 4572 vel
2073 4508 2484 4593 antiquorum
2513 4505 2620 4571 vel
2662 4506 2946 4571 recentio

403 4633 576 4691 rum,
624 4612 862 4696 quibus
906 4633 1150 4696 genera
1192 4612 1524 4674 nominum
1571 4609 1927 4690 stabiliret,
1975 4608 2459 4694 circumspexit.
2524 4617 2716 4694 atque
2759 4607 2827 4670 in
2872 4605 2972 4670 his

406 4710 556 4775 solis
602 4712 806 4777 omnis
853 4713 1041 4777 huius
1099 4710 1248 4776 libri
1304 4713 1552 4777 utilitas
1598 4712 1812 4797 posita
1857 4721 1987 4793 est,
2047 4709 2571 4797 quandoquidem
2617 4708 2684 4771 in
2730 4707 2976 4789 multis,

507 4820 854 4863 ‹mmm-mon
890 4822 1068 4864 ιΑΤιΝι
1101 4822 1153 4865 ν.
2488 4811 2568 4875 37
