3541 5564
625 362 707 426 ‘18
1320 400 1325 407 ι
1742 361 2093 425 CLEDONll

676 485 717 525 p.
745 472 860 513 1935.
888 472 939 513 86
965 470 996 512 P

623 551 708 612 les
765 571 873 613 nec
928 550 1176 622 locales,
1237 570 1307 612 ex
1363 570 1535 612 sensu
1596 550 1981 629 colliguntur,
2045 550 2053 633 Ι
2117 569 2188 609 ex
2243 551 2431 629 spatio
2487 557 2588 610 aut
2631 568 2702 609 ex
2748 551 2880 628 ipso
2924 548 3074 610 loco.
3131 583 3200 593 —

388 654 1264 734 391‚11Praepositiones:
1324 654 1395 715 ad
1452 655 1817 733 praepositio
1873 660 2108 714 acutum
2165 652 2371 721 habet:
2428 660 2611 713 mutat
2655 659 2960 713 accentum
3005 654 3203 713 iuncta

624 765 683 816 et
725 755 1092 836 loquellaris,
1140 763 1206 817 ut
1250 756 1476 835 adegit,
1525 761 1585 815 et
1627 755 1952 835 penultima
1999 754 2175 815 babet
2220 761 2548 815 accentum.
2639 773 2807 834 prae,
2855 756 3203 833 praevertit:

624 877 767 937 prae
810 858 989 919 habet
1032 857 1493 919 circumflexum.
1572 860 1649 917 ita
1705 865 1764 917 et
1808 876 1843 918 o
1890 857 2334 917 circumflexum
2371 857 2587 926 habet,
2637 859 2842 917 omitto
2887 858 2949 916 in
2994 854 3200 935 penul-

621 962 762 1021 tima
829 969 1099 1028 acutum;
1171 960 1452 1021 Horatius
1520 966 1715 1020 tamen
1776 979 1810 1019 o
1866 958 2105 1020 brevem
2163 959 2389 1038 posuit,
2459 960 2539 1019 ait
2595 962 2880 1019 ‘certus
2946 960 3257 1018 omittes

623 1064 874 1123 tueri'.
966 1062 1069 1123 sed
1128 1061 1242 1121 hoc
1297 1063 1472 1122 metri
1525 1063 1712 1139 gratia
1765 1062 2134 1141 praesumsit.
2193 1095 2275 1104 -
2330 1061 2744 1122 Acuuntur:
2804 1066 3011 1121 acutae
3067 1069 3207 1121 sunt

622 1183 734 1225 con
781 1164 841 1225 di
885 1164 995 1225 dis.
1091 1167 1203 1224 vim
1250 1182 1417 1226 suam
1461 1158 2137 1224 autem'commutantes
2182 1172 2318 1223 sunt
2361 1181 2599 1240 graves,
2661 1164 2710 1222 si
2756 1162 3018 1222 dicamus
3064 1180 3202 1222 con-

624 1266 801 1327 duco:
850 1265 928 1326 du
975 1268 1131 1327 enim
1176 1284 1333 1326 nunc
1377 1265 1743 1345 producitur.
1825 1271 2292 1343 corrumpuntur
2336 1272 2531 1326 autem
2574 1265 2685 1333 ita,
2745 1265 3020 1325 conficio:
3072 1282 3202 1324 cor-

622 1371 782 1448 rupit
825 1367 1107 1436 verbum;
1156 1386 1290 1428 nam
1341 1374 1466 1428 erat
1509 1369 1809 1445 integrum
1854 1367 2006 1426 facio
2056 1364 2303 1446 [suffero
2349 1368 2608 1446 suscipio
2652 1364 2983 1446 subcapio].
3063 1384 3204 1425 sane

622 1471 778 1531 iuxta
836 1469 1313 1550 orthographiam
1371 1470 1553 1530 affero
1609 1469 1919 1543 scribitur,
1983 1487 2097 1529 non
2145 1469 2367 1531 adsero.
2459 1487 2592 1529 nam
2639 1476 2694 1528 et
2742 1469 3000 1546 suscipio
3046 1466 3201 1547 quod
3236 1485 3285 1525 ιο

623 1572 872 1632 dicimus
937 1573 1234 1650 integrum
1299 1579 1425 1632 erat
1483 1570 1491 1654 Ι
1553 1571 1856 1651 subcapio.
1930 1605 2000 1614 —
2073 1571 2210 1632 Aut
2278 1570 2662 1651 loquellis:
2732 1570 3205 1648 praepositiones

621 1672 975 1754 loquellares
1031 1681 1298 1735 naturam
1355 1692 1519 1734 suam
1566 1693 1685 1735 non
1730 1680 1994 1742 servant,
2055 1672 2370 1751 aliquando
2415 1672 2623 1749 longae
2669 1679 2837 1741 sunt,
2888 1670 3204 1758 aliquando

534 1789 595 1836 14
620 1776 837 1836 breves.
886 1808 969 1820 —-
1011 1778 1313 1854 Antiqui
1360 1777 2005 1856 praepositiones:
2065 1777 2287 1856 antiqui
2342 1773 2474 1834 ideo
2521 1773 2827 1834 mutabant
2870 1776 2985 1834 vim
3031 1792 3203 1853 prae·

621 1879 1009 1958 positionum,
1070 1885 1135 1938 ut
1190 1877 1550 1940 elocutiones
1606 1884 2042 1957 conponerent,
2100 1885 2166 1936 ut
2221 1880 2557 1936 ‘crurum
2616 1883 2833 1937 tenus
2880 1894 2910 1936 a
2958 1885 3204 1937 mento

535 1993 596 2040 16
622 1979 956 2060 palearia
1001 1980 1347 2058 pendent.
1398 2015 1467 2025 —
1519 1981 1807 2041 Circum
1853 1979 2253 2057 utriusque
2299 1995 2545 2039 casus:
2594 1979 2768 2037 etiam
2814 1988 3051 2058 praeter
3097 1997 3199 2039 an·
3230 1994 3284 2032 15

620 2083 766 2162 tiqui
811 2083 1118 2161 utriusque
1164 2100 1335 2143 casus
1380 2080 1757 2162 appellabant
1800 2082 2320 2160 praepositionem.
2409 2078 2546 2139 inde
2593 2078 2902 2140 Sallustius
2947 2081 3204 2161 ‘prae-

615 2191 731 2244 ter
788 2203 1032 2245 rerum
1093 2182 1526 2263 capitalium
1582 2182 2150 2243 condemnatis’.
2242 2189 2302 2242 et
2353 2189 2590 2260 praeter
2635 2182 2746 2240 vim
2805 2180 2960 2242 hanc
3003 2182 3202 2252 habet,

619 2294 685 2346 ut
725 2285 978 2347 ablativo
1022 2287 1325 2364 iungatur,
1373 2286 1510 2365 quia
1556 2287 1644 2346 sic
1687 2282 2087 2363 intellegimus
2117 2292 2355 2363 praeter
2398 2301 2509 2362 pro
2553 2284 2708 2352 sine,
2756 2302 2872 2362 quo
2919 2283 3096 2344 modo
3141 2287 3202 2346 in

526 2401 593 2449 20
618 2407 728 2468 pro
774 2397 998 2449 contra.
1066 2422 1134 2472 -ε
1198 2388 1270 2449 Si
1324 2386 1620 2467 quando
1677 2385 1848 2446 illas
1894 2404 2033 2446 non
2092 2384 2596 2464 subsequatur
2640 2403 2881 2446 casus:
2930 2387 3204 2465 quotiens

618 2491 1120 2569 praepositionem
1178 2492 1445 2567 sequitur
1488 2487 1765 2558 verbnm,
1824 2506 2067 2549 necesse
2126 2495 2217 2547 est
2263 2485 2287 2567 Η
2338 2495 2403 2547 ut
2445 2485 2540 2546 illa
2586 2488 2948 2566 praepositio
2993 2488 3051 2547 in
3097 2488 3200 2548 ad·
3230 2504 3286 2544 ευ

619 2590 886 2652 verbium
933 2599 1226 2660 transeat,
1283 2599 1348 2652 ut
1390 2598 1529 2671 puta
1576 2594 1744 2651 ‘ante
1790 2591 1986 2659 sacit’,
2046 2592 2327 2668 ‘propter
2370 2586 2590 2655 sedet',
2641 2591 2812 2649 ‘ante
2857 2591 3069 2650 venit’.
3124 2625 3198 2634 —

531 2709 592 2757 19
620 2694 1229 2772 Praepositiones
1287 2692 1296 2777 Ι
1360 2695 1731 2773 separatis
1803 2689 2504 2772 praepositionibus
2559 2708 2697 2750 non
2764 2691 3202 2752 cohaerent:

528 2813 591 2859 21
620 2805 685 2857 ut
739 2796 894 2876 apud
944 2774 1097 2876 prae
1152 2797 1326 2856 simul
1381 2797 1547 2874 iungi
1605 2813 1723 2855 non
1780 2801 2040 2875 possunt.
2093 2827 2160 2836 —
2226 2792 2310 2853 Et
2353 2792 2669 2870 figuram
2719 2801 2790 2853 et
2835 2793 3203 2856 ordinem:

619 2899 765 2960 ordo
811 2898 1024 2960 accidit
1067 2898 1508 2977 praepositioni,
1555 2907 1620 2958 ut
1647 2899 1920 2968 sciamuS,
1969 2893 2200 2976 quando
2231 2901 2648 2974 praeponatur.
2682 2894 2788 2955 secl
2832 2896 2947 2957 hoc
2991 2916 3205 2977 super·
3293 2933 3299 2938 ·

528 3017 593 3065 23
620 3000 801 3062 fluum
848 3008 954 3062 est.
1047 2999 1191 3060 nihil
1248 3001 1405 3060 enim
1460 2999 1675 3061 accidit
1728 2981 2185 3079 praepositioni,
2241 2998 2351 3056 nisi
2396 2996 2558 3057 solus
2602 3015 2794 3057 casus,
2861 3032 2947 3043 ——
3012 2999 3200 3060 Sub·
3230 3016 3288 3056 25

618 3103 1023 3173 iunctivae,
1072 3110 1148 3161 ut
1195 3108 1435 3163 tenus:
1484 3109 1548 3162 ut
1591 3120 1835 3162 crurum
1882 3108 2075 3162 tenuS.
2136 3101 2215 3159 ita
2250 3107 2308 3160 et
2337 3098 2492 3177 pube
2540 3105 2745 3168 tenuS,
2779 3106 2914 3160 ante
2958 3100 3201 3180 pubem,

620 3212 678 3264 et
732 3205 818 3264 sic
872 3214 1062 3265 tenus.
1153 3202 1501 3265 subiunctae
1555 3205 1936 3265 inveniuntur
1992 3202 2461 3282 praepositiones
2516 3219 2623 3280 per
2680 3202 2969 3280 poeticam
3016 3201 3202 3263 licen-

620 3294 776 3366 tiam.
836 3340 920 3350 —
975 3305 1113 3366 Sed
1172 3305 1353 3365 haec
1410 3324 1568 3367 nos:
1633 3324 1783 3386 quae
1841 3322 1957 3365 non
2015 3311 2154 3365 sunt
2197 3309 2356 3363 recta
2402 3303 2630 3363 ratione
2675 3304 3004 3383 conposita,
3052 3323 3207 3383 quae

510 3435 523 3442 2
619 3426 736 3468 non
783 3408 1068 3468 rationem
1114 3425 1278 3469 suam
1323 3416 1627 3469 secuntur.

1538 3577 1635 3640 DE
1679 3575 2262 3639 INTERIECTIONE
3229 3607 3283 3648 ao
3386 3575 3392 3580 ”

526 3733 593 3781 ‘26
785 3712 1235 3775 Interiectio
1291 3722 1405 3774 est
1470 3732 1640 3793 pars
1706 3714 2076 3773 orationis
2139 3713 2543 3774 interiecta
2609 3711 2782 3773 aliis
2849 3714 3202 3791 partibus

618 3818 987 3877 orationis
1042 3815 1125 3876 ad
1187 3816 1712 3895 exprimendos
1772 3816 1999 3876 animi
2053 3816 2405 3882 affectus:
2464 3821 2588 3874 aut
2644 3817 3076 3882 metuentis,
3123 3825 3202 3877 ut

620 3921 710 3995 ei,
771 3927 894 3979 aut
953 3919 1317 3999 optantis,
1381 3915 1388 3997 Ι
1438 3926 1511 3978 ut
1566 3937 1631 3986 o;
1690 3925 1813 3978 aut
1855 3915 2214 3984 dolentis,
2261 3925 2336 3976 ut
2380 3935 2487 3975 eu:
2538 3935 2573 3975 o
2618 3916 2831 3977 multas
2874 3918 3201 3996 particulas

754 4159 877 4213 Cocl.
916 4159 1076 4209 Ber-71.
1117 4157 1234 4206 Xlll
1273 4156 1519 4207 8—x1v
1558 4158 1608 4208 2.
1784 4158 1817 4206 2
1842 4156 2107 4205 adcentum
2250 4154 2283 4206 3
2320 4155 2587 4204 adrentum
2730 4158 2763 4206 5
2797 4165 2977 4206 acutus
3004 4160 3200 4208 oratius

753 4229 787 4280 9
819 4231 1070 4295 integrum
1109 4228 1299 4279 sufforo
1330 4227 1556 4291 suscipto
1592 4225 1641 4289 (ἲ
1660 4240 1801 4277 corr.
1838 4228 1908 4275 αἱ.
1946 4242 2075 4276 tuan.
2116 4224 2305 4288 -cipio)
2350 4226 2593 4289 subt-apio
2739 4227 2804 4276 10
2841 4226 3197 4293 hortografiam

754 4299 953 4364 adsero]
996 4299 1150 4348 offero
1308 4296 1371 4348 13
1409 4297 1586 4346 breves
1617 4312 1708 4346 om.
1855 4297 1917 4348 14
1960 4311 2156 4346 cruram
2193 4302 2338 4345 tenus
2511 4296 2575 4346 16
2613 4295 2754 4362 inde]
2790 4297 2917 4348 i.de
2950 4313 3086 4347 corr.
3126 4303 3198 4349 al.

614 4388 743 4423 man.
778 4371 910 4419 idem
1024 4370 1086 4420 17
1116 4368 1266 4418 habet
1302 4367 1521 4417 ablatiuo
1558 4367 1834 4432 iungantur
1940 4366 2003 4417 19
2040 4363 2176 4430 illas]
2216 4367 2304 4415 illa
2404 4368 2464 4418 21
2510 4375 2713 4431 propter
2747 4369 2869 4417 sede
2973 4369 3043 4418 23
3071 4379 3199 4435 aput

717 4443 784 4491 24
811 4440 1121 4506 praepositio
1154 4438 1252 4487 nisi
1359 4437 1427 4487 26
1464 4452 1662 4486 cruram
1690 4445 1835 4486 tenus
1942 4437 2073 4502 pude
2110 4446 2258 4487 tenus
2294 4445 2408 4485 ante
2446 4437 2577 4502 pube
2682 4435 2750 4487 32
2787 4439 3198 4503 expraemendos

714 4511 782 4563 33
816 4520 903 4560 aut
934 4509 1157 4575 optantis
1193 4516 1248 4557 ut
1285 4522 1313 4557 o
1350 4518 1436 4558 aut
1472 4508 1690 4558 dolentis
1725 4517 1780 4556 ut
1817 4523 1876 4555 eu
1913 4518 2000 4568 aut
2034 4499 2257 4574 optensis
2302 4516 2353 4555 ut
2387 4521 2445 4557 o.
2483 4505 2712 4556 Omullas

752 4737 785 4786 5
822 4732 1076 4800 Horatius]
1117 4735 1258 4797 epist.
1301 4734 1316 4782 l
1351 4727 1432 4794 18,
1470 4731 1538 4784 79
1572 4733 1815 4796 deceptus
1842 4733 2015 4780 omitte
2050 4732 2207 4782 tueri:
2240 4731 2310 4792 cf.
2347 4730 2565 4793 Pompei.
2592 4746 2648 4793 p.
2688 4730 2791 4781 410
2814 4731 2894 4783 ed.
2940 4731 3088 4782 Lind.

620 4805 681 4858 14
717 4802 939 4873 crurum]
986 4807 1137 4872 Verq.
1174 4818 1347 4870 qeorq.
1387 4805 1449 4854 ΙΙΙ
1489 4802 1557 4852 53
1700 4802 1764 4855 16
1801 4799 2089 4869 Sallustius]
2136 4802 2282 4854 Catil.
2323 4800 2418 4864 36,
2458 4804 2490 4852 2
2598 4801 2660 4851 17
2700 4799 2850 4850 habet
2886 4800 2928 4850 si
2968 4802 3197 4853 ablatiuo

616 4879 854 4947 iungatur
886 4875 1150 4929 Punctum
