3541 5564
498 568 595 617 148
620 569 679 618 V.

502 2921 595 2972 150
623 2921 680 2972 V.

709 370 833 433 612
1821 372 2178 435 MACROBH

760 493 801 532 p.
831 482 946 520 2745.
975 482 1026 521 46
1054 480 1100 519 Ρ.

709 562 883 621 tertia
938 561 1010 621 ad
1066 561 1383 621 secundam
1437 561 1730 640 loquitur;
1789 568 1922 639 apte
1978 581 2212 641 quoque
2257 582 2289 622 a
2334 560 2619 637 singulari
2667 578 2942 628 numero,
3000 554 3115 620 καὶ
3157 552 3290 638 γὰρ

708 662 836 734 πᾶς
888 650 1173 744 ἀριθμὸς
1231 658 1305 723 ἐκ
1359 658 2066 742 μονάδων-σύγκειται
2110 657 2153 745 ἢ
2200 659 2275 725 ἐκ
2318 656 2611 744 μονάδος
2653 657 3046 741 κατάγεται,
3103 670 3166 723 et
3232 665 3288 723 si

707 768 900 827 omnis
944 765 1257 826 multitudo
1301 773 1530 826 constat
1574 784 1645 826 ex
1692 765 1959 845 singulis,
2017 775 2179 828 recte
2238 772 2329 827 est
2372 766 2694 845 praemissa
2739 767 2937 825 unitas
2979 773 3040 825 et
3082 772 3287 826 secuta

707 868 1091 947 populositas,
1180 869 1334 927 iuste
1391 870 1567 929 etiam
1624 888 1655 929 a
1712 873 2042 948 praesenti:
2111 882 2188 930 e!
2230 870 2472 930 instanti
2518 869 2678 928 enim
2724 874 2992 947 tempore
3036 876 3288 946 possunt

708 955 935 1049 reliqua
991 971 1288 1048 cognosci,
1334 988 1451 1030 non
1497 972 1723 1032 instans
1766 971 2080 1051 apparebit
2123 990 2196 1032 ex
2241 970 2517 1050 reliquie,
2578 969 2872 1050 siquidem
2922 960 3082 1049 [ἀπὸ
3127 963 3280 1048 τοῦ]
3313 981 3340 1020 5

709 1069 909 1150 λείβω
955 1070 1200 1151 λείβεις
1243 1078 1425 1132 ποιεῖ
1461 1064 1780 1149 ἀόριστον
1818 1071 2074 1152 ἔλειψα,
2118 1067 2448 1153 μέλλοντα
2495 1070 2734 1150 λείψω,
2801 1073 2944 1131 item
2989 1057 3120 1131 ἀπὸ
3161 1071 3289 1130 τοῦ

708 1172 915 1234 λείπω
961 1175 1025 1234 fit
1069 1166 1380 1252 ἀόριστος
1423 1171 1654 1247 ἔλειψα
1696 1172 1809 1235 καὶ
1844 1171 2108 1256 μέλλων
2138 1174 2366 1250 λείψω.
2428 1194 2562 1235 cum
2593 1193 2737 1252 ergo
2767 1173 2901 1234 dico
2932 1172 3022 1233 vel
3052 1170 3289 1247 ἔλειψα

708 1276 795 1335 vel
842 1273 1087 1354 λείψω,
1134 1276 1288 1355 quod
1335 1295 1465 1336 esse
1511 1277 1685 1339 velim
1730 1279 1909 1340 huius
1953 1296 2239 1358 praesens
2283 1277 2450 1337 verbi
2496 1285 2756 1356 tempuS,
2824 1278 3116 1337 incertum
3161 1283 3284 1344 est:

710 1396 844 1438 cum
891 1385 1086 1437 autem
1119 1378 1252 1438 dico
1298 1376 1506 1439 λείπω
1551 1386 1652 1440 aut
1685 1379 1913 1460 λείβω,
1961 1381 2032 1441 (le
2078 1381 2325 1460 reliquis
2370 1381 2500 1440 eius
2546 1378 2914 1458 temporibus
2958 1396 3132 1438 nemo
3177 1377 3286 1438 du·

709 1480 875 1541 bitat.
962 1473 1262 1560 ἠρχόμην
1307 1482 1699 1560 inperfectum
1743 1491 1977 1563 tempus
2021 1492 2111 1543 est
2156 1503 2187 1544 a
2234 1485 2532 1562 praesenti
2576 1479 2875 1561 ἔρχομαι,
2930 1479 3207 1541 similiter
3249 1499 3285 1539 a
3313 1494 3360 1531 ιο

710 1584 1008 1661 praesenti
1053 1575 1358 1662 ἄρχομαι.
1451 1602 1584 1644 cum
1641 1602 1785 1663 ergo
1839 1585 1973 1645 dico
2016 1577 2352 1665 ἠρχόμην,
2399 1586 2693 1644 incertum
2736 1584 3027 1664 relinquo,
3083 1591 3285 1643 utrum
3339 1604 3342 1607 ·

709 1684 1013 1746 veniebam
1069 1703 1141 1746 an
1197 1685 1555 1765 incipiebam
1616 1686 1883 1765 intellegi
1940 1687 2147 1757 velim,
2195 1694 2256 1747 et
2297 1687 2433 1747 ideo
2481 1680 2768 1759 ἐνεστώς
2820 1687 2950 1746 eius
2993 1687 3056 1745 in
3101 1684 3287 1745 dubio

708 1795 818 1857 est,
865 1786 1138 1868 ἔρχομαι
1181 1789 1261 1848 sit
1304 1806 1377 1848 an
1421 1780 1737 1869 ἄρχομαιε
1785 1807 1918 1849 cum
1965 1807 2105 1849 vero
2148 1789 2282 1849 dico
2325 1782 2612 1868 ἄρχομαι
2656 1794 2757 1848 aut
2792 1785 3088 1868 ἔρχομαι,
3133 1786 3288 1848 nibil

709 1890 781 1951 de
839 1891 1168 1968 inperfecto
1223 1889 1613 1951 dubitabitur.
1702 1893 2183 1969 coniugationum
2239 1909 2473 1971 quoque
2531 1889 2905 1951 diversitates
2963 1891 3024 1950 in
3068 1908 3286 1969 graeco

710 1993 1007 2072 latinoque
1062 1991 1245 2053 verbo
1299 2011 1583 2073 praesens
1637 1994 1807 2063 facit,
1878 1999 2089 2067 ποιεῖς
2139 1993 2332 2075 τιμᾷς
2385 1998 2769 2071 στεφανοῖςι
2838 2011 2954 2053 non
3010 1994 3125 2053 nisi
3193 1994 3282 2052 in·
3313 2008 3361 2047 ιε

709 2096 921 2155 stantis
967 2095 1225 2155 secunda
1269 2113 1523 2174 persona
1568 2095 1886 2165 discernit;
1933 2102 2198 2157 ceterum
2244 2099 2304 2156 in
2350 2093 2688 2174 πεποίηκα
2727 2103 2784 2155 et
2829 2092 3177 2175 τετίμηκα,
3225 2096 3287 2155 in

708 2190 965 2277 ποιήσω
1011 2204 1071 2256 et
1112 2192 1399 2278 τιμήσω,
1445 2200 1588 2258 item
1635 2200 1698 2258 in
1746 2193 2024 2259 ἐποίουν
2069 2205 2128 2259 et
2188 2187 2523 2276 ἕχρύσουν
2573 2196 2730 2257 nulla
2789 2196 3093 2257 discretio.
3183 2196 3287 2256 sed

710 2305 786 2358 et'
812 2300 873 2359 in
917 2293 1319 2378 βαρυτόνοις
1360 2295 1588 2361 τύπτω
1635 2302 1861 2380 primae
1907 2318 2037 2361 esse
2083 2300 2516 2377 coniugationis
2557 2299 2780 2359 faciunt
2811 2316 2858 2358 π
2889 2294 3000 2359 καὶ
3031 2316 3090 2377 τ,
3135 2318 3286 2378 quae

709 2403 770 2460 in
816 2404 1149 2480 praesentis
1192 2403 1383 2480 prima
1430 2421 1681 2482 persona
1729 2421 1781 2463 ω
1827 2402 2085 2463 litteram
2128 2401 2504 2471 antecedunt,
2548 2419 2697 2481 quae
2745 2402 2912 2478 'signa
2943 2402 3161 2462 desunt
3190 2398 3283 2479 et!

709 2505 770 2564 in
816 2497 1071 2582 τέτυφα
1115 2511 1174 2563 et
1216 2505 1277 2564 in
1323 2502 1535 2579 ἔτυψα
1580 2513 1640 2565 et
1686 2507 1746 2565 in
1790 2498 1999 2579 τύψω.
2059 2499 2230 2581 λέγω
2274 2511 2517 2584 propter
2560 2522 2602 2582 γ
2632 2502 2926 2564 secundae
2971 2510 3083 2572 est,
3129 2502 3288 2581 quod
3314 2519 3362 2557 «ιο

711 2607 945 2683 signum
1000 2604 1223 2666 habere
1283 2606 1502 2667 desinit
1546 2608 1607 2666 in
1653 2601 1890 2685 λέλεχα
1933 2600 2123 2679 ἔλεξα
2168 2599 2363 2679 λέξω;
2431 2606 2519 2665 sic
2584 2607 2644 2665 in
2712 2605 2962 2684 reliquis
3006 2606 3289 2682 coniuga-

709 2706 993 2768 tionibus.
1082 2725 1364 2787 praesens
1421 2717 1652 2789 tempus
1707 2708 1968 2769 ostendit
2023 2715 2084 2767 et
2136 2725 2359 2787 genera
2405 2707 2742 2768 verborum.
2831 2725 2965 2768 nam
3033 2709 3290 2767 activum

709 2818 809 2871 aut
854 2817 1127 2870 neutrum
1173 2810 1433 2872 Graecus
1477 2810 1797 2890 intellegit,
1854 2814 1904 2872 si
1962 2813 2024 2872 in
2081 2830 2133 2871 ω
2189 2829 2472 2890 praesens
2524 2810 2772 2880 desinat,
2830 2811 3127 2890 passivum
3196 2808 3289 2869 vel

708 2931 1017 2973 commune
1073 2918 1133 2971 et
1187 2913 1280 2973 his
1334 2913 1579 2982 similia,
1641 2915 1691 2978 si
1748 2916 1809 2974 in
1865 2932 2001 2993 μαι.
2091 2913 2429 2974 declinandi
2485 2919 2680 2972 autem
2726 2912 2892 2973 verbi
2938 2914 3127 2972 series
3171 2930 3288 2972 non

710 3015 826 3075 nisi
869 3033 1002 3075 cum
1047 3013 1119 3074 de
1164 3014 1356 3075 modis
1400 3023 1686 3077 tractatur
1730 3023 1993 3096 apparet.
2062 3015 2202 3075 hinc
2246 3015 2455 3076 modus
2497 3013 2649 3095 apud
2697 3014 2953 3075 Graecos
2998 3011 3367 3092 ἔγκλισιςεε,

710 3124 1104 3195 nuncupatur,
1153 3116 1211 3176 id
1258 3126 1348 3178 est
1394 3113 1470 3178 ἐν
1515 3103 1570 3198 ᾧ
1610 3111 1650 3198 ἡ
1696 3116 1932 3190 κλίσις.

877 3218 962 3279 De
1007 3219 1398 3279 declinatione
1445 3220 1768 3280 indicativi.
1859 3238 2030 3280 omne
2090 3220 2242 3299 apud
2289 3219 2546 3280 Graecos
2589 3218 2835 3280 verbum
2901 3218 3290 3279 indicativum

709 3323 770 3381 in
817 3340 869 3381 ω
916 3321 1221 3391 desinenS‚
1280 3340 1395 3384 seu
1432 3321 1755 3402 barytonon
1814 3341 1922 3383 seu
1966 3324 2447 3402 perispomenum
2492 3324 2599 3392 sit,
2658 3340 2762 3412 seu
2808 3323 3137 3400 praesentis
3179 3338 3289 3380 scu

708 3425 917 3493 futuri,
965 3425 1121 3483 omni
1168 3424 1340 3484 modo
1386 3426 1447 3485 in
1491 3424 1786 3485 secundae
1830 3443 2120 3504 personae
2165 3425 2278 3485 fine
2312 3423 2737 3504 diphthongum
2786 3423 3001 3485 babeat
3043 3441 3288 3484 necesse

710 3534 817 3595 est,
867 3526 925 3587 id
975 3534 1064 3586 est
1088 3522 1271 3586 ’ἰῶτα
1316 3527 1406 3586 vel
1451 3544 1586 3586 cum
1635 3546 1688 3605 ε,
1734 3534 1801 3587 ut
1846 3533 2079 3605 ποιεῖς,
2127 3526 2217 3587 vel
2263 3543 2398 3586 cum
2445 3546 2509 3605 α,
2557 3533 2620 3586 ut
2663 3525 2876 3606 τιμᾷς,
2921 3526 3013 3587 vel
3059 3544 3193 3586 cum
3222 3543 3288 3601 ο,
3319 3551 3372 3589 ao

713 3636 775 3690 ut
821 3625 1075 3708 ὃηλοῖς;
1123 3629 1186 3687 in
1231 3630 1392 3688 omni
1439 3637 1633 3690 autem
1678 3630 1881 3689 futuro
1927 3648 2059 3688 cum
2107 3647 2162 3706 ε,
2209 3635 2274 3688 ut
2315 3624 2582 3709 νοήσεις
2620 3623 2890 3709 βοήσεις
2919 3621 3292 3709 χρυσώσεις

709 3725 916 3803 λέξεις
957 3726 1210 3804 τύψεις.
1300 3732 1442 3791 item
1487 3732 1546 3790 in
1591 3734 1753 3792 omni
1797 3749 2012 3810 graeco
2056 3729 2239 3790 verbo
2282 3732 2451 3792 cuius
2496 3732 2686 3810 prima
2731 3732 2948 3809 positio
2992 3731 3055 3790 in
3102 3748 3154 3788 ω
3186 3727 3289 3788 de-

709 3833 850 3892 sinit
904 3831 1161 3892 secunda
1217 3851 1468 3911 persona
1526 3835 1741 3894 amisso
1799 3831 2001 3913 σίγμα
2054 3834 2292 3894 tertiam
2346 3834 2509 3893 facit.
2596 3851 2767 3892 omne
2812 3831 3058 3892 verbum
3125 3833 3188 3890 in
3232 3849 3289 3889 ω

710 3935 987 3996 desinens
1040 3936 1464 4014 cuiuscumque
1520 3936 1956 4014 coniugationis
2013 3944 2071 3996 et
2137 3935 2425 4014 temporis
2481 3930 2920 4012 ι’σοσυλλαβεῖ
2964 3934 3027 3993 in
3094 3933 3288 4012 prima

708 4036 966 4097 secunda
1025 4043 1084 4096 et
1128 4040 1304 4098 tertia
1348 4056 1633 4117 persona,
1695 4037 1866 4098 ποιῶ
1911 4043 2121 4109 ποιεῖς
2164 4042 2369 4114 ποιεῖ,
2421 4032 2552 4113 ε’ρῶ
2599 4032 2757 4115 ἐρᾷς
2802 4032 2946 4116 ἐρᾷ,
3013 4027 3292 4113 ἀργυροῖ
3321 4060 3375 4098 35

709 4131 1030 4219 ἀργυροῖς
1071 4131 1379 4218 ἀργυροῖ,
1426 4135 1596 4217 λέγω
1643 4135 1855 4217 λε’γεις
1898 4133 2098 4217 λέγει,
2145 4133 2307 4212 λε’ξω
2354 4133 2560 4211 λέξεις
2604 4132 2806 4216 λέξει,
2857 4132 3084 4217 νοήσω
3127 4130 3292 4214 νοή-

711 4254 849 4313 σεις
891 4236 1142 4321 νοήσει.
1221 4244 1282 4302 in
1328 4242 1527 4303 verbis
1573 4243 1634 4302 in
1682 4261 1734 4302 ω
1780 4240 2192 4302 desinentibus
2236 4243 2432 4319 prima
2477 4240 2721 4319 pluralis
2767 4260 2798 4300 a
2844 4241 3038 4319 prima
3084 4240 3293 4315 singu-

711 4344 822 4404 lari
870 4345 951 4412 fit,
998 4362 1247 4422 operose
1276 4351 1488 4404 tamen
1536 4363 1603 4404 ac
1648 4346 1831 4405 varie.
1921 4347 1981 4404 in
2027 4344 2326 4423 praesenti
2372 4344 2532 4403 euim
2580 4348 2843 4421 tempore
2887 4360 3013 4422 μεν
3067 4338 3294 4420 syllaba

711 4464 948 4526 semper
1002 4446 1291 4516 adicitur;
1356 4447 1458 4507 sed
1516 4448 1689 4508 modo
1743 4446 1890 4507 nihil
1951 4445 2187 4506 additur
2231 4444 2320 4505 vel
2366 4451 2758 4525 permutatur,
2814 4452 2881 4504 ut
2924 4445 2988 4503 in
3031 4441 3294 4504 secunda

852 4737 875 4784 1
903 4733 1003 4786 καὶ
1026 4726 1156 4816 γὰρ]
1186 4751 1235 4786 ει
1260 4753 1369 4814 γαρ
1396 4737 1442 4784 P
1463 4722 1499 4799 ἦ
1526 4729 1634 4801 γάρ
1658 4736 1821 4786 Ianus
1950 4737 1987 4815 ⁸2
2024 4722 2061 4799 ἦ
2084 4725 2144 4785 ἔκ
2172 4727 2423 4798 μονάδος
2446 4715 2756 4814 κατάγεται
2781 4734 2944 4784 Ianus
2966 4729 3298 4798 ηρμοναδος

712 4818 1020 4866 καταγεται
1046 4804 1096 4852 Ρ
1118 4821 1150 4868 η
1178 4820 1358 4871 μονας
1383 4804 1731 4870 καθηγεῖται
1763 4805 1978 4854 coniecit
2004 4803 2298 4867 Opsopoeus
2433 4805 2466 4852 4
2491 4799 2827 4869 populositas]
2860 4803 3091 4864 fortasse
3117 4800 3295 4870 plura-

714 4871 829 4921 litas
963 4873 1029 4921 26
1054 4871 1104 4922 id
1130 4880 1205 4922 est
1232 4888 1294 4924 εν
1318 4889 1383 4923 mc
1412 4873 1621 4932 εκλισις
1644 4874 1695 4926 Ρ
1827 4873 1889 4922 31
1911 4854 2104 4930 δελοις
2129 4873 2179 4921 Ρ
2311 4871 2377 4922 38
2411 4887 2527 4940 μην
2550 4872 2599 4924 Ρ
