3541 5564
581 355 708 419 438
1720 358 2022 421 PHOCAE

634 477 676 518 p.
703 465 796 505 εει.
819 464 871 506 52
900 465 944 506 L.
2757 482 2800 523 p.
2832 470 3035 511 1⁷20-ae
3061 467 3107 511 r.

583 564 695 605 nec
752 564 869 606 non
925 547 1104 606 etiam
1161 547 1222 605 in
1279 547 1619 626 participiis
1661 548 1973 624 utriusque
2020 548 2326 625 temporis,
2416 565 2599 609 unum
2644 566 2715 608 ex
2760 549 2857 609 his
2900 550 2999 610 odi
3046 549 3161 609 duo

582 650 899 727 participia
945 649 1089 708 facit
1131 650 1441 726 praeteriti
1489 651 1778 728 temporis
1819 649 2043 725 figurae
2089 650 2474 727 compositae,
2523 668 2736 710 exosus
2780 659 2842 711 et
2883 669 3154 731 perosuS.

584 756 723 820 sunt
776 749 886 811 alia
945 768 1095 830 quae
1151 751 1215 809 in
1271 752 1429 809 omni
1488 750 1882 811 declinatione
1949 751 2244 812 secundae
2300 758 2438 812 sunt
2491 754 2928 829 coniugationis
2983 761 3044 813 et
3092 756 3158 841 ¹in

583 854 814 912 infinito
858 854 1028 932 quasi
1073 853 1286 911 tertiae
1333 860 1643 932 correptae
1688 853 2107 933 proferuntur:
2153 852 2352 932 fulgeo
2369 856 2682 929 &finitum
2724 854 2952 932 fulgere
2996 855 3158 924 facit,

583 954 784 1012 ferveo
828 955 1094 1022 fervere,
1141 953 1388 1014 obsideo
1432 953 1731 1014 obsidere.
1822 954 2037 1014 lectum
2084 961 2174 1015 est
2217 963 2277 1015 et
2321 955 2528 1026 strido,
2574 955 2731 1036 quod
2776 963 2869 1017 est
2913 959 3156 1027 tertiae;
3188 970 3213 1009 ὁ

583 1055 681 1115 alii
730 1061 794 1114 ut
837 1057 1130 1117 secundae
1176 1057 1527 1136 proferunt,
1575 1074 1643 1117 ac
1674 1058 1928 1116 maxime
1961 1055 2234 1117 Lucanus
2277 1056 2455 1119 huius
2497 1057 2659 1118 modi
2704 1057 3159 1123 declinationem

581 1160 907 1238 usurpavit.
956 1157 966 1240 Ι

751 1260 943 1320 Verba
998 1268 1116 1321 tam
1173 1262 1401 1340 passiva
1458 1279 1633 1340 quam
1691 1260 2048 1339 deponentia
2103 1279 2213 1321 nec
2258 1281 2374 1322 non
2421 1264 2601 1322 etiam
2646 1263 3011 1332 communia,
3058 1281 3160 1324 cu·

581 1350 930 1441 iuscumque
975 1366 1095 1423 sint
1138 1363 1606 1440 coniugationis,
1654 1366 2046 1441 praeteritum
2090 1365 2423 1442 perfectum
2468 1366 2529 1424 in
2575 1365 2683 1426 has
2724 1365 2980 1444 syllabas
3023 1367 3159 1425 mit·

581 1470 741 1533 tunt,
795 1466 866 1523 in
921 1471 1044 1535 ωε,
1100 1467 1163 1524 in
1221 1473 1380 1535 ctus,
1439 1466 1502 1525 in
1548 1483 1676 1534 sus,
1733 1468 1797 1525 in
1842 1483 1980 1535 xuS‚
2028 1465 2307 1526 adiuncto
2350 1468 2413 1526 in
2459 1466 2737 1527 omnibus
2779 1485 2907 1527 sum
2953 1464 3155 1533 verbo,
3190 1482 3240 1521 ιο

582 1573 647 1625 ut
691 1585 856 1626 amor
901 1573 1134 1627 amatus
1178 1585 1338 1637 sum,
1387 1566 1604 1627 doceor
1634 1566 1846 1627 doctus
1879 1585 2036 1636 sum,
2084 1570 2277 1647 patior
2322 1586 2530 1647 passus
2575 1587 2736 1637 sum,
2783 1570 2943 1629 nitor
2984 1569 3162 1629 nixus

581 1685 730 1728 sum.
820 1675 1101 1729 notantur
1146 1687 1330 1748 pauca
1376 1687 1527 1748 quae
1572 1670 1635 1729 in
1680 1670 2006 1747 praeterito
2062 1668 2370 1740 deficiunt,
2432 1673 2664 1749 passiva
2708 1670 2947 1750 quidem
2993 1670 3158 1740 haec,

582 1771 743 1829 feror
790 1772 975 1831 ferior
1019 1771 1222 1831 tollor:
1270 1771 1498 1831 faciunt
1551 1772 1711 1831 enim
1768 1772 2159 1850 praeteritum
2208 1771 2359 1832 latus
2403 1791 2564 1842 sum,
2610 1774 2767 1832 ictus
2810 1790 2968 1846 sum,
3017 1771 3158 1832 sub-

581 1873 735 1933 latus
791 1892 951 1933 sum:
1010 1891 1222 1952 poscor
1279 1871 1561 1953 (namque
1608 1872 1720 1932 hoc
1763 1891 1999 1953 quoque
2045 1873 2248 1934 delicit
2299 1876 2362 1934 in
2418 1874 2775 1954 praeterito)
2832 1874 3161 1953 postulatus

581 1994 739 2044 sum,
796 1993 1014 2052 arguor
1071 1977 1377 2036 convictus
1431 1994 1593 2045 sum;
1652 1975 1931 2035 similiter
1985 1982 2217 2036 metuor
2274 1984 2334 2036 et
2387 1979 2602 2036 timeor
2655 1976 2880 2037 nullum
2935 1975 3158 2037 habent
3187 1990 3240 2030 ¹5

580 2078 933 2156 perfectum.
996 2076 1351 2156 deponentia
1391 2095 1538 2152 yero
1582 2077 1748 2147 haec,
1794 2095 2002 2138 vescor
2045 2077 2213 2137 fruor
2257 2079 2500 2138 medeor
2546 2079 2740 2158 liquor
2785 2081 3156 2157 reminiscor,

579 2197 731 2257 quae
778 2181 841 2261 in
887 2182 1215 2259 praeterito
1270 2182 1357 2240 sic
1413 2180 1833 2259 proferuntur,
1890 2187 2096 2258 pastus
2139 2198 2299 2251 sum,
2357 2183 2580 2260 potitus
2623 2199 2784 2250 sum,
2832 2181 3159 2242 medicatus

579 2299 737 2350 sum,
796 2280 1153 2360 liquefactus
1209 2299 1370 2345 sum.
1428 2281 1776 2342 recordatus
1830 2299 1991 2352 sum;
2047 2299 2197 2361 quae
2253 2280 2328 2342 ab
2384 2282 2499 2342 alio
2544 2284 2842 2361 praesenti
2889 2285 3154 2350 veniunt,

571 2384 682 2443 -sed
728 2383 800 2443 ad
848 2384 1325 2463 supplementum
1369 2382 1787 2444 declinationis
1831 2382 2144 2443 defectivis
2187 2383 2732 2446 adcommodantur.
2794 2393 2933 2446 sunt
2975 2404 3155 2464 quae-

579 2485 712 2547 dam
769 2486 1129 2564 doponentia
1186 2489 1450 2546 incertae
1496 2486 1961 2562 coniugationis,
2010 2486 2156 2546 haec
2202 2485 2351 2555 sola,
2399 2488 2562 2546 orior
2605 2488 2821 2565 potior.
2912 2505 3046 2548 nam
3091 2488 3155 2547 in
3182 2499 3237 2539 ²0

577 2586 596 2669 ΙΙ
639 2587 899 2647 secunda
945 2605 1198 2667 persona
1243 2589 1477 2648 numeri
1523 2585 1844 2664 singularis
1874 2588 2088 2647 tertiae
2120 2587 2442 2665 productae
2488 2596 2654 2657 sunt,
2700 2589 2812 2649 hoc
2858 2596 2949 2649 est
2977 2592 3155 2669 quar-

576 2697 671 2750 tae
728 2690 1191 2766 coniugationiS,
1250 2695 1310 2748 et
1361 2691 1424 2749 in
1482 2691 1782 2768 praesenti
1831 2697 2097 2768 tempore
2142 2690 2362 2750 infiniti
2408 2690 2600 2750 modi:
2666 2692 2847 2751 oriris
2890 2694 3050 2751 enim
3097 2699 3157 2752 et

579 2793 792 2871 potiris
848 2800 908 2852 et
950 2794 1093 2852 item
1137 2792 1282 2851 oriri
1328 2799 1388 2851 et
1429 2794 1611 2871 potiri
1657 2792 1942 2862 dicimus;
1989 2792 2218 2871 reliqua
2265 2792 2338 2852 ad
2383 2792 2717 2872 exemplum
2764 2795 2975 2853 tertiae
3022 2812 3153 2854 cor-

577 2902 781 2974 reptae
837 2894 1231 2954 declinantur.
1319 2901 1456 2955 sunt
1522 2893 1636 2954 alia
1691 2912 1843 2972 quae
1901 2912 1932 2954 a
1990 2894 2225 2954 diverso
2268 2896 2515 2955 veniunt
2556 2897 2893 2974 praesenti,
2942 2896 3046 2956 sed
3090 2898 3154 2956 in

577 2998 902 3076 praeterito
957 2996 1428 3066 confunduntur,
1485 3003 1553 3056 ut
1604 2998 1800 3076 patior
1855 3014 2064 3075 passus
2118 3014 2277 3064 sum,
2336 2997 2564 3076 pandor
2617 3016 2826 3077 passus
2881 3015 3042 3066 sum,
3089 3005 3234 3057 ut2⁵

577 3098 733 3178 apud
790 3097 1116 3176 Vergilium
1172 3096 1551 3158 ‘crinibus
1604 3097 1884 3158 Iliades
1937 3100 2246 3177 passis';
2304 3100 2447 3159 item
2492 3106 2692 3158 vertor
2738 3116 2944 3159 versus
3000 3117 3152 3168 sum,

580 3219 786 3262 verror
841 3218 1048 3260 versus
1104 3218 1265 3271 sum,
1323 3206 1388 3262 ut
1443 3200 1598 3280 apud
1654 3199 1911 3260 eundem
1966 3200 2073 3260 ‘et
2128 3217 2344 3261 versa
2400 3200 2646 3280 pulvis
2689 3199 3154 3261 inscribitur

576 3304 845 3363 hasta’.
939 3310 1075 3362 sunt
1120 3303 1233 3364 alia
1279 3301 1729 3382 impersonalia,
1787 3320 1938 3381 quae
1997 3302 2328 3382 adsumptis
2391 3301 2844 3380 pronominibus
2908 3301 3149 3362 ablativi

576 3401 762 3465 casus
793 3403 1167 3465 declinantur
1212 3412 1271 3465 et
1314 3423 1346 3466 a
1393 3403 1590 3464 verbis
1619 3404 1817 3464 neutri
1847 3407 2087 3481 generis
2115 3405 2445 3482 figurantur
2473 3403 2565 3464 vel
2610 3403 2684 3464 ab
2729 3406 2954 3474 activiS,
2999 3423 3152 3483 quae

575 3507 838 3567 dativum
883 3524 1085 3567 casum
1129 3509 1192 3566 in
1236 3509 1393 3566 serie
1439 3507 1726 3566 orationis
1769 3505 2116 3576 admittunt,
2178 3513 2244 3567 ut
2299 3508 2539 3567 sedetur
2583 3505 2919 3567 ambulatur
2963 3513 3153 3566 statur
3179 3519 3233 3561 ω

576 3617 873 3689 pugnatur
914 3610 1037 3670 itur
1080 3608 1378 3682 studetur:
1430 3604 1455 3687 ΙΙ
1505 3609 1747 3668 veniunt
1792 3609 1980 3677 enim,
2038 3616 2106 3668 ut
2158 3609 2381 3669 dictum
2428 3615 2543 3676 est,
2591 3626 2624 3668 a
2668 3610 2925 3676 neutriS,
2973 3607 3152 3667 sedeo

577 3711 813 3773 ambulo
872 3718 963 3772 sto
1019 3729 1215 3791 pugno
1269 3730 1340 3771 eo
1396 3710 1627 3771 studeo.
1715 3709 1812 3769 his
1866 3712 2042 3770 etiam
2090 3709 2452 3771 Graecorum
2506 3711 2874 3780 iactantiam,
2921 3712 3153 3789 siquam

577 3815 649 3874 de
695 3816 864 3894 copia
909 3816 1199 3875 sermonis
1244 3822 1553 3882 exercent,
1611 3813 1968 3883 refutamuS‚
2026 3812 2181 3892 quod
2229 3812 2374 3872 baec
2418 3814 2661 3891 proprie
2706 3818 3007 3892 nequeunt
3049 3830 3150 3872 ex-

717 4054 780 4104 12
818 4063 1052 4103 notantur
1090 4067 1254 4120 pauca
1293 4051 1444 4105 Char.
1477 4051 1597 4112 249,
1633 4050 1684 4103 8.
1726 4053 1888 4102 Diom.
1911 4049 2031 4110 380,
2063 4053 2129 4102 22
2238 4051 2307 4100 24
2343 4058 2461 4101 sunt
2495 4050 2596 4100 alia
2635 4050 2796 4103 Diom.
2824 4048 2946 4113 377,
2981 4049 3043 4100 21

574 4124 642 4175 28
676 4131 796 4174 sunt
828 4122 928 4173 alia
963 4122 1321 4189 impersonalia
1357 4124 1514 4173 Diom.
1537 4120 1659 4182 399,
1699 4119 1764 4171 13

712 4367 746 4415 4
784 4364 905 4415 facit
939 4381 1031 4419 om.
1072 4367 1123 4414 P
1255 4362 1289 4414 6
1326 4363 1550 4413 maximo
1584 4362 1633 4411 P
1769 4362 1802 4411 7
1842 4360 2124 4426 usurpauit.
2165 4375 2228 4409 ne
2259 4374 2420 4410 nunno
2458 4372 2681 4411 mesico.
2722 4359 2886 4411 Uerba
2911 4359 3018 4409 PF

575 4437 608 4488 8
639 4437 883 4500 cuiusque
909 4436 957 4484 P
1060 4433 1126 4485 10
1158 4435 1209 4482 in
1239 4441 1322 4482 tus
1353 4434 1404 4482 in
1442 4442 1553 4483 ctus
1587 4446 1622 4488 ς
1654 4432 1703 4481 ln
1738 4441 1821 4481 tus
1857 4432 1987 4481 ictus
2027 4432 2151 4480 Pin
2187 4440 2266 4479 tus
2301 4431 2356 4479 in
2380 4429 2547 4494 gusF
2652 4429 2711 4479 11
2750 4430 2936 4480 doceor
2969 4429 3150 4479 doctus

575 4521 688 4556 sum
714 4522 806 4557 om.
839 4506 890 4554 P
1036 4501 1240 4570 passus]
1281 4513 1457 4569 pactus
1494 4504 1543 4552 F
1712 4503 1865 4551 nixus
1904 4501 1990 4563 Pf
2012 4500 2182 4551 niseus
2212 4501 2262 4550 F
2293 4501 2436 4549 nisus
2471 4512 2506 4554 ς
2680 4498 2744 4550 13
2781 4499 2977 4550 faciunt
3015 4500 3149 4549 enim

575 4592 664 4625 om.
704 4575 751 4626 F
890 4575 951 4625 17
990 4575 1268 4626 medicatus
1303 4590 1415 4624 sum
1456 4588 1549 4622 om.
1586 4573 1713 4633 PF,
1751 4572 1875 4624 add.
1915 4584 1950 4627 ς
2124 4571 2192 4622 22
2221 4567 2393 4635 oriris]
2437 4569 2540 4617 oris
2574 4568 2623 4617 P
2793 4571 2860 4620 25
2897 4577 2952 4618 ut
2984 4571 3152 4635 patior

577 4661 763 4711 passus
790 4660 901 4695 sum
941 4646 1138 4712 pendor
1172 4659 1355 4709 passus
1387 4658 1499 4693 sum
1539 4655 1574 4699 ς
1609 4650 1663 4690 ut
1702 4643 1867 4707 patior
1900 4655 2083 4706 passus
2114 4655 2226 4689 sum
2264 4642 2314 4690 P
2340 4648 2393 4688 ut
2427 4637 2623 4704 pendor
2650 4653 2836 4704 passus
2862 4654 2975 4689 sum
3001 4640 3051 4688 F

576 4716 644 4767 26
680 4712 920 4781 crinibus]
976 4718 1132 4780 Ver-9.
1172 4714 1303 4768 Aen.
1340 4717 1360 4764 1
1398 4712 1502 4763 480
1605 4709 1810 4776 iliades]
1849 4710 2015 4760 eliade
2052 4710 2101 4759 F
2235 4710 2302 4759 27
2332 4718 2382 4760 et
2417 4703 2583 4774 versa]
2636 4710 2793 4775 Very.
2820 4711 2951 4760 Aen.
2990 4710 3009 4758 1
3046 4708 3151 4759 478

713 4783 1023 4851 inscribitur]
1060 4787 1109 4834 in
1142 4783 1223 4835 his
1259 4783 1436 4835 scribit
1470 4783 1521 4831 P
1621 4780 1688 4831 32
1725 4781 1807 4830 his
1842 4781 1975 4831 enim
2008 4782 2098 4837 Ἐς
2134 4780 2188 4830 iu
2218 4778 2300 4828 his
2334 4779 2468 4827 enim
2494 4777 2530 4839 f
2626 4777 2930 4830 Graecorum
2957 4781 3151 4829 iactau-

575 4857 695 4906 tiam
733 4872 823 4907 om.
864 4855 914 4903 P
1048 4854 1116 4906 33
1151 4853 1278 4903 haec
1303 4853 1537 4919 propriae
1572 4851 1623 4899 P
1646 4850 1772 4901 haec
1809 4851 2016 4916 propria
2044 4851 2094 4899 F
2125 4865 2216 4899 nec
2249 4851 2456 4914 propria
2487 4861 2523 4903 ς
