3541 5564
620 317 739 382 198
1753 318 2058 381 POMPEI!

665 441 707 483 p.
734 429 911 469 230-32
939 427 982 468 1..

615 508 933 588 analogiae.
1025 510 1108 569 ait
1166 510 1324 570 enim
1370 508 1586 570 Caesar
1641 508 1789 569 ‘nisi
1836 509 2034 569 omnia
2080 511 2454 572 consentiant
2495 511 2651 571 inter
2698 529 2790 587 se,
2839 528 2961 571 non
3006 518 3204 591 potest

614 615 742 673 fieri
785 619 850 672 ut
893 613 1152 673 nominis
1196 611 1518 673 similitudo
1564 597 1694 672 sit'.
1788 618 1927 692 puta
1974 611 2182 672 doctus
2229 621 2288 673 et
2332 619 2531 692 aptus:
2581 626 2722 674 ecce
2773 610 2781 693 Ι
2827 611 2942 673 hoc
2986 596 3201 674 nomen

615 717 782 776 omni
822 720 991 794 parte
1037 715 1365 784 consentit,
1412 713 1634 774 idcirco
1682 720 1740 774 et
1784 712 2059 774 similiter
2104 713 2453 776 declinatur.
2545 715 2756 777 doctus
2801 716 2970 776 cuius
3016 714 3201 794 quali·

615 819 753 878 tatis
799 816 921 876 est?
966 813 1368 896 appellativae,
1419 824 1478 877 et
1522 824 1695 895 aptus
1740 814 2035 895 qualitatis
2082 825 2170 876 est
2213 816 2625 896 appellativae:
2675 836 2814 878 ecce
2858 817 3199 878 similitudo.

616 919 825 980 doctus
870 919 1352 998 conparationem
1399 918 1638 996 recipit,
1687 917 1918 980 doctior
1950 917 2349 989 doctissimus,
2401 925 2458 978 et
2503 925 2674 999 aptus
2719 921 3201 999 conparationem
3228 935 3252 973 5

615 1024 857 1103 recipit,
907 1023 1099 1102 aptior
1145 1022 1514 1101 aptissimus:
1565 1038 1703 1081 ecce
1734 1021 2012 1099 congruit
2042 1021 2403 1100 conparatio.
2468 1039 2683 1100 genus:
2733 1022 2940 1083 doctus
2970 1023 3206 1100 generis

618 1125 927 1186 masculini
976 1131 1092 1193 est,
1142 1124 1595 1203 aptusgeneris
1641 1122 1949 1184 masculini
1995 1129 2117 1194 est,
2166 1132 2225 1185 et
2270 1130 2585 1201 utrumque
2618 1123 2863 1185 mobile:
2912 1143 3049 1185 nam
3096 1124 3208 1184 hoc

617 1231 676 1288 in
723 1229 945 1307 genere
990 1226 1327 1305 sequimur,
1377 1232 1433 1285 et
1477 1244 1665 1304 genus
1711 1229 1768 1285 et
1812 1224 2233 1296 mobilitatem,
2282 1226 2488 1287 doctus
2519 1226 2688 1289 docta
2722 1227 2994 1297 doctum,
3043 1234 3208 1307 aptus

618 1337 751 1409 apta
809 1337 1030 1409 aptum.
1114 1329 1350 1389 numeri
1402 1327 1749 1406 singularis,
1810 1325 1905 1388 hic
1961 1327 2197 1397 doctuS,
2255 1327 2353 1389 hic
2416 1338 2604 1409 aptus,
2695 1331 2880 1408 figura
2939 1328 3205 1409 simplex,

619 1433 830 1493 doctus
887 1429 1163 1510 simplex,
1225 1438 1395 1510 aptus
1450 1429 1721 1510 simplex.
1811 1448 1979 1490 casus
2037 1437 2125 1489 est
2181 1432 2603 1502 nominativu3‚
2662 1431 2760 1493 hie
2818 1430 3054 1501 doctus,
3114 1429 3280 1490 hiem

622 1542 807 1613 aptus
874 1535 1065 1594 exitus
1094 1532 1482 1614 syllabarum:
1535 1539 1593 1592 et
1634 1530 1781 1592 illud
1815 1533 1875 1592 in
1919 1551 1992 1593 us
2039 1533 2155 1592 exit
2205 1540 2261 1592 et
2304 1532 2447 1593 illud
2493 1535 2556 1593 in
2602 1552 2692 1601 us,
2741 1542 2930 1614 aptuS,
2979 1533 3206 1593 doctuS.

621 1637 1114 1717 paenultimarum
1147 1637 1596 1696 consonantium
1629 1636 1808 1695 ratio:
1857 1634 2001 1696 duas
2047 1633 2227 1695 habet
2268 1634 2413 1695 illud
2461 1644 2855 1697 consonantes
2900 1635 3131 1712 doctus,
3178 1653 3208 1694 c

622 1748 680 1800 et
723 1747 772 1813 t,
825 1748 883 1798 et
927 1746 1097 1817 aptus
1144 1737 1286 1798 (luas
1332 1737 1512 1800 habet
1556 1745 1971 1807 consonantes
2020 1756 2058 1816 p
2104 1745 2165 1798 et
2209 1745 2258 1806 t;
2309 1755 2451 1816 ergo
2497 1738 2646 1798 duae
2691 1746 2829 1798 sunt
2873 1756 3208 1799 consonan-

624 1850 712 1901 tes
756 1841 816 1900 in
860 1839 962 1900 illo
1007 1841 1267 1912 nomine,
1316 1846 1373 1900 et
1417 1842 1478 1901 in
1523 1838 1622 1899 illo
1669 1841 1911 1899 nomine
1957 1837 2107 1900 duae
2152 1846 2292 1900 sunt
2336 1848 2748 1900 consonantes.
2813 1840 3029 1901 deinde
3061 1841 3210 1901 ratio

622 1952 985 2023 temporum:
1045 1942 1239 2003 brevis
1284 1951 1373 2003 est
1417 1941 1652 2012 doctus,
1703 1948 1761 2001 et
1805 1949 1977 2021 aptus
2020 1941 2218 2003 brevis
2264 1946 2371 2002 est.
2461 1942 2593 2002 ideo
2639 1941 2909 2003 similiter
2955 1941 3211 2002 declina·
3239 1956 3283 1996 ιε

624 2055 749 2113 tur,
808 2045 904 2105 hic
964 2046 1170 2106 doctus
1216 2045 1313 2105 hic
1359 2051 1560 2124 aptuS,
1620 2044 1798 2104 huius
1854 2043 2013 2105 docti
2057 2043 2230 2104 huius
2276 2046 2424 2124 apti,
2473 2043 2611 2105 huic
2656 2045 2829 2104 docto
2874 2043 3013 2105 huic
3058 2053 3211 2124 apto,

625 2147 782 2207 hunc
843 2146 1081 2208 doctum
1137 2146 1294 2207 hunc
1351 2155 1582 2226 aptum,
1644 2153 1703 2206 et
1758 2164 1829 2206 ex
1885 2146 2095 2207 ordine
2152 2164 2358 2206 omnes
2412 2165 2581 2207 casus
2625 2145 2848 2208 similes
2893 2154 3051 2207 sunt.
3142 2145 3212 2206 da

625 2268 806 2309 unum
852 2248 1088 2326 aliquod
1137 2267 1383 2320 nomen,
1450 2248 1456 2328 ῐ
1516 2248 1618 2309 ubi
1674 2248 1764 2310 vel
1822 2266 1937 2308 una
1993 2267 2092 2309 res
2150 2248 2474 2328 discrepet,
2524 2256 2582 2308 et
2624 2251 2739 2309 iam
2785 2268 2905 2309 non
2951 2250 3217 2328 sequitur

625 2353 777 2412 ratio
833 2351 1266 2412 declinationis.
1356 2360 1422 2412 ut
1475 2359 1613 2432 puta
1668 2350 1839 2431 lepus
1897 2360 1955 2411 et
2010 2350 2213 2430 lupus,
2281 2352 2343 2411 in
2398 2352 2504 2411 ista
2565 2352 2760 2412 omnia
2817 2352 3214 2419 consentiunt,

626 2473 741 2515 una
799 2473 867 2514 re
921 2461 1148 2515 tantum
1204 2454 1354 2515 fiunt
1408 2453 1845 2514 dissentientes
1934 2461 2196 2514 ceterum
2253 2451 2425 2532 lupus
2470 2450 2768 2532 qualitatis
2811 2452 3286 2533 appellativae,20

628 2565 686 2616 et
729 2554 875 2617 illud
920 2554 1191 2615 similiter
1236 2572 1275 2608 a
1321 2555 1659 2636 corporale:
1713 2556 2199 2636 conparationem
2246 2573 2367 2615 non
2412 2556 2627 2633 recipit
2670 2553 2866 2634 lepuS,
2915 2574 3027 2615 nec
3074 2554 3216 2615 illud

628 2659 1113 2737 conparationem
1168 2659 1382 2737 recipit
1425 2655 1625 2737 lupus:
1687 2676 1856 2718 casus
1901 2658 2327 2728 nominativus,
2378 2658 2560 2735 ligura
2607 2654 2887 2737 simplex,
2938 2675 3219 2717 numerus

629 2759 977 2837 singularis,
1035 2757 1193 2821 idem
1251 2760 1470 2830 exituS,
1530 2757 1701 2839 lepus
1756 2758 1962 2840 lupus:
2033 2759 2272 2821 eaedem
2321 2767 2741 2830 consonantes;
2802 2778 2915 2821 una
2964 2759 3218 2820 estillic

629 2881 992 2932 consonans,
1044 2870 1101 2933 et
1143 2860 1265 2923 illic
1309 2881 1422 2922 una
1471 2870 1558 2922 est
1602 2881 1961 2924 consonans:
2021 2861 2228 2923 eadem
2274 2863 2423 2924 ratio
2468 2869 2833 2942 temporum:
2891 2861 3088 2923 brevis
3134 2870 3221 2922 est

630 2966 755 3037 illa,
805 2972 861 3026 et
905 2964 1004 3025 illa
1049 2964 1248 3026 brevis
1306 2970 1412 3024 est.
1506 2972 1564 3025 et
1617 2963 1789 3044 lepus
1833 2962 2196 3026 declinamus
2241 2965 2336 3025 hic
2383 2963 2548 3045 lepus
2591 2963 2768 3025 huius
2812 2963 3037 3043 leporis
3081 2964 3287 3025 huiczs

630 3068 850 3147 lepori,
900 3067 996 3127 hic
1042 3066 1217 3147 lupus
1262 3065 1439 3128 huius
1484 3066 1607 3148 lupi
1659 3068 1794 3128 huic
1840 3066 1998 3146 lupo.
2090 3085 2309 3145 genus:
2357 3065 2453 3127 hic
2498 3065 2672 3146 lupus
2719 3065 2972 3127 dicimus
3020 3074 3080 3127 et
3124 3068 3218 3127 hic

631 3170 831 3249 lepus:
879 3169 980 3230 sed
1016 3186 1199 3230 unum
1232 3167 1559 3248 discrepat,
1594 3169 1923 3240 mobilitaS,
1972 3189 2146 3250 quam
2178 3170 2430 3231 diximus
2464 3186 2591 3229 esse
2629 3169 2998 3238 servandam,
3046 3165 3219 3249 lupus

633 3272 773 3332 l'acit
816 3270 981 3350 lupa,
1028 3270 1200 3351 lepus
1243 3290 1362 3332 non
1408 3273 1550 3332 facit
1592 3271 1741 3352 lepa.
1815 3273 2168 3353 discrepavit
2209 3274 2272 3333 in
2317 3290 2557 3350 genere,
2606 3278 2663 3331 et
2706 3278 2953 3350 propter
2998 3270 3218 3332 discre-

635 3375 894 3454 pantiam
948 3376 1184 3452 generis
1240 3381 1467 3435 mutata
1523 3384 1613 3436 est
1665 3373 2001 3436 declinatio.
2092 3392 2233 3452 ergo
2292 3383 2381 3434 est
2435 3373 2594 3451 quod
2640 3372 2813 3442 dixit,
2863 3374 3103 3434 nomina
3150 3372 3218 3434 ad

636 3493 873 3536 omnem
917 3475 1359 3538 similitudinem
1407 3495 1536 3537 esse
1580 3474 1946 3537 declinanda.
2037 3485 2303 3537 ceterum
2349 3477 2398 3535 si
2442 3493 2558 3537 una
2605 3494 2704 3536 res
2748 3474 3024 3546 defuerit,
3070 3476 3289 3535 scires)

637 3577 922 3639 debemus
966 3581 1244 3658 quoniam
1289 3599 1410 3641 non
1456 3586 1572 3640 stat
1612 3580 1763 3640 ratio
1810 3578 2238 3641 declinationis,
3026 3564 3030 3570 ’

807 3680 957 3752 Quid
1004 3681 1079 3741 de
1123 3682 1273 3761 ipsis
1315 3679 1671 3760 generibus?
1734 3682 1893 3742 unde
1947 3700 2266 3762 possumus
2320 3699 2540 3759 genera
2586 3679 2889 3741 invenire?
2933 3698 3006 3741 ex
3054 3678 3219 3739 dimi-

639 3783 913 3851 nutione;
963 3783 1243 3850 diminue,
1293 3791 1349 3844 et
1393 3784 1623 3844 invenis
1668 3802 1876 3862 genus
1944 3791 2085 3864 puta
2132 3782 2358 3855 tabula,
2408 3784 2608 3844 nescio
2654 3783 2825 3843 cuius
2870 3783 3109 3860 generis
3151 3782 3224 3841 sit

778 4060 809 4109 2
846 4056 944 4106 hoc
980 4070 1163 4106 nomen
1199 4057 1391 4106 nomini
1422 4064 1564 4123 parte
1590 4057 1632 4107 C
1665 4056 1761 4106 hoc
1799 4059 1848 4121 (?
1873 4072 2007 4107 corr.
2034 4056 2161 4106 haec
2191 4058 2246 4120 a)
2286 4071 2466 4107 nomen
2495 4057 2686 4105 nomini
2716 4097 2727 4109 .
2755 4098 2765 4108 ,
2802 4063 2908 4105 arte
2938 4055 3110 4121 (parte
3132 4051 3223 4116 11⁴¹)

641 4130 691 4179 Α
829 4129 863 4177 4
899 4125 1200 4193 similitudo]
1252 4128 1405 4176 simili
1443 4128 1594 4177 modo
1632 4128 1683 4178 B
1828 4127 1890 4178 13
1942 4143 1974 4193 p
2022 4136 2071 4175 ct
2116 4137 2134 4175 t
2171 4142 2294 4193 ergo
2336 4127 2467 4176 duae
2506 4135 2623 4176 sunt
2666 4136 3006 4175 consonantes
3050 4125 3102 4173 in
3142 4124 3223 4172 illo

643 4199 846 4250 nomine
884 4199 1006 4247 etin
1030 4197 1116 4246 illo
1141 4197 1341 4247 nomine
1374 4197 1503 4247 duae
1531 4205 1648 4247 sunt
1679 4211 2018 4248 consonantes
2057 4197 2199 4249 Bca
2233 4214 2264 4263 p
2303 4207 2352 4246 et
2389 4207 2408 4245 t
2442 4207 2680 4262 rumpunt
2719 4196 2922 4260 regulas
2959 4195 3075 4244 illae
3102 4210 3224 4261 ergo

643 4272 773 4320 duae
813 4275 931 4318 sunt
966 4274 1306 4317 consonantes
1335 4268 1384 4315 Α
1526 4268 1591 4317 19
1619 4269 1670 4316 in
1705 4284 1799 4321 om.
1840 4269 1906 4330 A,
1947 4268 2070 4319 add.
2111 4283 2145 4316 a
2283 4267 2351 4317 20
2394 4268 2484 4317 sed
2520 4281 2621 4315 una
2659 4282 2712 4316 re
2749 4266 2803 4315 C.
2841 4274 3058 4316 ceterum
3088 4267 3225 4314 iniis

642 4356 772 4406 quae
806 4346 1084 4404 sequuntur
1110 4337 1239 4387 ordo
1275 4337 1533 4388 verborum
1565 4340 1616 4387 in
1653 4338 1905 4388 codicibus
1933 4337 2262 4402 percurbatus
2288 4354 2400 4389 esse
2431 4337 2643 4390 videtur.
2687 4351 2812 4386 nam·
2835 4351 2964 4400 quae
2998 4336 3140 4398 infra
3165 4336 3226 4384 de

642 4412 976 4461 declinatione
1013 4416 1063 4459 et
1102 4408 1166 4456 de
1196 4422 1385 4472 ‚qenere
1423 4410 1677 4475 utriusque
1713 4412 1919 4458 nonn‘nis
1956 4412 2148 4472 scripta
2183 4416 2324 4470 sunt,
2365 4409 2460 4458 Izuc
2494 4408 2782 4458 revocanda
2819 4415 2994 4465 erant,
3038 4421 3140 4455 una
3173 4420 3225 4454 re

645 4489 838 4530 tanturn
877 4476 1003 4528 fiunt
1043 4477 1421 4539 dissentientes,
1460 4493 1674 4544 genere:
1725 4477 1807 4528 hic
1844 4480 1994 4543 lupus
2032 4480 2248 4528 dicimus
2279 4507 2343 4514 -
2376 4492 2476 4526 non
2514 4476 2638 4528 facit
2674 4478 2804 4543 lepa.
2869 4485 2919 4525 et
2953 4476 3101 4540 lepus
3140 4474 3224 4523 de·

644 4550 890 4599 clinamus
941 4548 1022 4597 hic
1073 4547 1220 4611 lepus
1266 4546 1418 4596 huius
1467 4550 1656 4612 leporis
1692 4548 1816 4598 huic
1864 4548 2050 4614 lepori,
2100 4550 2248 4615 lupus
2297 4548 2379 4597 hic
2416 4547 2566 4613 lupus
2606 4546 2755 4596 huius
2793 4546 2899 4610 lupi
2938 4544 3057 4594 huic
3084 4546 3221 4609 lupe.

647 4628 867 4671 ceterum
905 4619 1058 4684 lupus
1096 4618 1188 4668 etc&
1331 4617 1584 4681 qualitatis
1630 4616 1967 4684 appellativae
2007 4627 2056 4669 et
2092 4619 2221 4669 illud
2258 4619 2521 4683 similiter,
2562 4615 2680 4667 item
2717 4615 2982 4679 corporale
3020 4625 3070 4665 et
3104 4614 3225 4664 illud

647 4690 877 4739 similiter
907 4689 1117 4741 coniecit
1144 4687 1513 4738 Lindemannus
1685 4687 1755 4739 23
1794 4689 1969 4738 eadem
2006 4698 2342 4739 consonantes
2379 4688 2429 4737 A
2607 4688 2710 4737 illic
2751 4699 3036 4735 consonans
3078 4702 3111 4735 a
3159 4683 3225 4736 illi

649 4774 934 4811 consonans
974 4758 1138 4809 ABG
1273 4758 1341 4807 24
1385 4758 1557 4807 breuis
1606 4766 1656 4806 et
1696 4761 1858 4821 (corr.
1897 4770 1974 4810 est
2010 4763 2067 4825 a)
2110 4756 2196 4809 ill'a
2247 4769 2296 4808 et
2332 4758 2419 4809 illa
2462 4758 2633 4808 breuis
2669 4765 2744 4809 est
2776 4754 2941 4806 ABG
3079 4754 3145 4805 26
3181 4763 3225 4802 et

649 4846 743 4884 om.
780 4830 887 4879 Ac
1020 4829 1084 4882 31
1123 4829 1546 4879 declinationibus
1582 4827 1631 4876 A
