3541 5564
399 937 515 999 433,
539 938 607 988 35

636 332 756 397 186
1254 296 1257 300 “
1761 322 2069 395 'pompm

683 457 725 498 p.
752 445 931 485 203-05
960 442 1001 484 L.

632 532 926 587 mutamus
971 526 1148 585 etiam
1193 542 1397 592 casus,
1445 529 1505 583 et
1545 521 1953 593 illudnomen
2000 523 2239 583 omnino
2285 540 2401 582 non
2449 514 2739 593 mutatur,
2789 529 3020 581 constat
3063 538 3206 599 quo-

631 629 785 688 niam
846 645 964 688 non
1022 626 1371 688 declinatur.
1462 623 1623 685 mille
1681 631 1876 686 autem
1930 644 2233 686 servorum
2301 622 2530 685 habetis
2598 626 2659 684 in
2714 625 2844 703 ipso
2901 624 3204 692 Cicerone,

631 728 891 791 ‘facile
938 728 1140 790 mille
1183 727 1549 789 hominum
1598 727 2142 789 versabantur'.
2218 727 2379 787 vides
2425 727 2700 806 quoniam
2747 727 3055 805 genetivus
3100 734 3203 787 est.

634 832 792 894 unde
837 834 1032 912 potius
1076 829 1223 891 illud
1271 848 1487 891 nomen
1534 838 1779 910 apparet
1823 832 2100 910 quoniam
2145 828 2561 890 indeclinabile
2608 837 2717 889 est.

799 935 1111 995 Praeterea
1171 933 1473 994 sciendum
1530 941 1620 993 est
1674 952 1805 993 esse
1860 932 2053 1012 aliqua
2118 934 2355 993 nomina
2425 950 2576 1012 quae
2642 950 2759 992 non
2829 951 2939 1011 per
3004 949 3255 991 omnes⁵

630 1056 800 1098 casus
845 1036 1245 1104 declinantur;
1291 1035 1394 1095 sed
1439 1035 1795 1115 aliquotiens
1836 1037 2132 1097 invenitur
2164 1053 2378 1097 nomen
2424 1053 2556 1095 cum
2601 1054 2721 1094 uno
2766 1053 2934 1103 casu,
2984 1034 3208 1110 aliquo-

628 1140 780 1200 tiens
825 1158 959 1200 cum
1006 1137 1268 1209 duobus,
1316 1136 1666 1219 aliquotiens
1710 1157 1843 1199 cum
1890 1136 2105 1207 tribuS‚
2152 1136 2501 1217 aliquotiens
2544 1156 2677 1198 cum
2724 1143 3020 1217 quattuor.
3072 1154 3209 1196 ecce
3278 1170 3283 1173 ·

627 1261 846 1303 nomen
892 1259 1024 1301 eum
1071 1258 1187 1300 uno
1232 1248 1459 1301 tantum
1505 1259 1661 1308 casu,
1710 1249 1775 1302 ut
1818 1248 2056 1319 sponte;
2104 1241 2391 1320 septimus
2437 1247 2553 1309 est,
2604 1258 2714 1300 nec
2758 1239 2938 1300 alium
2983 1239 3208 1299 inveni·

593 1363 790 1406 -musz
859 1351 1029 1413 natu,
1089 1344 1275 1403 maior
1332 1351 1498 1404 natu:
1558 1342 1725 1413 tabo,
1789 1346 1893 1404 ‘et
1948 1352 2223 1403 terram
2279 1341 2452 1403 tabo
2496 1340 2929 1411 maculant’;
2982 1348 3207 1402 tantum

628 1448 912 1528 septimus
970 1453 1073 1506 est.
1162 1463 1302 1505 ecce
1359 1443 1542 1507 habes
1597 1448 1836 1507 nomina
1877 1452 2153 1507 contenta
2196 1444 2441 1523 singulis
2487 1443 2737 1504 casibus,
2828 1446 3210 1505 inveniuntur
3235 1460 3278 1499 ιο

628 1549 741 1610 alia
788 1550 1026 1609 nomina
1072 1554 1298 1608 tantum
1346 1547 1522 1608 modo
1570 1555 1845 1609 contenta
1893 1547 2124 1608 duobus
2167 1546 2423 1621 casibuS‚
2473 1544 2833 1607 nominativo
2880 1550 2986 1621 etl
3037 1565 3207 1606 voca·

629 1654 774 1720 tivo,
822 1660 886 1710 ut
930 1650 1026 1711 hic
1070 1649 1332 1729 Iuppiter
1389 1670 1423 1710 o
1481 1651 1766 1730 luppiter.
1855 1658 2119 1711 ceterum
2166 1652 2266 1731 qui
2308 1653 2385 1711 ita
2431 1649 2759 1719 declinant,
2808 1648 2905 1709 hic
2948 1648 3212 1728 Iuppiter

628 1753 803 1815 huius
847 1753 1024 1821 lovis,
1072 1751 1314 1812 stultum
1361 1759 1467 1813 est.
1541 1763 1598 1813 et
1640 1751 1738 1813 illa
1788 1755 1943 1813 enim
1992 1755 2069 1813 ita
2116 1752 2362 1813 habebis
2406 1751 2735 1822 declinare,
2783 1752 2880 1812 hic
2924 1750 3211 1812 Hercules

629 1857 802 1916 huius
856 1854 1429 1936 Amphitrioniadae,
1477 1862 1536 1915 et
1589 1854 1734 1917 haec
1791 1856 2048 1916 Minerva
2107 1855 2280 1916 huius
2336 1854 2609 1916 Palladis
2664 1874 2781 1934 quo
2829 1854 3004 1915 modo
3050 1855 3207 1915 enim

625 1958 770 2020 illud
829 1977 1140 2037 possumus
1197 1958 1531 2020 declinare?
1601 1957 1918 2036 numquid,
1978 1959 2027 2020 si
2082 1958 2181 2020 ille
2237 1960 2498 2038 luppiter
2544 1956 2757 2018 habeat
2801 1958 3063 2036 quinque
3109 1964 3210 2017 aut
3235 1970 3281 2010 1⁵

626 2070 902 2138 quattuor
960 2062 1226 2130 nomina,
1286 2061 1509 2121 idcirco
1567 2060 1755 2122 debeo
1811 2080 1920 2141 per
1974 2060 2239 2138 singulos
2296 2079 2470 2121 casus
2515 2067 2744 2120 mutare
2788 2058 2884 2119 illa
2932 2056 3209 2119 nomina?

627 2163 739 2224 hoc
783 2161 1027 2223 stultum
1074 2170 1191 2230 est3
1251 2163 1356 2223 sed
1401 2163 1680 2232 dicimuS,
1728 2162 1995 2242 luppiter
2041 2162 2217 2223 babet
2261 2162 2408 2225 duos
2453 2181 2649 2232 casuS,
2697 2161 2794 2222 hic
2840 2161 3108 2240 Iuppiter
3153 2167 3213 2220 et

626 2284 660 2324 o
705 2266 985 2345 luppiter.
1074 2263 1427 2341 aliquotiens
1479 2267 1862 2326 inveniuntur
1917 2268 2185 2337 nomina,
2243 2266 2344 2325 ubi
2401 2275 2523 2326 tres
2566 2273 2793 2326 tantum
2834 2270 2973 2323 sunt
3019 2280 3209 2332 casus,

627 2376 692 2429 ut
735 2375 872 2446 puta
921 2366 1031 2426 boc
1075 2368 1242 2427 nefas
1287 2368 1399 2427 boc
1445 2368 1609 2428 nefas
1641 2387 1675 2427 o
1708 2368 1901 2436 nefas:
1947 2367 2295 2445 aliquotiens
2340 2367 2440 2428 ubi
2472 2374 2747 2446 quattuor
2780 2373 3004 2427 tantum
3039 2384 3212 2426 casus

626 2479 793 2538 sunt,
844 2477 908 2528 ut
953 2476 1042 2529 est
1085 2468 1263 2538 lovis,
1314 2469 1487 2530 huius
1530 2471 1678 2532 lovis
1722 2471 1860 2530 huic
1905 2471 2025 2531 Iovi
2069 2470 2226 2531 hunc
2269 2470 2467 2531 lovem
2514 2468 2589 2529 ab
2633 2469 2747 2530 hoc
2791 2468 2944 2528 love.
3038 2470 3283 2547 quin-20

625 2590 739 2651 que
795 2588 971 2631 casus
1027 2587 1345 2649 numquam
1405 2591 1718 2650 possumus
1776 2573 2060 2632 invenire.
2152 2590 2289 2633 ecce
2347 2572 2625 2632 deficiunt
2682 2573 2942 2649 quinque
3010 2570 3209 2640 simul,

624 2673 905 2734 deliciunt
959 2680 1270 2752 quattuor,
1329 2673 1607 2734 deliciunt
1665 2681 1814 2742 tres,
1876 2661 2154 2735 deficiunt
2206 2674 2351 2743 duo;
2421 2692 2579 2734 unus
2636 2692 2956 2754 numquam
3014 2680 3212 2753 potest

623 2776 897 2838 deficere.
987 2794 1099 2854 qua
1158 2777 1387 2836 ratione
1444 2795 1562 2837 non
1610 2784 1802 2856 potest
1846 2776 2099 2839 deficere
2145 2777 2332 2837 unus?
2389 2775 2521 2856 quia
2568 2777 2962 2837 nominativus
3009 2784 3069 2837 et
3115 2796 3210 2835 vo-

625 2881 848 2940 cativus
892 2896 1081 2957 paene
1124 2877 1282 2938 idem
1327 2887 1490 2948 sunt,
1549 2888 1612 2939 ut
1667 2887 1803 2958 puta
1851 2879 2009 2940 haec-
2042 2882 2206 2941 Musa
2251 2899 2286 2939 o
2331 2880 2525 2948 Musa,
2584 2877 2680 2938 hic
2724 2889 2892 2958 pater
2939 2898 2975 2938 o
3019 2886 3207 2958 pater,

624 2981 721 3041 hic
785 2982 999 3042 fluctus
1057 3000 1091 3040 o
1148 2980 1384 3051 fluctus,
1444 2981 1541 3041 hic
1597 2981 1722 3041 dies
1779 3001 1813 3041 o
1871 2981 2015 3042 dies,
2102 2984 2150 3041 si
2207 3000 2348 3059 ergo
2402 2983 2484 3041 ita
2538 2982 2839 3061 profertur
2896 2983 3281 3050 vocativus&

625 3102 799 3163 quem
857 3082 930 3143 ad
988 3082 1228 3144 modum
1297 3084 1718 3152 nominativus,
1790 3085 2062 3164 quotiens
2129 3082 2413 3145 defecerit
2474 3086 2893 3151 nominativus,
2964 3100 3209 3143 necesse

625 3185 805 3246 habet
848 3185 1103 3246 deficere
1149 3191 1208 3245 et
1252 3187 1560 3246 vocativus,
1632 3187 1766 3247 ideo
1813 3205 1932 3247 non
1976 3205 2287 3265 possumus
2331 3188 2598 3264 invenire
2643 3186 2742 3246 ubi
2788 3188 3049 3264 quinque
3094 3186 3212 3245 sint

625 3307 809 3348 casus,
900 3305 1253 3367 quamquam
1309 3294 1475 3366 potes
1531 3289 1754 3365 tingere
1811 3287 2136 3360 secundum
2195 3307 2393 3349 usum:
2463 3296 2601 3367 puta
2650 3286 2882 3348 sublato
2929 3287 3209 3368 vocatijvo

622 3391 919 3450 invenitur
975 3390 1393 3459 nominativuS,
1451 3396 1515 3450 ut
1568 3391 1685 3451 sint
1730 3391 1992 3471 quinque
2037 3410 2223 3452 casus.
2300 3391 2396 3451 hic
2440 3388 2718 3470 populuS,
2766 3409 2886 3450 non
2934 3390 3066 3451 dico
3116 3410 3208 3451 ar-

624 3492 861 3560 borem,
919 3489 1021 3551 sed
1079 3489 1547 3560 multitudinem,
1612 3491 1707 3551 bic
1772 3492 2039 3572 populus
2083 3493 2260 3554 huius
2315 3494 2535 3573 populi,
2578 3492 2718 3553 huic
2771 3491 2992 3572 populo
3048 3492 3279 3554 huncao

625 3577 928 3673 populum*
966 3601 1023 3652 et
1078 3592 1151 3653 ab
1206 3593 1321 3654 hoc
1375 3593 1612 3672 populo.
1706 3597 2028 3656 vocativum
2076 3615 2190 3675 quo
2235 3595 2410 3655 modo
2457 3597 2741 3656 facimus?
2814 3594 3086 3655 Lucanus
3131 3598 3205 3655 ita

627 3695 798 3766 dixit,
857 3714 892 3755 o
947 3694 1230 3774 populuS,
1291 3695 1658 3774 ‘degener
1704 3716 1738 3756 o
1794 3697 2166 3777 populus’.
2260 3697 2656 3769 Quintilianus
2700 3699 2759 3757 in
2806 3700 3206 3758 controversia

625 3817 727 3859 sua
773 3817 808 3857 o
853 3796 1074 3877 popule
1121 3796 1292 3866 dixit,
1352 3797 1510 3877 quod
1557 3816 1675 3859 non
1721 3806 1917 3879 potest
1961 3799 2094 3860 dici.
2185 3799 2325 3878 quid
2373 3807 2490 3859 tam
2550 3801 2706 3860 enim
2751 3799 3017 3869 aridum,
3067 3800 3206 3878 quid

627 3907 744 3960 tam
791 3898 1142 3969 absurdum,
1202 3918 1377 3979 quam
1436 3900 1549 3960 hoc
1607 3900 1843 3962 dicere?
1912 3902 2041 3961 vide
2087 3908 2315 3976 autem,
2364 3901 2506 3981 quid
2552 3902 2695 3962 dicit
2739 3904 2867 3981 ipse
2914 3903 3203 3964 Donatus:

621 4004 707 4062 >ait
751 4000 891 4061 ‘sed
945 4001 1119 4071 haec,
1180 4020 1332 4082 quae
1389 4002 1522 4063 dieo
1579 4003 1861 4074 deficere,
1922 4002 2250 4065 secundum
2308 4022 2478 4064 usum
2536 4003 2696 4073 dicu,
2758 4012 3027 4064 ceterum
3085 4006 3278 4065 scions

764 4260 795 4307 2
828 4256 1093 4322 Cicerone]
1123 4274 1221 4324 pro
1259 4259 1376 4313 Miz.
1410 4259 1494 4318 20,
1528 4259 1595 4312 53
1693 4255 1734 4310 ⁷3
1772 4259 2101 4309 sen-nubantur
2127 4261 2168 4310 0
2265 4260 2560 4326 genetinum
2600 4259 2734 4308 unde
2768 4259 2816 4308 A
2958 4261 2992 4311 8
3028 4269 3204 4324 sponte

626 4345 716 4379 nee
763 4328 902 4379 aliud
946 4330 1233 4379 inuenimus
1271 4331 1519 4396 septimus
1565 4338 1642 4380 est
1675 4339 1793 4381 natu
1830 4330 1998 4380 ABG
2135 4329 2168 4381 9
2200 4339 2248 4380 et
2282 4328 2486 4395 terram]
2535 4331 2689 4393 Ver-9.
2729 4330 2859 4380 Aen.
2900 4330 2965 4379 ΠΙ
3003 4331 3071 4380 29

626 4399 881 4449 maculant
916 4399 1064 4449 BCa
1108 4400 1327 4450 maculat
1365 4401 1413 4450 A
1551 4410 1741 4451 tantum
1782 4416 1872 4450 om.
1910 4400 1987 4462 A,
2026 4400 2145 4450 add.
2184 4418 2218 4449 a
2360 4402 2425 4452 12
2471 4401 2657 4465 iupiter
2699 4408 2988 4451 constanter
3024 4401 3075 4450 B

628 4470 691 4520 13
735 4470 987 4520 declinare
1029 4478 1078 4518 et
1117 4468 1241 4519 hac-c
1280 4472 1507 4520 minerua
1544 4471 1697 4522 huius
1735 4469 1953 4536 palladis
1992 4468 2072 4519 bic
2109 4469 2329 4520 herculis
2381 4470 2532 4521 huius
2571 4468 2927 4534 amphitrionis
2973 4469 3201 4536 (amphy-

626 4541 803 4590 trionis
833 4539 912 4605 A)
947 4541 1201 4602 quomodo
1240 4541 1399 4591 ABG
1541 4542 1603 4593 16
1651 4542 1838 4592 idcirco
1874 4539 2021 4589 debet
2059 4540 2100 4590 C
2237 4541 2298 4591 17
2341 4541 2489 4591 habet
2526 4539 2671 4605 Am
2706 4540 2891 4590 habere
2923 4540 3071 4590 BGa

624 4613 691 4661 25
727 4610 854 4660 haee
890 4610 1002 4659 dies
1039 4609 1088 4657 Α
1230 4612 1295 4660 27
1333 4621 1380 4662 et
1418 4626 1509 4662 om.
1552 4613 1667 4663 AB
1809 4610 1892 4659 ubi
1944 4611 2168 4674 quinque
2215 4612 2317 4660 sint
2355 4609 2501 4673 (suut
2537 4609 2613 4673 A)
2666 4626 2813 4661 casus
2847 4621 2973 4675 puta
3008 4609 3200 4660 sublato

627 4681 941 4730 nominatiuo
981 4680 1237 4729 inuenitur
1272 4682 1533 4732 uocatiuus
1572 4694 1626 4731 ut
1669 4681 1770 4729 sint
1807 4680 2029 4742 quinque
2071 4696 2219 4729 casus
2259 4695 2561 4743 quamquam
2598 4689 2763 4745 potest
2799 4681 2991 4746 fingere
3024 4695 3201 4730 secun·

627 4751 745 4799 dum
783 4764 931 4800 usum
964 4749 1048 4799 hic
1084 4750 1304 4816 populus
1345 4751 1508 4803 ABG
1645 4751 1707 4802 31
1747 4747 2002 4816 Lucanus]
2043 4750 2279 4801 Phar-sal.
2319 4751 2356 4798 ll
2396 4750 2492 4801 116
2604 4752 2668 4800 252
2698 4750 2952 4817 degenere
2989 4752 3200 4816 populus

627 4821 728 4873 Ac
864 4820 1211 4885 quintillianus
1248 4822 1357 4873 Ac
1913 4831 1927 4852 “
