3541 5564
623 342 752 406 240
1769 344 2073 407 POMPEI]

674 465 716 505 p.
742 453 920 492 324—26
947 451 993 491 1..

625 530 799 591 modo
845 533 1056 592 transit
1113 534 1172 592 in
1230 532 1605 592 consonantis
1664 538 2047 610 potestatem,
2111 540 2170 593 et
2224 531 2401 592 modo
2447 550 2484 590 u
2530 549 2650 591 non
2708 550 2817 611 pro
2864 530 3048 591 vocali
3094 540 3199 601 est,

621 634 721 694 sed
768 653 876 715 pro
923 635 1307 695 consonantis
1352 641 1660 714 potestate.

791 737 1104 808 Quaeritur
1160 737 1315 815 apud
1373 736 1775 815 artigraphoS,
1844 743 1987 816 quot
2048 736 2238 796 modis
2303 735 2480 797 verba
2545 735 2838 797 deficiant.
2943 735 3201 797 Donatus

623 840 808 899 tenuit
853 839 1256 919 conpendium
1314 841 1598 919 optimum
1648 848 1705 898 et
1749 840 1857 908 ait,
1917 845 2004 898 tot
2047 838 2239 898 mod1s
2287 838 2461 899 verba
2517 837 2823 908 deficiunt,
2885 847 3030 917 quot
3070 846 3204 898 sunt

620 961 773 1020 quae
817 941 1093 1002 accidunt
1138 939 1349 1002 verbis,
1441 948 1582 1019 quot
1624 947 1759 1000 sunt
1805 956 1954 1017 quae
2000 940 2309 1002 accidunt?
2379 949 2638 1021 septem,
2687 939 2937 1020 qualitas
3002 941 3199 1000 coniu·
3226 957 3249 994 τι

620 1046 778 1121 gatio
844 1062 1028 1122 genus
1095 1062 1377 1104 numerus
1431 1045 1614 1120 ligura
1668 1049 1903 1121 tempus
1957 1061 2226 1122 persona.
2321 1062 2499 1122 quem
2553 1043 2626 1103 ad
2682 1043 2923 1104 modum
2978 1049 3201 1122 septem

622 1155 758 1207 suut
802 1165 950 1226 quae
994 1146 1299 1215 accidunt,
1359 1163 1604 1205 necesse
1661 1150 1750 1205 est
1795 1152 1859 1205 ut
1901 1151 1988 1205 tot
2040 1144 2232 1206 modis
2288 1144 2465 1207 verba
2525 1143 2816 1207 deficiant.
2907 1152 3044 1224 puta
3101 1164 3202 1224 per

620 1247 928 1326 qualitates
982 1250 1209 1309 invenis
1264 1246 1512 1309 verbum
1568 1247 1951 1316 defectivum,
2023 1254 2087 1307 ut
2141 1248 2219 1307 sit
2272 1247 2802 1327 frequentativum,
2854 1256 2912 1308 et
2968 1265 3088 1307 non
3131 1247 3203 1305 sit

620 1348 849 1409 modus,
941 1349 1190 1429 qualitas
1234 1352 1390 1409 euim
1437 1356 1537 1409 aut
1581 1350 1641 1410 in
1687 1348 1880 1409 modis
1924 1355 2027 1409 aut
2068 1350 2127 1407 in
2174 1348 2381 1409 formis
2427 1359 2517 1410 est
2562 1351 2898 1411 constituta.
2978 1348 3201 1411 lacesso

619 1453 876 1511 facesso:
947 1469 1063 1512 non
1119 1458 1314 1531 potest
1367 1452 1616 1512 inveniri
1661 1452 1920 1530 primum
1964 1452 2179 1530 ipsius,
2238 1451 2297 1511 id
2344 1459 2433 1513 est
2475 1451 2821 1532 principale.
2912 1470 2987 1512 ne
3043 1451 3274 1511 dicas1o

620 1552 765 1612 mihi
809 1552 885 1614 ab
930 1572 999 1614 eo
1045 1553 1202 1634 quod
1250 1560 1338 1614 est
1385 1554 1533 1613 facio
1579 1553 1717 1614 facit
1761 1554 1936 1620 facto,
1986 1553 2124 1615 facit
2168 1555 2388 1624 factito,
2436 1553 2578 1614 sa'cit
2623 1553 2878 1622 facesso:
2932 1572 3052 1614 non
3096 1572 3196 1632 po-

619 1662 749 1716 test.
840 1658 1112 1717 novimus
1177 1664 1374 1716 autem
1451 1656 1730 1733 quoniam
1799 1654 2226 1733 frequentativa
2297 1675 2471 1737 saepe
2526 1675 2635 1736 per
2702 1674 2883 1718 unum
2953 1656 3201 1734 gradum

618 1758 973 1829 ascendunt,
1030 1778 1166 1819 raro
1221 1776 1328 1837 per
1387 1756 1563 1829 duoS,
1623 1775 1730 1837 per
1786 1765 1907 1816 tres
1951 1756 2315 1839 nuquuam.
2405 1777 2546 1837 ergo
2592 1758 2776 1820 habes
2823 1759 3004 1828 facio,
3063 1757 3198 1819 inde

617 1859 791 1928 facto,
837 1860 974 1921 inde
1018 1860 1240 1922 factito.
1304 1861 1355 1920 si
1399 1860 1557 1923 dicas
1604 1861 1849 1928 facesso,
1897 1860 2013 1920 iam
2060 1867 2267 1920 contra
2312 1867 2499 1922 artem
2547 1859 2830 1930 ascendit,
2882 1867 2940 1920 et
2970 1859 3195 1922 nullum

617 1961 857 2022 verbum
901 1964 1199 2023 invenitur
1242 1966 1302 2022 in
1349 1972 1622 2042 quartum
1666 1962 1916 2041 gradum
1962 1963 2312 2024 ascendens.
2375 1982 2517 2043 ergo
2548 1964 2781 2025 lacesso
2825 1963 3052 2024 facesso
3098 1961 3194 2022 de·
3222 1980 3272 2018 ιε,

616 2063 823 2123 fectiva
866 2072 1004 2125 sunt
1046 2084 1155 2145 per
1199 2066 1448 2135 sormaS,
1505 2066 1565 2126 id
1614 2072 1703 2125 est
1746 2072 1884 2126 sunt
1938 2066 2365 2143 frequentativa
2422 2074 2480 2126 et
2534 2085 2652 2127 non
2709 2064 2929 2127 habent
2973 2067 3194 2144 princi-

516 2184 528 2193 ·
613 2165 777 2245 pales
821 2167 1058 2229 formas.
1119 2166 1372 2229 diximus
1416 2166 1756 2247 qualitatem
1800 2169 1861 2227 in
1907 2166 2099 2229 modis
2141 2176 2199 2228 et
2239 2173 2300 2229 in
2342 2168 2557 2242 formis
2601 2170 3001 2229 constitutam.
3060 2186 3197 2229 ecce

614 2268 798 2329 habes
841 2288 951 2348 per
996 2270 1245 2340 sormas;
1291 2268 1517 2330 lacesso
1564 2289 1683 2331 non
1726 2271 1867 2331 facit
1909 2269 2057 2330 laco.
2149 2290 2257 2350 per
2301 2270 2528 2341 modoS,
2576 2278 2641 2332 ut
2683 2271 2938 2332 diximus
2982 2273 3044 2330 in
3081 2270 3193 2331 Te-

613 2373 824 2442 rentio,
871 2372 1037 2441 cedo,
1086 2392 1204 2434 non
1250 2373 1450 2442 caedo,
1500 2379 1564 2433 ut
1606 2373 1783 2433 saciat
1827 2371 2254 2451 diphthongon,
2301 2372 2405 2432 sed
2450 2373 2616 2443 cedo,
2664 2371 2722 2432 id
2771 2380 2861 2433 est
2906 2372 3026 2435 dic:
3084 2371 3193 2431 hoc

615 2475 772 2533 enim
816 2473 1061 2536 verbum
1119 2494 1237 2535 non
1285 2474 1464 2535 habet
1519 2476 1631 2536 nisi
1677 2473 1869 2535 solum
1924 2476 2364 2554 imperativum,
2424 2476 2608 2536 ‘cedo
2664 2476 2804 2556 quid
2863 2473 3270 2544 attulistiP',2o

613 2574 794 2635 ‘cedo
841 2576 979 2652 quid
1019 2560 1266 2647 ‘dicis?',
1315 2576 1499 2637 ‘cedo
1546 2577 1686 2654 quid
1732 2578 1984 2638 facies?'
2033 2585 2091 2638 et
2131 2579 2305 2639 istam
2350 2597 2530 2640 unam
2575 2598 2888 2659 personam
2922 2577 3190 2657 legimuS,

613 2694 723 2737 nec
767 2676 940 2738 aliam
984 2688 1154 2757 potes
1197 2680 1491 2749 invenire,
1552 2678 1699 2741 cedo
1755 2687 1815 2741 et
1870 2687 2053 2750 cette,
2110 2680 2170 2740 id
2217 2689 2306 2741 est
2350 2699 2505 2742 unus
2550 2681 2726 2752 cedo,
2786 2680 2955 2742 multi
3010 2688 3190 2747 cenez

613 2781 845 2841 numeri
892 2788 983 2842 est
1026 2779 1273 2861 pluralis
1319 2780 1493 2861 [cedo
1540 2781 1662 2852 dic,
1711 2791 1865 2843 cette
1911 2781 2136 2864 dicite].
2225 2785 2453 2845 ‘cette
2508 2787 2708 2865 patri
2767 2789 2958 2845 meo’
3012 2782 3192 2845 habes

613 2884 786 2943 etiam
835 2883 986 2963 apud
1035 2882 1323 2952 Plautum,
1371 2883 1431 2944 id
1478 2894 1566 2946 est
1610 2885 1742 2946 date
1786 2888 1939 2965 patri
1986 2905 2138 2947 meo.
2229 2905 2368 2947 ecce
2414 2905 2523 2965 per
2570 2886 2773 2947 modos
2819 2894 2876 2947 et
2919 2905 3028 2966 per
3074 2887 3189 2946 sor·

610 3002 753 3043 maS.
818 2991 879 3044 et
920 3003 1028 3064 per
1073 2988 1522 3065 coniugationes
1567 2987 1742 3048 verba
1801 2988 2109 3059 deficiunt,
2172 2997 2235 3049 ut
2281 2997 2373 3049 est
2414 3007 2545 3049 sum
2592 3008 2655 3049 es
2701 2997 2811 3050 est.
2879 2991 2928 3049 si
2972 2990 3266 3050 faceretza

611 3106 738 3146 sum
787 3106 850 3147 es
895 3097 969 3163 et,
1014 3108 1327 3168 possemus
1371 3090 1570 3150 dicere
1615 3091 1913 3151 secundae
1959 3093 2415 3170 coniugationis;
2493 3110 2626 3153 nam
2684 3091 2941 3153 secunda
2989 3093 3189 3153 eoniu-

609 3191 765 3266 gatio
808 3209 918 3270 per
963 3211 1025 3252 es
1072 3193 1207 3270 exit,
1254 3192 1355 3253 sed
1403 3192 1778 3272 productum,
1824 3202 1888 3254 ut
1934 3192 2114 3255 sedeo
2158 3193 2349 3265 sedes,
2383 3193 2569 3255 doceo
2601 3195 2796 3257 doceS.
2851 3194 2965 3254 hoc
2997 3202 3188 3255 autem

609 3309 725 3351 non
781 3293 1156 3371 producitur,
1215 3313 1344 3355 sum
1392 3296 1482 3365 δε,
1531 3313 1649 3355 non
1711 3293 1718 3373 Ι
1779 3315 2096 3376 possumus
2142 3296 2342 3357 dicere
2386 3316 2515 3358 sum
2571 3305 2655 3358 ὃς.
2737 3295 2893 3358 unde
2949 3304 3190 3377 apparet

609 3395 885 3472 quoniam
933 3398 1405 3474 coniugationem
1453 3396 1671 3459 nullam
1717 3398 1924 3469 habet;
1974 3418 2082 3459 nec
2127 3399 2306 3460 habet
2350 3418 2380 3460 a
2437 3418 2548 3461 nec
2604 3419 2636 3461 e
2679 3398 3035 3479 productum
3082 3418 3189 3460 uec

609 3498 646 3555 i.
737 3515 845 3575 per
890 3514 1136 3575 genera:
1185 3499 1232 3558 si
1278 3497 1439 3559 dicas
1483 3500 1693 3571 audeo,
1739 3499 1938 3562 deficit
1982 3520 2091 3581 per
2134 3521 2342 3580 genus.
2411 3521 2548 3564 nam
2594 3504 2642 3563 si
2689 3502 2878 3563 audeo
2924 3501 3266 3563 neutralem

609 3604 723 3667 cst,
771 3605 958 3660 totum
1004 3600 1273 3660 neutrale
1329 3619 1457 3663 esse
1503 3602 1728 3664 debuit.
1817 3603 1920 3664 sed
1979 3605 2143 3664 venit
2194 3606 2266 3665 ad
2324 3613 2558 3684 tempus
2611 3607 3001 3684 praeteritum
3053 3624 3185 3685 per-

604 3701 825 3768 fectum
872 3711 931 3762 et
974 3709 1189 3772 mutat,
1237 3721 1412 3764 ausus
1458 3723 1590 3764 sum
1644 3724 1823 3767 ausus
1868 3725 2050 3775 eram,
2099 3708 2330 3786 gavisus
2375 3726 2506 3768 sum
2552 3709 2782 3786 gavisus
2828 3726 3011 3769 eram.
3081 3727 3186 3786 per

605 3820 914 3863 numeros:
962 3805 1095 3865 saxo
1142 3805 1404 3875 dicimuS,
1454 3807 1707 3868 faximus
1753 3827 1928 3870 nemo
1975 3808 2131 3869 dicit.
2222 3829 2331 3889 per
2378 3812 2618 3889 figuras:
2680 3811 2963 3891 coupleo,
3015 3829 3185 3872 nemo

603 3905 746 3966 dicit
801 3904 957 3985 pleo.
1056 3927 1165 3987 per
1221 3917 1516 3989 tempora:
1592 3910 1720 3971 fero
1779 3911 2059 3982 dicimuS‚
2127 3912 2282 3973 serui
2341 3931 2516 3974 nemo
2572 3911 2731 3974 dicit.
2832 3930 3184 3992 quamquam

744 4148 770 4197 1
812 4156 861 4196 et
900 4149 1049 4198 modo
1086 4165 1119 4198 u
1144 4149 1296 4200 BCa
1335 4164 1449 4197 ecce
1475 4149 1626 4199 modo
1654 4165 1686 4198 u
1716 4150 1764 4198 A
1905 4152 1939 4200 8
1978 4152 2179 4203 iuuenis
2210 4151 2318 4202 AC
2350 4154 2579 4201 inuenies
2616 4154 2710 4203 Ba
2850 4169 2950 4202 nou
2987 4169 3078 4206 om.
3114 4152 3181 4213 A,

602 4217 724 4267 add.
763 4233 829 4269 a:
865 4228 913 4267 et
951 4232 1048 4268 non
1089 4220 1155 4269 sit
1191 4220 1372 4269 modus
1411 4221 1508 4269 nisi
1541 4222 1700 4282 ipsius
1723 4223 2040 4286 yrammatici
2073 4224 2420 4288 neqleyentz'ae
2455 4223 2763 4273 tribuendum
2798 4233 2894 4284 est,
2931 4224 3185 4288 legendum

602 4296 651 4335 et
697 4301 796 4336 non
841 4289 906 4336 sit
943 4287 1235 4354 principalis
1277 4288 1440 4338 forma
1582 4290 1641 4340 11
1683 4292 1745 4340 ab
1787 4307 1847 4340 eo
1885 4294 2017 4356 qnod
2070 4303 2147 4342 est
2182 4293 2315 4343 facio
2354 4292 2476 4352 (faci
2514 4294 2562 4342 Α
2607 4293 2737 4342 facio
2777 4298 2833 4357 a)
2880 4293 3003 4344 facit
3052 4294 3181 4344 facto

603 4359 779 4418 (facito
818 4359 878 4421 C)
916 4358 1038 4408 facit
1075 4359 1195 4408 laxo
1234 4360 1389 4421 (facto
1425 4362 1471 4408 Α
1513 4376 1648 4413 corr.
1685 4360 1804 4410 saxo
1839 4362 1892 4426 a)
1931 4376 2028 4412 non
2065 4373 2232 4428 potest
2260 4363 2427 4413 ABG
2534 4365 2595 4415 13
2635 4364 2749 4412 iude
2789 4362 2962 4413 factito
3000 4380 3089 4414 om.
3114 4363 3181 4426 A,

603 4426 724 4478 add.
759 4442 792 4476 a
899 4429 963 4478 14
996 4431 1039 4478 si
1077 4429 1218 4478 dicas
1256 4429 1377 4477 faxo
1409 4430 1508 4478 iam
1541 4431 1706 4480 ABG
1810 4433 1875 4484 15
1913 4434 1961 4481 iu
1995 4448 2087 4487 om.
2116 4433 2284 4484 ABG
2384 4434 2445 4483 17
2479 4435 2745 4497 qualitates
2779 4434 2829 4482 in
2862 4436 3030 4484 modis
3064 4450 3181 4486 con-

603 4497 803 4545 stitutas
834 4498 978 4548 ABG
1083 4499 1146 4550 18
1178 4501 1228 4548 in
1265 4499 1520 4566 Terentio]
1564 4502 1630 4562 cf.
1663 4517 1822 4568 supra
1854 4519 1907 4566 p.
1948 4503 2049 4554 305
2079 4506 2159 4558 ed.
2196 4505 2347 4554 Lind.
2456 4506 2518 4556 21
2558 4506 2703 4554 saciet
2735 4503 2883 4553 ABG
2987 4508 3053 4556 22
3091 4521 3182 4553 nee

603 4565 752 4614 aliam
782 4567 895 4616 Cet
932 4572 981 4618 in
1014 4571 1166 4619 litura
1204 4567 1270 4619 a*
1303 4585 1394 4618 nee
1431 4572 1638 4620 alteram
1681 4573 1731 4622 B
1836 4582 1884 4623 ct
1920 4584 2049 4623 cette
2089 4576 2152 4625 C:
2193 4590 2329 4624 corr.
2367 4583 2414 4623 ct
2449 4577 2611 4625 cedite
2646 4590 2675 4623 c
2790 4590 2921 4624 unus
2951 4574 3180 4636 Roma
3250 4623 3258 4630 ,

601 4637 751 4685 unius
779 4636 869 4686 Ac
974 4641 1115 4688 multi
1154 4643 1386 4690 inlitum
1412 4639 1478 4691 a*
1585 4649 1713 4693 cette
1741 4643 1885 4693 Bca
1923 4644 2087 4695 cedite
2125 4646 2210 4695 Ac
2317 4644 2384 4696 23
2418 4655 2493 4695 est
2530 4661 2621 4699 om.
2649 4645 2716 4702 A,
2756 4646 2879 4697 add.
2909 4663 2946 4693 a
3056 4645 3178 4694 cedo

602 4704 684 4754 dic
718 4716 844 4756 cette
875 4707 1025 4757 dicite
1058 4710 1196 4773 (date
1221 4710 1302 4771 A)
1335 4714 1385 4761 in
1410 4728 1567 4777 mar-9.
1597 4712 1718 4762 add.
1757 4713 1869 4762 AB
1951 4717 2017 4764 24
2056 4717 2193 4780 apud
2218 4713 2470 4782 Plautum]
2505 4718 2574 4781 cf.
2611 4715 2810 4765 Cledon.
2846 4730 2905 4778 p.
2942 4715 3076 4766 1916

599 4776 666 4824 25
707 4775 913 4842 faceret]
955 4779 1140 4830 diceret
1177 4779 1342 4832 ABG
1479 4783 1546 4833 26
1587 4798 1855 4847 possemus
1892 4785 1966 4834 Cb
2015 4801 2284 4852 possumus
2320 4785 2431 4834 AB
2571 4783 2634 4838 31
2677 4786 2843 4836 ueniet
2881 4784 3045 4836 ABG

599 4844 667 4896 34
705 4862 1012 4911 quamquam
1053 4851 1426 4903 Lindemannus
1461 4868 1615 4917 quam
1654 4852 1765 4903 AB
1799 4856 1935 4918 quod
1975 4857 2016 4906 C
