3541 5564
1515 257 1881 318 COMMENT
1891 259 1988 319 VM
2952 256 3031 319 87

449 452 713 505 secutus
760 463 927 521 sum,
975 442 1357 526 praesertim
1402 464 1550 506 cum
1596 464 1727 506 non
1772 440 2045 508 multum
2091 443 2247 506 novi
2291 465 2375 506 ex
2403 440 2514 505 illo
2547 442 2908 507 accederet.
2966 443 3032 505 in

446 544 745 609 Parisino
791 543 1014 607 codiee
1048 543 1158 627 (P)
1191 542 1354 607 haec
1396 566 1548 629 pars
1593 567 1721 609 non
1767 545 2057 629 integra,
2092 544 2207 609 sed
2238 544 2382 608 aliis
2429 545 2687 609 omissis
2718 544 2862 609 aliis
2895 568 3030 608 mu—

444 646 601 710 tatis
646 646 886 731 legitur
929 645 978 708 f.
1021 644 1141 709 51*
1187 650 1262 708 dc
1316 650 1681 710 barbarismo
1724 653 1872 726 quid
1911 663 1997 711 cst
2038 652 2442 711 barbarismus
2483 683 2566 692 —
2611 646 2659 711 f.
2705 647 2788 708 62
2843 668 2883 709 a
2926 669 3031 709 rc-

444 753 553 811 bus
589 753 862 826 paribus.
939 770 1023 811 ex
1078 747 1206 813 hoc
1260 769 1501 834 pauca,
1559 771 1725 833 quae
1782 748 2054 814 alicuius
2101 749 2408 813 momenti
2455 770 2596 812 esse
2641 748 3030 813 videbantur

442 850 527 914 ad
572 850 958 936 scripturam
1003 848 1494 932 stabiliendam,
1542 850 1880 937 adscripta
1924 862 2091 916 sunt.
2154 872 2308 935 ergo
2343 850 2423 914 de
2453 849 2554 913 his
2584 850 2772 915 libris
2819 851 3028 915 tribus

437 952 520 1016 iis
580 962 837 1017 tantum
882 949 1038 1016 locis
1097 962 1397 1016 constare
1453 952 1637 1031 volo,
1693 954 1808 1018 ubi
1852 954 2011 1039 quid
2055 953 2124 1016 in
2168 954 2248 1016 iis
2297 953 2612 1038 seriptum
2656 954 2743 1016 sit
2784 951 3027 1016 indica-

438 1064 573 1118 tum
620 1063 740 1119 est.
2889 1061 2892 1064 ’

606 1154 917 1241 Reliquos
964 1157 1260 1243 Pompeii
1299 1156 1579 1238 codieeS‚
1628 1180 1789 1243 quos
1837 1156 2099 1242 quidem
2144 1156 2286 1222 vidi
2331 1168 2448 1221 aut
2490 1155 2636 1221 aliis
2681 1156 3026 1242 inspicien-

436 1258 614 1323 tibus
660 1258 972 1342 cognovi,
1020 1258 1309 1322 breviter
1353 1258 1678 1324 indicabo.
1769 1271 1922 1324 sunt
1965 1269 2183 1323 autem
2227 1259 2315 1322 hi.
2404 1258 2613 1323 codex
2659 1259 3025 1343 Montepes-

435 1360 706 1424 sulanus
754 1377 926 1423 saec.
958 1359 1060 1440 X,
1106 1360 1155 1423 f.
1208 1360 1240 1422 1
1299 1365 1375 1424 de
1427 1368 1646 1425 littera.
1721 1381 1864 1440 erqo
1920 1368 2198 1438 quoniam
2253 1367 2397 1424 bene
2446 1366 2597 1436 fecit
2649 1366 2901 1424 donatus
2942 1397 3027 1405 ——

434 1463 484 1526 f.
516 1462 600 1524 22
644 1466 746 1525 ubi
777 1482 893 1541 pes
931 1469 1080 1538 finit.
1127 1469 1377 1541 explicit
1410 1470 1721 1544 pompeius
1759 1471 2192 1542 yrammaticus
2238 1465 2327 1549 (p.
2362 1461 2620 1546 8—82).
2691 1462 2738 1525 f.
2771 1461 3025 1525 22—34

432 1564 879 1647 fragmentum
936 1563 1093 1627 artis
1136 1564 1480 1649 Eutychii,
1529 1566 1608 1629 dc
1655 1566 2157 1652 orthographia,
2213 1565 2708 1630 commentarius
2752 1565 2822 1627 in
2866 1564 3024 1628 Ver-

432 1665 574 1750 gilii
622 1665 948 1733 bueolica.
1010 1665 1056 1728 f.
1102 1666 1185 1730 35
1229 1673 1442 1746 incipit
1473 1675 1790 1747 pompeius
1831 1675 2132 1747 expositor
2173 1675 2522 1746 requici-um
2568 1673 2776 1730 donati
2809 1686 3026 1744 yrcin-

404 1774 656 1856 ιηιαῐίεἱ.
745 1778 1131 1832 commentum
1186 1776 1336 1831 artis
1398 1774 1623 1832 donati.
1699 1777 2158 1849 uniuscuiusque
2226 1776 2321 1832 rei
2380 1776 2662 1833 scientiae
2715 1806 2799 1815 —-
2853 1767 2896 1834 f.
2943 1768 3025 1831 3ss

431 1891 623 1948 quare
665 1877 795 1949 ipso
839 1874 1051 1933 ordine
1081 1877 1284 1949 posita
1327 1882 1467 1934 sunt
1506 1876 1574 1934 id
1613 1884 1700 1935 est
1740 1884 1800 1936 ct
1838 1880 2127 1937 rationem
2173 1878 2401 1936 ordinis
2444 1872 2535 1959 (p.
2584 1871 2799 1956 3-8)
2847 1870 2894 1933 f.
2942 1871 3024 1932 36

429 1980 640 2053 incipit
683 1983 975 2036 tractatus
1009 1979 1293 2052 pompegi
1326 1980 1658 2050 qramatici
1699 1980 1777 2038 de
1819 1983 2067 2039 nomine.
2121 1987 2331 2055 partes
2372 1981 2661 2037 orationis
2703 2008 2785 2019 —-
2829 1979 3024 2036 statim

431 2088 498 2138 ut
539 2076 763 2139 uiderit
803 2079 1033 2152 oblique
1077 2079 1295 2138 dictum
1342 2075 1437 2160 (p.
1484 2074 1853 2161 82-476).
1929 2077 2136 2141 codex
2184 2075 2630 2161 Sangallensis
2677 2075 2803 2138 876
2851 2097 3018 2138 saec.

432 2177 522 2259 X,
554 2201 618 2263 p.
651 2175 776 2241 398
822 2181 1032 2254 incipit
1067 2187 1357 2240 tractatus
1399 2184 1646 2256 pompei
1685 2185 1745 2242 in
1792 2200 1905 2257 quo
1950 2185 2158 2243 donati
2198 2189 2384 2242 artem
2430 2183 2678 2253 mirifice
2719 2197 3024 2240 commen-

429 2293 589 2344 tatus
645 2294 746 2343 est.
826 2283 1082 2342 donatus
1135 2286 1378 2358 scripsit
1428 2291 1617 2342 artem
1678 2285 1975 2360 duplicem
2033 2287 2100 2344 id
2139 2293 2226 2344 est
2293 2284 2455 2346 VIII
2479 2290 2693 2357 partes
2736 2285 3022 2342 orationis

416 2375 625 2461 primo
669 2388 911 2460 scripsit
961 2419 1043 2427 -—
1098 2385 1261 2458 quod
1301 2387 1451 2443 artis
1502 2391 1844 2463 praeceptis
1886 2390 2071 2447 multa
2116 2396 2328 2446 teneat.
2405 2387 2553 2460 quid
2593 2388 2669 2445 sit
2704 2402 3023 2459 {si-amma-

427 2491 584 2548 ticae
626 2490 773 2547 certis
804 2488 1198 2564 principium.
1272 2489 1447 2546 multi
1486 2488 1695 2548 dicunt
1735 2490 1811 2548 ab
1853 2499 1984 2548 arte
2025 2522 2108 2530 ——
2152 2508 2216 2571 p.
2262 2485 2389 2549 510
2442 2505 2481 2546 α
2525 2490 2702 2548 rebus
2746 2488 3019 2562 paribus.

426 2593 648 2665 explic.
682 2592 997 2665 pompeqii
1037 2590 1112 2648 dc
1155 2591 1340 2663 tropis
1386 2585 1477 2671 (p.
1524 2586 1787 2651 3—82.
1833 2587 2196 2651 417—480
2240 2587 2340 2651 cd.
2386 2585 2636 2672 Lind.).
2705 2588 3022 2648 Tractatus

424 2695 727 2768 pompeqii
767 2692 841 2751 de
885 2691 1211 2749 maioribus
1247 2692 1525 2765 partibus
1568 2708 1657 2751 or.
1707 2701 1922 2768 partes
1965 2696 2251 2752 orationis
2295 2726 2377 2735 ——
2421 2711 2482 2773 p.
2516 2687 2642 2751 526
2687 2694 3019 2750 terminan—

428 2805 527 2855 tur
571 2796 742 2870 apud
776 2809 989 2869 qrecos
1033 2800 1152 2852 tota
1189 2811 1379 2866 qreca
1420 2802 1557 2852 sunt
1604 2795 1905 2868 feminina
1946 2799 2101 2856 enim
2143 2805 2281 2857 sunt
2332 2802 2390 2855 et
2446 2802 2656 2854 nostra
2704 2789 2793 2876 (p.
2843 2790 3020 2853 82—

433 2893 610 2978 110).
672 2892 886 2957 codex
930 2891 1263 2955 Parisinus
1312 2891 1473 2955 7491
1522 2915 1694 2957 saec.
1741 2893 1840 2975 X,
1888 2892 2042 2959 olim
2088 2892 2345 2957 Claudii
2391 2892 2689 2973 Puteani,
2737 2891 2784 2954 f.
2838 2894 2869 2953 1
2918 2899 3019 2955 in-
3061 2922 3087 2942 s

426 3001 576 3074 cipit
623 3002 926 3073 proloyus.
1000 2999 1256 3058 donatus
1296 3001 1537 3073 scripsit
1578 3009 1767 3059 artem
1813 3001 2108 3075 duplicem
2150 3033 2234 3042 —
2277 3016 2381 3057 ars
2424 3006 2510 3057 est
2563 3000 3021 3071 uniuscuiusque
3099 2989 3108 2996 “

429 3103 525 3160 rei
564 3103 832 3160 scientia.
896 3102 1104 3175 incipit
1145 3107 1439 3161 tractatus
1477 3105 1742 3177 pompeii
1776 3104 2162 3176 yrammatici
2202 3118 2316 3175 quo
2361 3102 2570 3175 donati
2610 3108 2800 3159 artem
2844 3102 3018 3158 miri—

422 3207 538 3275 fice
581 3208 1002 3264 commentatus
1043 3212 1130 3263 est
1171 3208 1236 3263 et
1282 3200 1561 3263 duarum
1605 3200 1995 3286 paginarum
2041 3199 2256 3286 spatio
2313 3198 2540 3262 relicto
2586 3198 2634 3261 f.
2680 3198 2769 3260 2*
2813 3203 3021 3277 incipit

427 3323 536 3365 ars
572 3309 815 3380 pompei
847 3308 1237 3379 qrammatici
1289 3305 1365 3364 de
1401 3308 1804 3379 grammatica
1848 3314 1993 3365 arte.
2056 3306 2319 3365 diximus
2360 3321 2504 3378 erqo
2548 3308 2828 3377 quoniam
2875 3306 3018 3363 benc

421 3409 577 3482 fecit
619 3410 873 3468 donatus
905 3413 1029 3467 etc.
1064 3405 1155 3489 (p.
1191 3402 1230 3466 8
1262 3425 1401 3490 sqq.
1435 3404 1535 3468 ed.
1567 3404 1809 3493 Lind.).
1841 3404 1887 3469 f.
1924 3404 2001 3467 18
2048 3410 2258 3483 incipit
2296 3408 2477 3466 editio
2523 3408 2598 3465 de
2642 3416 2773 3465 arte
2799 3424 3015 3485 yram-

426 3514 647 3569 matica
681 3513 949 3586 pompei.
1011 3510 1087 3569 de
1118 3511 1401 3586 partibus
1446 3513 1752 3571 orationis.
1810 3521 2017 3585 partes
2045 3512 2333 3569 orationis
2375 3516 2512 3569 sunt
2555 3508 2720 3567 VIII
2747 3542 2815 3551 —-
2852 3505 2901 3569 f.
2934 3506 3014 3569 82

425 3614 494 3672 id
544 3620 630 3671 est
677 3616 733 3671 si
780 3615 881 3672 ille
934 3613 1171 3671 cithara
1220 3611 1421 3684 fretus
1471 3629 1578 3685 eqo
1627 3615 1857 3697 pictate·
1901 3610 1990 3695 (p.
2037 3608 2144 3701 82,
2165 3631 2305 3695 sqq.
2352 3606 2453 3670 ed.
2499 3605 2748 3691 Lind.).
2803 3608 3014 3671 co‘dex

373 3748 385 3759 ·
425 3709 845 3774 Florentinus
905 3732 989 3774 ex
1033 3709 1098 3774 S.
1145 3710 1352 3774 Marci
1394 3708 1797 3775 bibliotheca
1850 3711 1919 3773 in
1959 3711 2470 3774 Laurentianam
2526 3708 2884 3785 translatus
2930 3712 3011 3773 38

427 3835 596 3877 saec.
642 3812 765 3894 XI,
815 3819 877 3876 in
922 3818 1154 3875 nomine
1197 3818 1298 3876 dei
1335 3821 1550 3890 summi
1588 3819 1800 3893 incipit
1836 3820 2011 3877 etiam
2058 3824 2281 3876 tretare
2326 3817 2400 3874 de
2436 3815 2712 3890 partibus
2755 3820 3013 3875 maiori-

425 3921 547 3979 bus.
624 3921 1081 3993 uniuscuiusque
1126 3922 1221 3978 rei
1273 3923 1544 3994 queritur
1593 3954 1662 3961 —
1712 3922 1819 3994 qui
1865 3926 2054 3995 potest
2119 3902 2352 3978 tardioi'·
2404 3935 2531 3977 esse
2587 3920 2874 3977 testudine
2920 3916 3007 4000 (p.

425 4018 759 4105 3—476).
835 4017 1030 4081 huius
1088 4018 1393 4082 notitiam
1450 4018 1656 4083 debeo
1702 4016 2125 4099 Detlefseno‚
2185 4019 2295 4103 qui
2343 4038 2490 4079 eum
2534 4016 2707 4081 inter
2751 4016 3009 4081 codices

425 4143 510 4184 cx
539 4119 880 4184 Marciana
922 4118 1323 4184 bibliotheca
1366 4120 1433 4182 in
1463 4119 1972 4184 Laurentianam
2015 4118 2368 4183 translatos
2414 4119 2667 4183 invenit
2712 4129 2776 4182 et
2820 4141 3012 4203 quae-

428 4220 579 4285 dam
623 4221 777 4287 inde
825 4233 1133 4307 excerpta
1174 4242 1429 4285 mecum
1473 4222 1999 4287 communicavit.
2065 4223 2276 4286 codex
2319 4222 2794 4284 Laurentianus
2835 4220 2936 4299 47,
2971 4221 3008 4283 8

428 4325 807 4389 chartaceus
856 4308 1027 4388 saec.
1074 4323 1227 4404 XV,
1282 4329 1470 4386 oratio
1524 4329 1747 4389 dicitur
1789 4331 2080 4403 eloquutio
2121 4361 2203 4371 —-
2249 4330 2450 4385 aliena
2492 4328 2646 4385 enim
2680 4342 2879 4400 poena
2925 4328 3016 4384 illi

427 4433 593 4489 nulla
634 4433 772 4491 talis
813 4433 931 4491 erit
972 4428 1063 4514 (p.
1096 4425 1411 4510 4—479):
1461 4425 1541 4488 cf.
1577 4427 1862 4490 Bandini
1904 4428 2048 4490 cod.
2082 4424 2194 4489 lat.
2241 4423 2401 4489 bibl.
2435 4424 2632 4487 Laur.
2666 4424 2734 4487 ΙΙ
2764 4445 2827 4508 p.
2860 4424 3006 4488 393.

429 4528 636 4593 codex
666 4527 1007 4593 Palatinus
1046 4527 1206 4594 1756
1238 4526 1617 4591 chartaceus
1651 4551 1707 4591 a.
1744 4528 1909 4592 1464
1946 4529 2245 4614 scriptuS,
2278 4534 2488 4605 incipit
2515 4536 2804 4588 tractatus
2827 4546 3005 4604 pom-

420 4636 549 4709 peii
585 4653 767 4711 super
802 4641 1014 4710 partes
1044 4636 1246 4694 donati
1282 4636 1667 4707 grammatici
1706 4636 1870 4694 urbis
1900 4650 2077 4693 rome.
2140 4635 2596 4707 uniuscuiusque
2627 4666 2706 4673 —
2727 4634 3002 4705 paribus.

435 4732 633 4796 codex
675 4732 1153 4818 Neapolitanus
1199 4730 1634 4798 bibliothecae
1680 4732 1900 4817 regiae
1946 4731 2043 4796 IV
2089 4732 2148 4796 A
2194 4732 2278 4795 34
2321 4753 2489 4795 saec.
2539 4729 2640 4793 XI
2684 4730 2789 4793 vel
2833 4730 3004 4795 XII:
