3541 5564
1623 352 1764 413 ARS
2860 351 2982 414 331

403 540 696 597 orationis
739 572 819 579 -
864 535 910 595 f.
944 533 1064 596 24*
1102 537 1326 610 sontes,
1390 540 1455 598 P.
1493 540 1799 599 Consentii
1843 540 2273 598 Grammatices
2314 537 2556 619 fini3.*)
2627 542 2775 619 post
2816 534 2986 599 hunc

401 634 724 719 integrum
769 634 1010 699 librum
1053 634 1304 719 primus
1351 634 1557 699 edidit
1598 634 1947 698 Putschius
1995 643 2117 698 ‘ex
2161 636 2403 720 scripto
2448 635 2853 719 Bongarsii’,
2914 646 2988 700 ut

402 736 525 814 ait,
574 734 754 820 ‘plus
803 733 1073 799 dimidia
1116 745 1301 820 parte
1347 738 1736 816 auctiorem,
1798 757 1991 821 quam
2037 758 2076 798 a
2120 735 2434 799 Sichardo
2480 735 2632 802 olim
2676 735 2984 822 vulgatus

403 835 700 921 prodiit’.
788 859 946 899 usus
997 847 1215 900 autem
1261 845 1361 900 est
1404 836 1752 901 Putschius
1799 835 2025 901 codice
2069 838 2386 901 Beruensi
2431 860 2507 902 eo
2553 859 2743 923 quem
2788 860 3016 931 supra⁵

401 936 711 1002 indicavi.
773 960 857 1001 ex
901 937 1213 1001 Leidensi
1259 937 1486 1002 codice
1530 938 1851 1023 quaedam
1899 936 2273 1002 emendavit
2315 938 2387 1001 P.
2422 937 2798 1003 Bondamus
2845 961 2984 1004 var.

571 1105 620 1171 *)
668 1108 826 1158 Libri
874 1104 925 1158 a'
955 1109 1220 1158 Sichardo
1270 1108 1402 1159 editi
1450 1110 1541 1159 hic
1580 1115 1663 1159 est
1699 1109 1922 1172 titulus,
1971 1111 2364 1174 Disciplinarum
2399 1110 2676 1160 liberalium
2712 1111 2877 1175 orbib,
2916 1127 2986 1160 ex

403 1194 466 1243 P.
507 1192 779 1243 Consentio
817 1200 865 1242 ec
904 1193 1099 1257 Mayno
1140 1193 1352 1243 Aurelio
1392 1194 1718 1245 Cassiodoro.
1780 1197 1863 1244 cui
1913 1196 2208 1254 adiecimrcs,
2247 1196 2457 1244 adducti
2497 1198 2779 1260 aryumenti
2812 1196 2984 1259 offini-

404 1285 527 1334 1ate,
563 1277 758 1327 libellos
800 1278 857 1325 L.
897 1277 1106 1339 Apuleii
1139 1277 1504 1327 Madaurensis
1548 1281 1612 1328 de
1649 1277 1948 1343 Sylloqismo
1984 1281 2289 1343 cateyoricO.
2364 1278 2632 1328 Censorini
2666 1280 2728 1327 de
2766 1280 2862 1328 Die
2898 1296 2985 1329 na—

403 1363 509 1409 taIi.
557 1362 756 1411 Recens
791 1376 824 1409 α
858 1361 1001 1410 nobis
1032 1361 1251 1424 publicis
1285 1364 1470 1413 studiis
1505 1366 1706 1413 asserti.
1749 1364 2037 1413 excutiebat
2073 1363 2315 1413 Basileoe
2353 1362 2502 1415 Ioan.
2528 1361 2783 1421 Hebenus,
2820 1379 2986 1412 mense

404 1445 638 1509 Anqusto
674 1461 807 1495 anno
847 1445 1136 1494 XXVIII.
1191 1462 1294 1495 cum
1338 1449 1512 1510 qratia
1548 1455 1599 1497 ee
1632 1450 1920 1512 privileyio.
1971 1475 2031 1483 —-
2080 1447 2322 1497 Basileae
2354 1463 2454 1510 per
2489 1446 2571 1496 Io.
2609 1447 2783 1496 Bebel.
2822 1463 2987 1496 mense

403 1530 751 1593 Auqustoan.
777 1528 1175 1578 MDXXVIII.
1217 1531 1464 1580 continet
1500 1536 1683 1581 autem
1720 1533 1950 1597 primum
1988 1532 2405 1597 grammaticam
2444 1529 2750 1590 consenui,
2788 1531 2988 1581 deinde

405 1613 728 1678 compendia
774 1614 1082 1663 rhetoricae
1130 1613 1461 1665 dialecticae
1510 1615 1893 1665 arithmeticae
1942 1616 2186 1666 musicae
2235 1616 2571 1681 geometriae
2619 1616 2986 1665 astronomiae

406 1713 472 1746 ex
509 1695 840 1749 cassiodoro
879 1702 934 1747 et
968 1698 1352 1763 interpositum
1391 1699 1709 1763 compendio
1746 1699 2083 1750 dialecticae
2120 1700 2317 1750 librum
2354 1699 2592 1764 Apuleii,
2631 1714 2788 1762 quem
2824 1714 2984 1763 supe·

404 1782 549 1831 riore
591 1797 733 1832 anno
782 1799 848 1831 ex
895 1783 1238 1833 bibliotheca
1273 1783 1692 1834 Heresfeldensi
1727 1800 1788 1834 se
1826 1784 2187 1850 descripsisse
2227 1786 2309 1834 ait
2344 1783 2665 1847 sichardus,
2711 1787 2986 1848 postremo

406 1865 696 1916 Censorini
746 1867 942 1916 librum
993 1868 1058 1917 de
1106 1867 1194 1918 die
1241 1867 1432 1920 natali.
1507 1885 1574 1918 ex
1612 1868 1899 1919 Consentii
1936 1870 2104 1935 igitur
2140 1869 2280 1920 libro
2318 1870 2370 1918 in
2408 1870 2588 1934 priore
2624 1873 2781 1933 parte
2819 1868 2987 1933 plu-i-

405 1951 506 2000 bus
544 1949 683 2001 locis
720 1951 1008 2002 decurtato
1049 1953 1299 2003 exhibita
1337 1956 1463 2001 sunt
1499 1938 1664 2015 baec,
1704 1969 1755 2017 p.
1797 1955 1927 2003 2017
1965 1954 2157 2003 Partes
2192 1980 2257 1990 —
2293 1955 2425 2003 2022
2460 1962 2514 2002 ιιι
2550 1956 2863 2013 novissimus,
2904 1954 2986 2002 in-

404 2036 683 2100 terpositis
719 2036 911 2100 paucis
956 2035 1023 2085 de
1072 2053 1273 2101 genere
1314 2041 1370 2086 et
1406 2038 1643 2087 numeris
1698 2043 1753 2088 et
1791 2037 1967 2102 figura
2004 2042 2061 2087 ct
2098 2038 2319 2087 casibus
2356 2037 2630 2087 nominum
2665 2054 2717 2102 p.
2756 2039 2888 2088 2033
2924 2041 2989 2089 de

403 2122 583 2169 ordine
619 2127 782 2169 autem
818 2135 1018 2169 casuum
1065 2148 1128 2157 —
1175 2122 1308 2171 2035
1342 2125 1517 2185 plures
1552 2137 1699 2171 casus
1736 2123 1999 2184 deficiant,
2045 2124 2178 2172 2035
2215 2137 2343 2171 nunc
2379 2123 2442 2171 de
2478 2125 2715 2185 analoyia
2759 2147 2817 2156 -—
2853 2123 2987 2173 2038

401 2219 575 2268 puppe
610 2205 869 2268 mayister,
908 2207 1038 2253 2041
1077 2208 1339 2256 ordiamur
1374 2222 1496 2270 erqo
1535 2234 1595 2243 —
1633 2208 1766 2256 2042
1803 2208 1955 2255 aliter
1991 2208 2248 2262 eueniunt,
2296 2208 2428 2255 2043
2465 2208 2684 2256 diximus
2715 2207 2987 2270 genitiuum

405 2314 470 2323 —
503 2303 626 2337 cura
660 2290 846 2352 peculi,
885 2289 1016 2337 2047
1055 2290 1119 2344 de
1155 2292 1478 2341 incrementis
1512 2291 1821 2353 syllabarum
1857 2316 1924 2326 —
1958 2292 2132 2340 horum
2167 2292 2448 2347 doctorum,
2486 2291 2621 2340 2048
2657 2306 2785 2340 nunc
2821 2306 2985 2355 quem-

404 2373 664 2422 admodum
711 2399 772 2408 —-
815 2375 1102 2437 prox-imum
1137 2382 1239 2433 est,
1278 2374 1353 2427 ib.
1386 2377 1482 2425 sed
1515 2378 1566 2424 in
1601 2376 1679 2425 leis
1714 2378 1877 2425 maior
1914 2402 1975 2410 —
2012 2383 2068 2423 ut
2101 2382 2177 2425 est
2207 2390 2405 2439 paean,
2445 2376 2579 2424 2050
2614 2376 2692 2424 De
2731 2374 2881 2424 verbo
2920 2399 2985 2408 --

404 2458 536 2507 2073
571 2465 625 2506 ιιι
661 2460 971 2507 transeuntis
1007 2457 1262 2520 abeuntis,
1312 2462 1447 2509 2074
1481 2467 1645 2510 restat
1679 2476 1809 2510 nunc
1845 2485 1910 2495 —
1941 2460 2129 2523 fontes.
2183 2458 2459 2523 scriptura
2506 2463 2690 2507 autem
2727 2457 2989 2507 editionis

405 2540 723 2606 plerumque
759 2541 852 2591 vel
890 2557 1010 2591 cum
1048 2543 1309 2593 Leidensi
1345 2543 1435 2595 vel
1472 2560 1594 2594 cum
1631 2544 1900 2595 Beruensi
1941 2543 2131 2594 codice
2171 2545 2462 2595 consentit.
2535 2557 2663 2592 nam
2700 2558 2819 2592 cum
2855 2542 2986 2593 Ber-

405 2627 581 2688 nemsi,
619 2631 681 2674 ut
716 2625 927 2676 leviora
965 2627 1232 2691 omittam,
1275 2630 1554 2678 consentit
1590 2628 1657 2677 de
1695 2629 1913 2679 nomine
1942 2628 2122 2688 Probi,
2164 2627 2302 2691 quod
2339 2642 2448 2676 non
2475 2627 2640 2677 estin
2665 2626 2989 2677 Monacensi

408 2714 464 2760 ct
497 2710 790 2773 Leidensi‚
836 2726 889 2775 p.
927 2711 1056 2760 2051
1105 2714 1220 2761 item
1267 2714 1514 2777 quaedam
1561 2713 1719 2763 uerba
1752 2721 1895 2776 sunt,
1933 2721 1986 2762 ιιι
2021 2715 2096 2762 ait
2130 2713 2354 2774 Probus,
2396 2727 2525 2776 quae
2561 2718 2787 2761 eatenus.
2860 2712 2988 2761 Lei·

406 2796 627 2846 densem
665 2800 848 2845 autem
885 2810 1053 2861 saepe
1079 2797 1334 2860 sequitur
1360 2798 1821 2848 dissentientibus
1858 2797 2104 2862 reliqum,
2142 2801 2203 2846 ut
2239 2812 2292 2860 p.
2315 2798 2449 2846 2022
2484 2812 2644 2860 nepos
2678 2798 2817 2845 acies
2852 2797 2989 2845 ories

406 2878 500 2929 LS
539 2878 613 2944 (b.
654 2897 700 2929 e.
741 2879 912 2929 editio
949 2879 1254 2945 Sichardi),
1292 2885 1432 2932 aries
1468 2898 1570 2935 om.
1610 2883 1750 2932 BM:
1789 2883 1921 2932 2037
1956 2884 2052 2932 sed
2086 2889 2136 2931 et
2169 2881 2294 2931 haec
2329 2883 2504 2930 eadem
2538 2880 2819 2944 euphoniae
2853 2882 2988 2930 ratio

407 2963 502 3014 LS
536 2965 632 3014 sed
665 2970 714 3014 et
749 2964 830 3014 hic
865 2964 1102 3027 eufoniae
1139 2967 1273 3015 ratio
1309 2968 1367 3016 M
1401 2969 1496 3016 sed
1529 2972 1578 3016 et
1621 2968 1701 3016 llic
1736 2970 1887 3015 etiam
1923 2967 2204 3031 euphoniae
2240 2966 2376 3014 ratio
2412 2965 2483 3022 B,
2529 2965 2663 3014 2043
2694 2968 2988 3030 plerumque

409 3051 535 3099 enim
575 3051 774 3113 gemino
815 3051 835 3097 i
878 3051 1051 3098 littera
1097 3051 1398 3099 terminatur
1433 3050 1528 3099 LS
1571 3053 1864 3114 plerumque
1905 3051 2163 3114 yeminaea
2197 3052 2217 3098 i
2250 3051 2423 3098 littera
2457 3051 2758 3098 terminatur
2792 3049 2848 3097 M
2877 3050 2988 3113 ple-

407 3148 609 3198 rumque
646 3135 772 3182 enim
804 3136 1023 3196 flemina!
1060 3135 1079 3181 i
1114 3137 1333 3184 litteram
1370 3134 1443 3196 B,
1492 3136 1624 3184 2053
1661 3136 1857 3199 liqucor
1894 3132 1989 3182 LS
2036 3136 2193 3184 liceor
2228 3134 2368 3191 ΒΜ,
2415 3133 2548 3184 2068
2584 3135 2828 3198 coneinyit
2873 3135 2992 3183 mihi

407 3218 498 3266 tihi
541 3219 615 3267 illi
657 3219 824 3267 euenit
865 3218 982 3266 milti
1026 3218 1117 3267 tibi
1163 3220 1236 3267 illi
1283 3218 1407 3282 LS,
1447 3220 1612 3269 euenit
1647 3219 1765 3268 milti
1797 3219 1889 3267 tibi
1922 3220 1997 3267 illi
2030 3234 2134 3268 om.
2172 3217 2304 3266 ΒΜ.
2366 3216 2509 3265 unde
2547 3218 2724 3281 siquis
2759 3217 2990 3282 colligat

408 3301 730 3351 Sichardum
767 3302 1141 3366 apographum
1188 3302 1479 3353 Leidensis
1517 3303 1726 3353 codicis
1764 3318 1832 3352 ex
1869 3303 2140 3353 Beruensi
2185 3305 2492 3351 correctum
2528 3301 2787 3352 habuisse
2824 3302 2988 3365 idque

407 3387 521 3436 suis
555 3387 888 3438 coniecturis
926 3386 1325 3450 emendavisse,
1366 3389 1602 3437 maxima
1639 3402 1774 3438 sane
1811 3389 2199 3452 scripturarum
2237 3401 2364 3451 pars
2402 3401 2470 3436 ex
2506 3385 2612 3435 hac
2648 3386 2860 3451 origine
2897 3385 2991 3435 de-

409 3470 537 3521 duci
575 3472 794 3537 poterit.
865 3486 1051 3520 verum
1089 3477 1274 3521 tamen
1310 3475 1371 3520 ut
1409 3471 1578 3521 alium
1617 3471 1862 3521 codicem
1900 3487 2127 3537 eumque
2154 3470 2446 3520 Leidensis
2485 3472 2718 3520 maxime
2756 3471 2991 3521 similem

411 3555 481 3604 ab
521 3572 585 3605 eo
622 3570 937 3619 expressum
977 3571 1096 3606 esse
1134 3561 1320 3622 putem
1358 3557 1413 3604 in
1451 3558 1637 3621 primis
1672 3558 1813 3608 vitia
1851 3557 2119 3622 quaedam
2164 3556 2471 3620 scripturae
2520 3555 2798 3618 efficiunt,
2847 3570 2988 3619 quae

412 3656 479 3690 ex
518 3643 772 3705 corrupto
810 3639 1003 3689 codice
1041 3639 1296 3690 videntur
1332 3640 1635 3706 repetenda
1671 3657 1814 3703 esse,
1853 3646 1915 3691 ut
1950 3658 2001 3707 p.
2037 3642 2172 3691 2038
2206 3642 2381 3692 uariat
2415 3647 2466 3689 et
2499 3642 2638 3689 intra
2672 3641 2765 3689 hoe
2794 3647 2992 3706 pugnat

411 3723 447 3772 S
484 3726 626 3774 uarie
663 3731 845 3774 contra
878 3724 972 3775 hoc
1004 3732 1202 3789 pugnae
1225 3725 1420 3787 BML,
1459 3728 1593 3776 2055
1627 3733 1776 3776 extat
1810 3742 1839 3777 o
1877 3742 2071 3792 quoque
2101 3732 2275 3790 polest
2307 3727 2522 3773 aceiuum
2554 3730 2792 3789 reputari
2824 3723 2860 3773 S
2896 3740 2989 3773 ex-

412 3816 487 3858 ιαι
523 3811 765 3874 quomodo
802 3816 972 3873 potes!
1007 3810 1219 3859 uotiuum
1256 3825 1355 3860 non
1389 3813 1566 3874 putari
1598 3811 1798 3873 BML,
1837 3811 1911 3863 ib.
1938 3818 2199 3876 utrumque
2236 3812 2399 3858 utrius
2430 3810 2635 3873 generis
2660 3808 2695 3857 S
2731 3816 2990 3874 utrumque

411 3894 637 3943 neutrius
673 3894 952 3957 (utriusque
991 3908 1127 3947 corr.
1153 3896 1474 3961 neutriusque
1497 3895 1563 3960 Β)
1597 3898 1803 3960 generis
1828 3895 1938 3945 ΒΜ
1955 3896 2019 3957 L,
2056 3896 2189 3945 2057
2225 3896 2306 3943 ille
2342 3895 2469 3943 ordo
2507 3893 2591 3943 ubi
2622 3899 2787 3943 acerem
2820 3901 2991 3943 tenen·

411 3980 479 4027 tis
514 3979 657 4043 signo
698 3975 734 4026 S
770 3979 853 4028 ille
890 3980 1019 4029 ordo
1055 3978 1201 4027 uerbi
1234 3987 1396 4029 actum
1433 3982 1649 4030 tenentis
1685 3980 1798 4030 ΒΜ
1812 3981 1874 4040 L,
1912 3981 2046 4030 2060
2080 3982 2140 4032 in.
2167 3995 2227 4028 eo
2253 3981 2389 4044 quod
2420 3980 2830 4043 pronuntiatiuus
2855 3977 2891 4027 S
2915 3978 2990 4026 in·

412 4063 662 4113 dicaliuus
707 4065 796 4128 qui
837 4069 887 4112 et
925 4061 1142 4126 (quidem
1179 4064 1224 4112 L
1262 4066 1348 4130 qui
1390 4066 1586 4128 quidem
1621 4064 1699 4128 M)
1736 4067 2144 4129 pronuntiatiuus
2180 4063 2380 4123 BML,
2428 4063 2563 4113 2063
2596 4065 2805 4112 sumitur
2835 4066 2989 4125 prout

411 4150 522 4210 leyo
561 4147 597 4196 S
643 4151 854 4196 sumitur
894 4163 1097 4211 semper
1135 4154 1190 4196 ut
1233 4151 1342 4212 lego
1381 4148 1577 4211 BML,
1625 4149 1756 4199 2066
1794 4149 1962 4198 obruit
2000 4151 2133 4214 pluit
2173 4149 2282 4212 fluit
2320 4149 2356 4198 S
2393 4148 2560 4198 obruit
2593 4149 2722 4212 pluit
2753 4147 2854 4195 suit
2889 4144 2989 4194 BL

412 4230 581 4280 obruit
611 4231 725 4295 fluit
757 4233 857 4281 suit
892 4231 977 4294 M,
1023 4233 1157 4283 2068
1201 4248 1453 4283 renouare
1498 4250 1654 4285 nouos
1693 4235 1728 4284 S
1774 4249 2027 4284 renouare
2072 4249 2239 4283 omnes
2277 4232 2472 4294 BML,
2520 4234 2652 4282 2072
2674 4275 2677 4282 ᾗ
2699 4237 2786 4280 out
2819 4246 2851 4278 u
2891 4244 2991 4294 pro

412 4318 573 4367 vocali
615 4322 670 4365 ιιι
714 4333 870 4367 vacuo
916 4332 1103 4367 vacuas
1143 4317 1329 4381 fluctuo
1364 4318 1577 4380 fluctuas
1611 4320 1754 4369 sinuo
1790 4320 1965 4368 sinuas
2002 4333 2103 4371 om.
2142 4316 2264 4369 SM.
2311 4317 2489 4367 minus
2526 4315 2872 4365 tribuendum
2910 4319 2995 4363 est

415 4401 892 4452 emendationibus
929 4402 1208 4464 sichardi,
1247 4416 1476 4465 quarum
1515 4403 1753 4452 maxima
1791 4418 1918 4468 pars
1955 4405 2035 4451 ita
2074 4399 2376 4466 conparata
2414 4405 2524 4461 est,
2579 4406 2640 4450 ut
2674 4399 2995 4450 coniectura

414 4486 652 4536 inveniri
697 4488 956 4552 potuerit.
1030 4502 1357 4552 quamquam
1405 4488 1460 4535 in
1508 4487 1594 4536 his
1642 4502 1854 4552 quoque
1900 4491 2029 4536 sunt
2073 4485 2340 4551 quaedam
2377 4500 2520 4549 quae
2557 4488 2781 4549 propter
2815 4484 2995 4547 ipsam

414 4569 674 4620 librorum
712 4571 1136 4639 discrepantiam
1177 4572 1357 4622 codici
1393 4573 1604 4637 potius,
1632 4587 1793 4637 quam
1818 4571 2038 4636 ingenio
2068 4570 2293 4621 editoris
2330 4569 2623 4619 tribuenda
2659 4582 2783 4618 esse
2807 4566 2994 4618 viden-

416 4658 530 4717 tur,
577 4659 638 4704 ut
673 4671 727 4719 p.
763 4658 898 4707 2054
933 4659 983 4706 in
1019 4660 1120 4708 alio
1158 4666 1310 4722 atque
1364 4658 1463 4706 alio
1509 4658 1763 4706 intellectu
1801 4656 1837 4706 S
1885 4659 1935 4705 in
1980 4657 2082 4706 alio
2117 4655 2372 4704 intellectu
2410 4654 2521 4703 ΒΜ
2558 4656 2608 4702 in
2646 4655 2810 4716 aliquo
2847 4652 2993 4700 intel-

414 4741 545 4788 lectu
580 4739 653 4802 L,
702 4742 833 4791 2059
877 4746 1089 4793 alterius
1131 4744 1267 4792 modi
1311 4759 1455 4808 quam
1493 4742 1664 4804 forma
1700 4741 1845 4791 uerbi
1879 4727 2041 4803 eiiyit
2078 4740 2113 4789 S
2152 4739 2359 4788 alterius
2394 4739 2529 4787 modi
2563 4753 2707 4802 quom
2742 4742 2799 4785 ιιι
2828 4737 2996 4799 forma

413 4824 560 4874 uerbi
592 4827 752 4892 exiqit
789 4825 844 4874 M
882 4809 1092 4877 alicuius
1127 4829 1262 4878 modi
1295 4845 1441 4893 quum
1471 4828 1641 4891 forma
1678 4827 1824 4877 uerbi
1857 4827 2020 4892 exigit
2057 4825 2176 4874 BL.

2460 4903 2594 4969 22*
