3541 5564
2622 1242 2661 1281 p.
2692 1231 2777 1269 127.
2804 1181 2855 1268 {8
2885 1228 2933 1266 V.

537 1326 1127 1422 FRAGMENTVM
1187 1326 1597 1421 lllllllllNSll
1649 1327 1761 1419 llll
1796 1326 2138 1466 ‘NOMINE
2193 1327 2296 1419 ΕΤ
2352 1325 2852 1421 ΙἪθΝθΜΙΝΕ

1480 1700 1578 1762 DE
1623 1700 1915 1763 NOMINE

577 1837 721 1898 Nam
780 1837 1034 1915 legimus
1093 1836 1245 1916 apud
1303 1836 1647 1898 Lucretium
1704 1846 1762 1897 et
1820 1834 2144 1914 Vergilium
2201 1837 2476 1898 ‘terrai
2546 1840 2986 1915 frugiferai'

410 1958 518 2018 pro
564 1949 757 2000 terrae
804 1941 1128 2017 frugiferae
1175 1947 1234 1999 et
1279 1937 1511 1998 ‘aulai
1559 1940 1831 1999 medio'
1878 1957 1985 2017 pro
2017 1938 2211 2008 aulae,
2259 1940 2512 2019 ‘atque
2558 1943 2767 2000 aurai
2814 1942 2987 2000 sim-

358 2039 637 2120 5plicis
693 2044 976 2118 ignem'
1034 2060 1142 2121 pro
1198 2059 1408 2110 aurae,
1465 2043 1608 2101 item
1666 2041 2197 2126 ‘divespictai
2256 2043 2527 2101 vestis'
2596 2061 2705 2121 pro
2761 2043 2987 2120 pictae:

409 2143 562 2222 apud
611 2143 932 2204 Salustium
977 2162 1209 2222 quoque
1254 2142 1586 2203 ‘duobus
1630 2146 1871 2204 senati
1919 2143 2324 2205 consultis'
2371 2163 2480 2223 pro
2520 2150 2790 2213 senatus;
2836 2143 2991 2222 apud

410 2244 754 2305 Terentium
813 2248 993 2305 etiam
1050 2244 1278 2305 ‘nihil
1341 2247 1618 2315 ornati,
1686 2246 1878 2307 nihil
1934 2245 2298 2314 tumulti'‚
2367 2247 2510 2305 item
2565 2247 2766 2304 ‘eius
2823 2245 2990 2305 anui

410 2349 661 2408 eausa'
727 2366 837 2427 pro
900 2355 1144 2408 ornatus
1209 2347 1496 2408 tumultus
1554 2367 1728 2415 anus:
1800 2350 1941 2408 item
1997 2347 2150 2425 apud
2208 2345 2531 2423 Vergilium
2587 2344 2817 2405 ‘libra
2876 2345 2991 2405 die

409 2451 838 2528 somnique'
895 2468 1005 2529 pro
1064 2451 1214 2520 diei,
1277 2460 1335 2511 et
1391 2449 1542 2529 apud
1604 2447 1924 2509 Salustium
1971 2448 2384 2509 ‘dubitavit
2430 2450 2587 2508 acie
2632 2450 2837 2525 pars'
2885 2466 2991 2525 pro

333 2552 581 2609 maciei.
671 2551 773 2611 sed
832 2551 978 2611 haec
1034 2554 1230 2611 omnia
1289 2552 1627 2631 usurpando
1672 2550 1993 2611 vindicavit
2035 2550 2151 2611 sibi
2199 2559 2484 2618 vetustaS‚
2532 2553 2848 2628 posteritas
2894 2569 2991 2609 ex-

411 2653 607 2732 plosit.
701 2656 893 2713 omnis
937 2656 1118 2714 etiam
1164 2656 1560 2714 nominativus
1607 2654 1899 2713 secundae
1947 2652 2360 2713 declinationis
2405 2671 2473 2711 us
2520 2670 2667 2731 pura
2714 2655 2992 2712 termina·

413 2762 507 2815 tus
552 2757 945 2834 praecedente
1006 2758 1027 2815 i
1088 2754 1286 2817 littera
1343 2758 1669 2834 genitivum
1727 2774 1900 2816 suum
1957 2773 2063 2834 per
2102 2755 2252 2817 ‘duas
2297 2758 2317 2815 i
2364 2746 2619 2834 proferri
2666 2755 2847 2814 saciat
2890 2773 2991 2814 ne-

412 2876 578 2916 eesse
626 2865 745 2926 est,
795 2877 866 2918 ue
912 2860 1203 2917 minorem
1251 2878 1385 2918 eum
1432 2857 1645 2918 habeat
1692 2877 1940 2918 numero
1971 2857 2346 2937 syllabarum,
2394 2875 2527 2916 cum
2574 2855 2661 2915 vel
2709 2875 2993 2935 superare

414 2961 712 3034 genitivus
756 2957 844 3018 vel
892 2967 1055 3018 certe
1102 2960 1317 3020 debeat
1361 2960 1692 3040 adaequare
1740 2962 2167 3021 nominativum·
2209 2978 2410 3027 suum,
2458 2966 2523 3018 ut
2554 2958 2832 3018 Horatius
2878 2958 2993 3017 Ho-

342 3077 389 3115 ιε.
417 3063 577 3120 ratii.
641 3059 918 3120 similiter
964 3069 1022 3120 et
1067 3070 1274 3122 neutra
1321 3061 1586 3121 eiusdem
1635 3061 2046 3122 declinationis
2091 3080 2241 3141 quae
2288 3063 2305 3119 i
2355 3059 2669 3120 habuerint
2714 3068 2849 3120 ante
2895 3079 2994 3119 um

415 3162 800 3240 geminabuut
857 3165 876 3219 i
934 3162 1188 3223 litteram
1247 3163 1324 3222 ob
1382 3164 1630 3223 eandem
1686 3166 2009 3233 rationem,
2066 3172 2131 3224 ut
2176 3162 2381 3223 solium
2426 3159 2585 3230 solii,
2634 3165 2820 3222 otium
2865 3165 2991 3229 otii,

418 3266 715 3341 tugurium
764 3265 1017 3340 tugurii,
1077 3262 1373 3342 peculium
1419 3264 1671 3345 peculii,
1730 3266 1867 3325 licet
1913 3266 2057 3326 haec
2104 3266 2427 3345 antiquitas
2470 3280 2578 3343 per
2621 3256 2993 3342 ἀποκοπήν,

415 3367 474 3425 id
522 3374 613 3425 est
657 3364 846 3426 ablata
890 3367 909 3424 i
955 3364 1183 3435 littera,
1232 3369 1658 3435 enuntiaverit,
1708 3375 1770 3427 ut
1802 3370 1928 3446 ipse
1961 3367 2032 3426 de
2066 3386 2128 3427 se
2160 3368 2439 3427 Horatius
2483 3367 2707 3425 ‘vatis
2737 3366 2993 3425 Horati

416 3487 805 3528 memorem
854 3468 1257 3547 sepulchro
1316 3469 1567 3547 scalpe
1614 3467 2102 3547 quelrellam'‚
2152 3469 2445 3547 Vergilius
2492 3469 2882 3546 ‘pauperis
2927 3474 3000 3525 et

338 3588 387 3624 20
419 3572 669 3647 tuguri
717 3579 1148 3647 congestum
1195 3575 1359 3640 est',
1407 3572 1548 3630 item

417 3746 822 3817 Fragmentum
869 3746 938 3798 de
981 3747 1204 3799 nomine
1250 3751 1304 3799 et
1344 3748 1679 3814 pronomine
1723 3746 1881 3799 initio
1912 3746 2227 3799 mutilatum
2274 3760 2303 3796 e
2348 3744 2542 3797 codice
2590 3742 3002 3797 Vindobonensi

591 3830 663 3885 17
714 3832 840 3885 olim
874 3829 1145 3884 Bobiensi
1187 3845 1343 3884 saecu
1378 3827 1480 3883 Vlll
1522 3830 1573 3901 s.
1612 3828 1857 3883 11—14
1904 3831 2114 3884 editum
2158 3835 2243 3884 est
2285 3831 2344 3882 in
2389 3829 2671 3882 analectis
2712 3844 2995 3899 yramma-

587 3918 715 3971 licis
775 3914 1139 3970 Vindobonae
1181 3933 1237 3968 a.
1292 3912 1447 3969 1837
1488 3932 1552 3985 p.
1590 3913 1939 3969 127—141.
1988 3916 2286 3984 adscripta
2333 3920 2417 3968 est
2460 3915 2858 3983 discrepantia
2905 3928 2998 3967 co·

584 4002 727 4055 dicis
759 3998 1058 4054 Bobiensis
1104 3999 1210 4065 (B)

555 4238 587 4285 2
624 4249 688 4282 DE
728 4246 922 4283 Nouius
955 4248 1046 4280 om.
1090 4231 1141 4279 B
1277 4232 1309 4282 3
1346 4233 1499 4281 terrai
1539 4231 1803 4297 frugiferai
1847 4232 2039 4281 Ennius
2081 4233 2131 4280 in
2169 4230 2435 4278 annalibus
2471 4229 2728 4279 Charisius
2764 4244 2819 4291 p.
2860 4228 2941 4290 19,
2972 4230 2997 4278 l

421 4304 684 4368 frugiferai
733 4302 925 4352 Ennius
977 4304 1024 4350 in
1077 4299 1344 4350 annalibus
1392 4318 1505 4352 exc.
1560 4302 1709 4352 Clear.
1756 4319 1811 4365 p.
1857 4302 1989 4359 538,
2026 4303 2119 4350 27:
2177 4302 2246 4363 cf.
2289 4300 2420 4350 Enn.
2475 4302 2645 4353 annal.
2694 4316 2739 4348 v.
2781 4299 2883 4347 479
2920 4299 3001 4348 ed.

428 4375 577 4426 Valet.
621 4372 848 4423 Lucretii
870 4373 1100 4433 exempla
1135 4372 1303 4420 citavit
1339 4372 1635 4421 Priscianus
1659 4374 1694 4421 I.
1725 4371 1812 4419 Vll
1843 4387 1899 4434 p.
1938 4371 2058 4429 285,
2088 4371 2119 4419 7
2262 4368 2542 4435 frugeserai
2579 4370 2630 4419 B
2768 4370 2800 4416 4
2839 4364 2994 4432 aulai]

428 4446 582 4506 Vera.
623 4444 749 4494 Aen.
789 4442 852 4490 ΙΙΙ
889 4441 992 4492 354
1159 4439 1331 4507 atque]
1382 4443 1539 4505 Ver-9.
1583 4442 1711 4494 Aen.
1751 4440 1817 4488 Vl
1854 4441 1954 4490 747
2105 4442 2137 4491 5
2176 4437 2342 4505 dives]
2398 4441 2552 4502 Very.
2594 4438 2723 4488 Aen,
2763 4437 2898 4487 Vllll
2936 4440 3003 4486 26

521 4513 555 4562 6
593 4513 730 4576 apud
756 4507 1055 4575 Salustium]
1095 4510 1243 4561 Catil.
1273 4510 1340 4561 36
1371 4512 1569 4559 duobus
1607 4512 1766 4559 senati
1807 4510 2053 4559 decretis:
2090 4511 2159 4563 cl'.
2187 4510 2382 4559 Charis.
2406 4524 2456 4571 p.
2490 4510 2576 4573 2⁶2,
2606 4508 2671 4558 18
2707 4524 2823 4557 eoec.
2851 4507 2999 4559 Char.

417 4597 471 4643 p.
497 4580 716 4646 539‚,12
857 4582 889 4629 7
925 4577 1075 4644 nihil]
1116 4579 1319 4634 Terent.
1350 4581 1514 4633 Andr.
1555 4582 1595 4629 Il
1635 4584 1686 4643 2,
1716 4580 1785 4630 28
1924 4577 2055 4644 eius]
2091 4581 2290 4631 Terent.
2324 4581 2575 4630 Heauton.
2614 4580 2713 4628 tim.
2750 4580 2795 4627 ΙΙ
2832 4576 2896 4636 3,
2935 4575 3005 4625 46

524 4653 644 4699 anu’i
666 4652 716 4701 B
743 4651 887 4700 anuis
908 4651 1166 4702 Charisius
1187 4664 1240 4711 p.
1272 4652 1357 4710 54,
1383 4650 1448 4701 31
1557 4649 1591 4699 8
1628 4646 1777 4716 libra]
1820 4651 1977 4713 Ver-9.
2005 4665 2181 4715 yeory.
2210 4650 2228 4697 1
2266 4649 2368 4699 208
2468 4649 2501 4698 9
2536 4649 2673 4714 apud
2697 4643 2997 4710 Salustium]

421 4720 468 4767 iu
507 4720 732 4770 historiis
767 4722 1017 4771 Priscian.
1057 4724 1088 4770 l.
1128 4721 1216 4768 Vll
1251 4737 1303 4785 p.
1342 4720 1472 4785 367,
1511 4720 1544 4769 6
1687 4720 1753 4770 10
1790 4715 1938 4785 aciei]
1982 4720 2089 4769 aeci
2127 4720 2177 4769 B
2319 4718 2383 4770 18
2420 4715 2679 4782 Horatius]
2725 4733 2877 4767 carm,
2921 4716 2999 4765 llll

420 4789 471 4850 6,
501 4788 568 4839 43
609 4791 805 4840 reddidi
843 4807 1040 4841 carmen
1076 4789 1259 4839 docilis
1296 4791 1556 4840 modorum
1588 4791 1719 4839 vatis
1744 4790 1918 4839 Horati
1958 4789 2019 4838 lll
2059 4790 2140 4853 11,
2170 4790 2233 4839 51
2275 4790 2431 4838 nostri
2462 4803 2731 4838 memorem
2770 4786 3002 4853 sepulcro

423 4860 594 4925 scalpe
628 4861 900 4923 querellam
1027 4863 1092 4911 19
1129 4874 1385 4911 menorem
1423 4860 1472 4909 B
1611 4857 1876 4927 pauperis]
1925 4861 2087 4925 Vera.
2129 4860 2289 4913 bucol.
2334 4858 2380 4922 1,
2416 4858 2484 4911 69

2464 4942 2597 5007 36*
