3541 5564
1513 1241 2227 1340 AVGVSTINI

1179 1446 2565 1565 ARsBREviATA

982 1651 1800 1739 EIVSDEM
1918 1651 2764 1738 REGVLAE

756 2042 1112 2127 Augustini
1157 2040 1239 2105 de
1282 2049 1424 2104 arte
1466 2040 1897 2124 grammatica
1935 2040 2062 2105 duo
2108 2040 2406 2105 feruntur
2448 2038 2619 2104 libri.
2679 2061 2951 2126 quorum
2996 2037 3165 2102 alter

588 2144 672 2209 ab
718 2142 962 2208 Ioanne
1016 2141 1454 2208 Amorbachio
1508 2142 1578 2205 in
1631 2142 1842 2229 primo
1886 2141 2216 2208 volumine
2269 2164 2537 2229 operum
2580 2142 2935 2226 Augustini
2978 2140 3166 2204 Basi-

585 2245 728 2310 leae
773 2268 832 2309 a.
883 2246 1044 2310 1506
1101 2246 1380 2332 primum
1438 2243 1651 2310 editus
1709 2254 1810 2310 est
1852 2243 1974 2309 hoc
2016 2244 2237 2325 titulo,
2296 2249 2575 2309 Eiusdem
2620 2250 2753 2309 diui
2792 2249 3015 2308 aurelii
3053 2264 3162 2307 au-

583 2355 816 2429 qustini
853 2352 1238 2429 hipponensis
1279 2353 1549 2428 episcopi
1589 2352 1665 2411 de
1702 2332 2113 2426 yrammatica
2154 2352 2307 2411 liber
2349 2353 2593 2426 incipit,
2642 2355 2708 2410 et
2733 2346 2803 2409 in
2831 2345 2958 2409 fine
2984 2344 3163 2426 libri,

583 2454 802 2516 Sancti
840 2456 1154 2528 auyustini
1190 2453 1580 2528 hipponensis
1620 2456 1892 2529 episcopi
1929 2454 2082 2513 liber
2123 2454 2200 2512 de
2236 2455 2643 2528 yrammatica
2686 2454 2957 2528 explicit.
3004 2469 3162 2511 eun-

589 2552 739 2618 dem
781 2550 1022 2617 librum
1077 2560 1142 2616 et
1186 2551 1542 2635 Augustini
1599 2552 1880 2616 editores
1935 2572 2081 2615 cum
2134 2548 2399 2637 reliquis
2446 2552 2584 2615 eius
2628 2549 2935 2637 operibus
2979 2571 3164 2635 repe-

584 2657 876 2719 tiverunt
919 2662 985 2718 et
1027 2652 1375 2718 Putschius
1420 2652 1592 2717 inter
1635 2652 1872 2718 latinos
1916 2653 2375 2738 grammaticos
2419 2653 2683 2740 recepit.
2756 2649 3033 2716 alterum
3078 2673 3165 2715 ex

586 2754 812 2824 codice
840 2753 1140 2820 Palatino
1176 2753 1338 2819 1746
1383 2753 1590 2820 edidit
1634 2755 1716 2821 A.
1747 2755 1963 2821 Maius
2009 2778 2159 2823 nov.
2204 2766 2340 2845 pat.
2374 2753 2532 2822 bibl.
2579 2754 2615 2820 I
2655 2755 2697 2819 2
2739 2777 2806 2842 p.
2838 2755 2963 2820 165
2993 2776 3163 2841 sqq„

587 2859 822 2924 deinde
865 2855 1140 2925 Carolus
1184 2856 1560 2923 Fridericus
1605 2857 1930 2923 Weberus
1976 2882 2061 2923 ex
2103 2859 2322 2925 codice
2368 2857 2816 2938 Bruxellensi,
2863 2855 3162 2921 adhibito

584 2971 926 3048 praeterea
956 2960 1255 3026 Parisino
1289 2959 1474 3042 7520,
1507 2960 1716 3045 magis
1750 2961 2163 3026 emendatum
2195 2961 2493 3027 exhibuit
2519 2959 2860 3045 Marburgi
2902 2981 2961 3023 a.
2998 2958 3160 3023 1861

586 3065 679 3129 ita
719 3063 1140 3148 inscriptum,
1187 3084 1293 3127 ars
1334 3069 1535 3127 sancti
1573 3068 1900 3141 Auqustini
1934 3083 2056 3143 pro
2090 3066 2369 3139 fratrum
2412 3069 2828 3128 mediocritate
2868 3067 3161 3126 breviata.

588 3188 673 3230 ex
714 3187 911 3229 manu
957 3164 1218 3251 scriptis
1265 3173 1481 3230 autem
1526 3164 1859 3231 codicibus
1904 3174 2247 3251 utrumque
2290 3164 2530 3231 librum
2575 3166 2910 3231 continent
2951 3162 3166 3229 codex

584 3267 923 3332 Parisinus
980 3267 1146 3332 7520
1199 3266 1540 3332 undecimo
1597 3265 1858 3333 saeculo
1914 3267 2235 3353 scriptus,
2293 3274 2510 3349 incipit
2563 3289 2668 3332 ars
2725 3273 2814 3331 §ci
2857 3273 3171 3346 anqustini

576 3391 702 3451 pro
736 3372 1013 3446 fratrum
1067 3374 1480 3434 mediocritate
1531 3375 1832 3434 breuiata.
1909 3375 2163 3436 Lanitas
2217 3374 2555 3435 obseruatio
2603 3408 2671 3417 —
2734 3381 2915 3450 aptus
2964 3390 3161 3434 scene.

580 3478 734 3548 finit.
783 3478 971 3551 incip.
1028 3477 1245 3551 recula
1299 3478 1609 3551 anqustini
1647 3478 1743 3549 ἑῙῐι
1789 3477 1865 3536 de
1906 3479 2161 3538 nomine.
2242 3476 2453 3537 Omnia
2506 3479 2749 3537 nomina
2790 3510 2875 3522 -—-—
2918 3477 3163 3536 indecli-

585 3579 786 3639 nabile
827 3585 915 3638 est
956 3580 1239 3655 explicit,
1299 3583 1363 3637 et
1418 3573 1642 3639 eodem
1699 3574 1923 3639 ordine
1977 3575 2332 3661 iisdemque
2378 3575 2904 3661 inscriptionibus
2950 3573 3164 3639 codex

585 3674 924 3741 Palatinus
974 3676 1159 3758 1746,
1207 3674 1288 3739 de
1332 3697 1457 3760 quo
1500 3698 1703 3763 supra
1745 3700 1812 3763 p.
1858 3677 1982 3741 313
2038 3679 2109 3741 in
2153 3678 2477 3764 excerptis
2523 3675 2761 3741 Iuliani
2805 3699 2888 3740 ex
2931 3675 3161 3742 eodem

584 3778 806 3843 codice
863 3778 1058 3843 editis
1116 3777 1361 3843 dictum
1417 3789 1537 3843 est.
1625 3777 1736 3843 ille
1792 3780 1905 3866 qui
1963 3777 2115 3845 olim
2172 3779 2385 3844 editus
2443 3788 2543 3844 est
2596 3778 2835 3865 legitur
2876 3778 3049 3842 solus
3092 3780 3162 3842 in

586 3878 809 3945 codice
837 3879 1215 3944 Monacensi
1247 3879 1433 3960 6281,
1481 3878 1635 3945 olim
1678 3881 2085 3966 Frisingensi
2129 3882 2231 3961 81,
2282 3903 2452 3946 saec.
2487 3880 2556 3945 X
2600 3881 2646 3946 f.
2701 3883 2819 3944 1—
2827 3882 2901 3945 17
2948 3888 3009 3945 in
3056 3902 3163 3945 no-

583 4006 741 4064 mine
784 3986 901 4064 d—ni
936 4007 1041 4064 nri
1080 4005 1244 4080 incip
1289 4005 1440 4079 reql'
1487 4007 1690 4065 aureli
1730 4008 2037 4079 auqustini
2077 4007 2153 4065 de
2194 4021 2350 4066 nom.
2400 4004 2613 4065 Omnia
2656 4007 2901 4065 nomina
2950 4038 3020 4047 —
3069 4006 3160 4065 in-

584 4107 947 4167 declinabile
988 4112 1075 4167 est
1115 4107 1316 4182 expia
1371 4103 1458 4166 cf.
1503 4100 1636 4168 vol.
1682 4102 1783 4167 IV
1828 4101 2046 4192 praef.
2103 4125 2165 4188 p.
2212 4101 2457 4166 XLIV.
2505 4101 2701 4186 alter,
2747 4102 2858 4190 qui
2903 4124 2944 4166 a
2983 4102 3161 4167 Maio

583 4203 797 4268 editus
844 4213 973 4286 est,
1018 4206 1088 4268 in
1117 4202 1531 4270 Bruxellensi
1575 4204 1795 4269 codice
1838 4215 2005 4270 teste
2036 4204 2319 4270 Webero
2362 4226 2530 4269 nono
2575 4203 2836 4270 saeculo
2880 4204 3163 4290 scriptus

583 4314 683 4370 est
725 4306 821 4370 sic
832 4355 851 4389 ,
908 4312 1118 4388 incipit
1172 4327 1279 4372 ars
1330 4313 1532 4374 sancti
1583 4313 1892 4386 anqustini
1928 4327 2054 4387 pro
2088 4309 2367 4382 fratrum
2409 4313 2821 4373 mediocritate
2863 4313 3161 4373 breuiata.

582 4411 883 4473 Latinitas
924 4419 1015 4473 est
1059 4413 1402 4476 obseruatio
1443 4446 1527 4458 —-
1571 4421 1752 4490 aptus
1793 4430 2027 4474 scenae.
2089 4415 2341 4489 explicit
2384 4431 2488 4473 ars
2528 4417 2727 4480 sancti
2765 4416 3087 4489 auyustini.

750 4510 856 4575 De
909 4512 1171 4578 nomine
1231 4521 1450 4578 autem
1506 4512 1863 4598 Augustini
1918 4511 1988 4574 in
2041 4512 2257 4599 priore
2313 4509 2511 4593 libre,
2558 4512 2689 4576 iam
2733 4513 2916 4599 prius
2964 4534 3161 4599 quam

583 4612 798 4676 editus
846 4623 1018 4679 esset
1061 4612 1263 4698 alter,
1310 4615 1745 4701 suspicionem
1790 4623 2131 4679 moverant
2172 4612 2582 4678 Benedictini
2627 4635 2894 4700 operum
2936 4615 3161 4700 Augu-

583 4714 738 4778 stini
794 4712 1075 4781 editores
1123 4715 1525 4802 Antverpiae
1583 4739 1644 4781 a.
1693 4716 1878 4781 1700.
1935 4715 2048 4802 qui
2102 4738 2180 4780 ea
2224 4737 2390 4803 quae
2443 4717 2510 4780 in
2553 4713 2664 4779 illo
2703 4715 2871 4781 libro
2917 4720 3164 4803 scripta

582 4825 734 4881 sunt
787 4815 1159 4903 discrepare
1216 4818 1537 4884 videbant
1590 4818 1675 4884 ab
1729 4817 1831 4883 his
1892 4839 2059 4905 quae
2112 4820 2193 4884 de
2249 4840 2366 4883 suo
2422 4839 2612 4904 opere
2668 4819 3002 4906 professus
3060 4829 3163 4884 est
