3541 5564
493 334 619 399 :276
1618 339 1924 402 POMPEII

542 458 586 497 p.
612 448 790 486 401-03
819 445 860 484 1..

493 527 958 604 praepositiones
1002 525 1411 587 indifferenter
1455 528 1783 606 ponebant,
1834 547 1989 589 nunc
2036 532 2368 590 accusativo
2413 533 2665 603 iunctas,
2714 546 2869 588 {lunc
2916 525 3077 587 abla-

492 629 628 687 tivo.
718 636 877 688 aetas
932 630 1228 707 posterior
1274 629 1385 688 boc
1429 628 1730 707 probavit,
1788 639 1853 689 ut
1908 630 2230 691 debeamus
2275 631 2740 692 animadvertere
2786 630 3076 690 rationem

493 729 839 799 verborum,
887 748 1034 807 quae
1070 729 1243 790 verba
1278 732 1720 809 coniunguntur
1753 732 2103 800 elocutioni;
2154 740 2211 791 et
2254 752 2388 793 cnm
2424 733 2740 794 viderimus
2785 733 3075 792 rationem

492 830 836 905 verborum,
885 833 969 891 sic
1015 832 1548 901 considerabimus,
1597 841 1795 894 utrum
1842 836 2227 894 mutationem
2277 832 2535 894 babeant
2578 835 2703 912 ipsa
2749 833 2953 900 verba,
3001 851 3073 891 an

492 936 989 1011 permansionem.
1083 933 1297 994 deinde
1354 938 1402 995 si
1460 936 1678 1011 videris
1724 935 1902 995 verba
1950 938 2281 1013 significare
2329 938 2748 1001 mutationem,
2797 943 2935 995 tunc
2981 952 3074 994 ac·
3103 955 3129 992 5

492 1038 749 1096 cusativo
807 1040 1033 1105 ntare's;
1090 1038 1138 1097 si
1196 1040 1702 1115 permansionem,
1765 1047 1908 1098 tunc
1966 1037 2239 1100 ablativo,
2332 1046 2395 1099 ut
2451 1046 2587 1117 puta
2647 1056 2762 1114 quo
2808 1036 2983 1096 modo
3028 1037 3076 1094 si

492 1138 653 1197 dicas
708 1158 892 1217 perge
949 1140 1294 1217 proficiscor
1342 1139 1486 1199 vado
1534 1160 1634 1208 eo,
1695 1142 1891 1200 omnia
1949 1141 2052 1198 ista
2102 1141 2481 1201 mutationem
2531 1141 2887 1217 significant.
2980 1139 3077 1214 qui

491 1239 633 1299 dicit
678 1241 956 1317 ‘pergo',
1019 1261 1133 1302 nou
1181 1261 1243 1302 se
1302 1241 1561 1302 ostendit
1606 1244 1664 1301 in
1714 1260 1831 1301 uuo
1878 1240 2008 1300 ioco
2054 1250 2246 1309 stare;
2296 1242 2396 1320 qni
2444 1241 2587 1300 dicit
2633 1241 3074 1318 ‘proficiscor’,

492 1341 747 1401 ostendit
791 1362 855 1402 sc
911 1344 971 1402 in
1028 1341 1278 1403 alterum
1327 1342 1519 1403 locum
1569 1346 1852 1409 transire:
1916 1344 2015 1421 qui
2062 1342 2207 1402 dicit
2250 1342 2427 1409 vatio,
2476 1343 2536 1402 iu
2584 1341 2831 1402 aiterum
2881 1341 3072 1401 locum

491 1445 744 1503 transire
789 1463 852 1503 se
899 1444 1291 1513 demonstrat;
1349 1446 1444 1524 qui
1494 1445 1636 1505 dicit
1681 1466 1781 1514 eo,
1840 1444 2132 1504 similiter.
2224 1464 2366 1522 crgo
2413 1446 2691 1524 quoniam
2738 1446 2846 1503 ista
2896 1442 3072 1503 verba
3102 1460 3150 1496 ιο
3212 1508 3217 1517 ¹

491 1548 684 1605 omnia
733 1548 1117 1607 mutationem
1165 1548 1522 1624 significant,
1583 1546 1638 1606 id
1687 1555 1778 1606 est
1832 1554 2026 1606 actum
2074 1546 2368 1623 quendam
2422 1546 2427 1623 ξ
2477 1545 2701 1607 babent
2747 1557 2804 1605 et
2848 1552 3071 1605 motum

490 1647 814 1725 quendam,
875 1650 1029 1707 scire
1086 1647 1371 1708 debemus
1427 1647 1615 1727 quod,
1673 1650 2203 1728 quotienscumque
2261 1647 2406 1709 baec
2462 1646 2636 1707 verba
2695 1648 2968 1726 ponimus
3013 1647 3071 1704 in

492 1748 853 1815 elocutione,
905 1748 1083 1829 [scire
1116 1749 1297 1810 debes
1329 1749 1515 1830 quod]
1551 1749 1683 1810 illae
1716 1752 2189 1829 praepositiones
2221 1752 2555 1809 accusativo
2602 1752 2943 1827 iunguntur.
3010 1756 3075 1806 ut

489 1860 625 1929 puta
673 1871 741 1911 eo
790 1854 847 1911 in
894 1855 1120 1919 sorum,
1183 1872 1252 1912 eo
1311 1854 1370 1912 in
1430 1850 1761 1920 basilicam,
1820 1871 2005 1931 pergo
2061 1851 2170 1913 snb
2231 1851 2556 1921 basilicam,
2615 1853 2957 1931 proficiscor
3016 1851 3072 1910 in

492 1952 715 2021 vitiam,
765 1956 1107 2031 proficiscor
1151 1957 1212 2015 iu
1260 1956 1486 2020 sorum.
1535 1956 1879 2033 proficiscor
1912 1953 2023 2013 sub
2056 1956 2269 2022 sorum,
2319 1953 2467 2013 abeo
2512 1955 2572 2014 in
2620 1954 2877 2020 donmm,
2926 1951 3073 2011 abeo
3104 1968 3151 2008 ιτ»

489 2055 547 2114 in
598 2055 809 2116 villam.
900 2075 1043 2134 crgo
1103 2055 1338 2134 quando
1395 2057 1476 2114 vis
1521 2054 1836 2133 diligenter
1884 2063 1941 2115 ct
1998 2055 2425 2116 rationabiliter
2472 2058 2554 2115 uti
2601 2057 2726 2114 istis
2770 2055 3074 2133 praeposi·

489 2156 780 2225 tionibus,
842 2166 1109 2218 naturam
1170 2156 1487 2218 verborum
1549 2160 1807 2236 primum
1868 2158 2211 2223 considera,
2260 2165 2319 2217 et
2362 2160 2412 2218 si
2459 2157 2927 2217 consideraveris
2972 2174 3073 2214 na-

488 2266 677 2320 turam
747 2260 1062 2322 verborum
1134 2268 1192 2320 et
1248 2260 1465 2320 videris
1522 2277 1653 2319 esse
1711 2259 1949 2321 mobilia
2007 2267 2064 2319 et
2121 2259 2343 2320 babere
2400 2261 2709 2320 transitum
2756 2256 3071 2337 quendam,

487 2362 641 2420 scire
688 2360 870 2421 debes
914 2360 1071 2441 quod
1121 2363 1450 2421 accusativo
1497 2364 1787 2429 serviunt:
1837 2364 1926 2422 siu
1975 2362 2162 2430 aliter,
2211 2360 2482 2424 ablativo.
2527 2422 2539 2434 ,
2577 2367 2639 2419 ut
2682 2361 2730 2419 si
2777 2359 2938 2419 dicas
2982 2367 3073 2417 sto

486 2461 662 2521 sedeo
719 2482 960 2532 maneo,
1019 2465 1213 2523 omnia
1273 2465 1376 2523 ista
1435 2466 1842 2540 permanentis
1899 2463 2119 2525 babent
2176 2465 2687 2541 significationem.
2778 2463 2877 2539 qui
2933 2459 3071 2519 dicit
3100 2479 3150 2519 so

487 2573 607 2634 ste,
656 2584 774 2625 non
822 2567 1133 2626 transitum
1181 2565 1345 2633 facit,
1394 2566 1494 2625 sed
1543 2567 1603 2625 iu
1649 2567 1781 2626 loco
1816 2574 1933 2634 est;
1984 2568 2084 2646 qui
2128 2566 2268 2625 dicit
2309 2585 2549 2634 maneo,
2600 2583 2717 2625 non
2764 2564 3072 2623 transitum

485 2668 650 2735 facit,
699 2668 799 2727 sed
849 2670 907 2728 in
954 2667 1085 2727 loco
1133 2673 1247 2734 est;
1296 2669 1394 2744 qui
1444 2666 1582 2727 dicit
1625 2667 1834 2735 sedeo,
1885 2667 2173 2727 similitor.
2239 2685 2380 2745 ergo
2427 2666 2717 2727 debemus
2749 2664 2949 2724 dicere
2981 2671 3072 2724 sto

487 2771 542 2828 in
590 2770 750 2838 soro,
810 2781 899 2830 sto
946 2772 1004 2830 in
1055 2767 1323 2837 basilica,
1382 2769 1561 2829 sedeo
1607 2769 1714 2830 sub
1762 2770 1921 2839 soro,
1985 2769 2163 2829 sedeo
2210 2768 2320 2829 snb
2369 2767 2626 2828 basilica.
2719 2768 2916 2828 omnia
2960 2768 3071 2827 ista

485 2874 561 2931 ita
607 2893 669 2932 se
715 2872 963 2940 babent,
1015 2879 1106 2940 ut,
1157 2870 1390 2950 quando
1438 2872 1612 2932 verba
1661 2873 2045 2932 mutationem
2094 2873 2454 2949 significant,
2504 2870 2637 2932 illae
2682 2870 3068 2949 praepositio·

487 2992 593 3032 nes
639 2976 984 3035 accusatin's
1028 2976 1375 3049 iungantur,
1437 2973 1670 3051 quando
1716 2975 2224 3052 permansionem,
2273 2972 2404 3034 iliae
2436 2974 2921 3051 'praepositiones
2965 2971 3067 3032 ab·
3096 2992 3146 3030 ‘25

486 3075 671 3135 iativis
728 3078 1063 3153 iungantur.
1153 3074 1266 3133 boc
1324 3073 1550 3134 scilicet
1605 3074 1679 3135 de
1736 3074 1962 3135 duabus
2015 3077 2171 3144 istis,
2232 3077 2291 3134 in
2351 3082 2408 3133 ct
2462 3074 2603 3142 sub,
2679 3073 2837 3152 quod
2895 3072 3067 3132 hodie

484 3179 816 3255 sequimur,
866 3178 979 3236 boc
1025 3176 1177 3236 dixi:
1227 3175 1402 3235 bodie
1448 3177 1598 3238 duae
1643 3184 1781 3236 suut
1822 3178 2290 3256 praepositiones
2322 3183 2472 3254 quae
2518 3179 2576 3235 in
2625 3175 3065 3252 ambiguitatem

484 3281 754 3348 veniunt,
812 3282 872 3339 in
933 3288 991 3338 et
1044 3277 1183 3346 sub;
1242 3286 1301 3339 et
1356 3297 1468 3356 qna
1524 3288 1647 3339 arte
1709 3287 2020 3356 regantur,
2070 3279 2210 3338 dixi.
2259 3278 2265 3356 Ι
2315 3297 2493 3357 snper
2540 3286 2595 3338 et
2643 3277 2847 3337 subter
2891 3277 3068 3336 bodie

485 3383 848 3441 accusativae
904 3388 1057 3440 sunt.
1150 3399 1267 3439 non
1327 3381 1430 3439 tibi
1490 3380 1648 3450 dico,
1706 3383 1873 3441 istam
1930 3381 1978 3439 si
2034 3383 2113 3440 ita
2175 3382 2472 3460 proferas,
2534 3380 2847 3439 accusativi
2894 3385 2984 3438 est
3030 3399 3063 3429 21·-

483 3483 688 3543 subter
734 3482 827 3542 iiia
876 3501 1016 3542 vero
1063 3481 1330 3550 ablativi;
1375 3502 1496 3542 non
1545 3483 1650 3542 tibi
1698 3483 1830 3542 dico
1878 3482 2033 3542 iliam
2068 3501 2266 3561 super,
2316 3484 2771 3560 ‘superterram
2803 3479 3063 3538 ambulo’
3094 3500 3144 3539 :³0

484 3594 540 3643 et
586 3588 700 3644 ‘sto
745 3603 925 3662 super
971 3587 1183 3651 terra',
1232 3593 1370 3663 puta
1420 3592 1510 3652 ut,
1559 3585 1792 3663 quando
1825 3586 2347 3644 commutationem
2380 3585 2689 3661 siguificat,
2738 3584 3064 3641 accusativo

483 3688 644 3746 dicas
697 3688 897 3754 istam,
959 3695 1059 3746 aut
1122 3685 1356 3764 quando
1404 3689 1915 3764 permansionem,
1973 3684 2222 3745 ablativo
2269 3687 2430 3746 dicas
2475 3684 2653 3745 iilam.
2746 3703 2862 3744 nou
2910 3685 3063 3752 licet,

483 3789 585 3849 sed
633 3792 753 3848 sive.
801 3808 918 3861 eas,
967 3789 1086 3846 sive
1134 3805 1509 3866 permaneas,
1558 3787 1692 3847 iliae
1737 3791 2207 3868 praepositiones
2253 3790 2599 3848 accusativis
2644 3785 2879 3846 casibus
2922 3803 3062 3845 con-

479 3895 821 3968 iunguntur.
914 3907 1055 3965 ergo
1112 3890 1171 3947 in
1233 3897 1290 3946 et
1354 3889 1464 3949 sub
1530 3891 1857 3951 secundum
1915 3890 2071 3950 illam
2130 3892 2420 3950 rationem
2478 3908 2653 3966 quam
2722 3889 2841 3948 dixi
2909 3906 3065 3949 nunc

623 4130 644 4178 1
691 4129 886 4177 iunctas
924 4145 1015 4180 om.
1058 4126 1223 4176 Am:
1386 4130 1416 4176 2
1456 4130 1692 4192 probauit
1731 4129 1872 4179 AClt
1913 4131 2175 4193 usurpauit
2216 4130 2264 4178 B
2432 4130 2461 4176 21
2507 4141 2568 4174 au
2608 4128 2692 4184 (an
2736 4128 2775 4175 si
2819 4129 2866 4176 A
2904 4143 2964 4175 an
3005 4127 3063 4192 (ι)

482 4201 888 4268 permansionem
928 4200 969 4246 si
1011 4198 1416 4262 permansionem
1452 4210 1570 4246 tunc
1597 4199 1817 4247 abiatiuo
1857 4199 2042 4248 deinde
2080 4201 2118 4246 si
2158 4199 2348 4247 uideris
2387 4198 2541 4244 uerba
2579 4197 2871 4260 significare
2904 4210 3064 4245 muta-

479 4275 669 4320 tionem
701 4280 820 4316 tunc
856 4269 1150 4316 accusatiuo
1187 4268 1507 4332 (siguificare
1549 4270 1955 4333 permansionem
1996 4280 2111 4316 tuuc
2151 4270 2373 4317 abiatiuo
2412 4269 2532 4318 add.
2572 4267 2647 4322 Α)
2684 4277 2736 4316 ut
2775 4279 2889 4331 puta
2922 4268 3067 4316 ABG

574 4356 580 4364 ·
620 4342 683 4391 17
714 4341 754 4389 si
792 4357 884 4390 om.
913 4337 1042 4397 AC,
1077 4338 1199 4392 add.
1231 4355 1306 4387 ac
1451 4338 1513 4388 18
1550 4351 1594 4387 et
1635 4339 1792 4386 babes
1831 4349 1879 4387 et
1916 4340 2180 4388 transitum
2218 4337 2387 4388 Rea*
2428 4348 2474 4384 et
2515 4335 2669 4385 babes
2711 4338 2974 4386 transitum
3015 4337 3063 4384 A

617 4411 684 4460 28
721 4413 933 4460 ueniunt
973 4415 1020 4454 et
1060 4409 1107 4456 in
1143 4417 1190 4456 et
1230 4409 1323 4456 sub
1361 4408 1526 4457 ABG
1691 4419 1738 4457 et
1769 4425 1867 4471 qna
1911 4417 2015 4457 arte
2053 4426 2085 4457 a
2124 4419 2171 4457 et
2206 4418 2380 4470 ‹puarte
2417 4409 2464 4455 A
2503 4418 2547 4453 et
2591 4422 2691 4467 qua
2726 4410 2920 4456 ratione
2958 4404 3065 4454 Bc:

618 4481 685 4530 ‘29
723 4479 982 4545 praeferas
1021 4494 1157 4528 corr.
1209 4478 1440 4543 proferas
1480 4478 1520 4526 G
1690 4481 1917 4527 lacunam
1962 4480 2204 4534 indicavi,
2251 4495 2351 4544 qua
2398 4480 2626 4538 exempla
2673 4477 3065 4539 praepositionis

480 4550 654 4599 subter
691 4555 766 4600 vel
800 4551 1085 4600 accusativo
1113 4551 1190 4597 vel
1225 4549 1440 4598 αὺὶαιίυο
1472 4551 1687 4609 iunctae,
1728 4552 1899 4614 qualia
1937 4550 2000 4598 de
2034 4551 2408 4613 praepos-itione
2444 4563 2598 4612 super
2634 4548 2897 4608 acl-§crima
2930 4554 3061 4604 sunl,

480 4622 735 4670 eateidisxe
771 4622 1001 4670 videnlur
1140 4620 1207 4669 :30
1246 4620 1328 4667 itta
1363 4634 1483 4667 uero
1516 4620 1794 4668 accusatiui
1832 4620 1998 4669 ABG
2029 4620 2238 4667 ablatiui
2278 4622 2329 4667 in
2366 4634 2523 4680 marg).
2558 4633 2586 4662 ο
2728 4619 2865 4665 iiiam
2907 4632 3062 4680 snper

480 4703 662 4740 terram
701 4692 746 4739 l›'
886 4689 1085 4736 ambula
1126 4688 1238 4737 AB
1380 4690 1442 4739 31
1484 4698 1560 4737 sto
1598 4683 1752 4753 super
1786 4698 1946 4738 terras
1979 4690 2025 4738 B
2053 4699 2130 4736 sto
2169 4689 2339 4736 subter
2373 4697 2532 4735 terras
2566 4688 2612 4734 A
2651 4697 2729 4735 sto
2768 4689 2864 4735 sub
2903 4697 3060 4734 terras

479 4763 520 4806 l)
627 4773 745 4824 puta
783 4770 834 4809 ut
861 4761 969 4816 (aut
997 4759 1044 4805 A
1066 4758 1136 4818 B)
1171 4760 1370 4808 ambula
1408 4761 1642 4822 quoniam
1681 4760 1942 4821 (quoniam
1982 4776 2073 4811 om.
2108 4759 2173 4820 A,
2200 4758 2322 4807 aad.
2354 4759 2413 4820 (ι)
2444 4759 2884 4805 commutationem
2920 4756 3061 4805 Am:

615 4833 683 4880 32
719 4840 805 4879 aut
844 4830 1078 4893 quoniam
1110 4833 1516 4896 permansionem
1554 4827 1727 4879 ABG
