3541 5564
1551 345 1693 408 Ans
2840 347 2924 411 55

2051 474 2052 477 =
2534 470 2576 511 p.
2607 462 2720 498 1911.
2751 460 2797 497 ιε
2826 456 2871 497 1‘.

341 552 369 593 a
418 536 627 614 primis
672 535 1195 613 significationibus
1241 536 1332 596 his
1378 534 1775 606 descendunt,
1826 536 1899 596 ah
1946 555 2015 598 co
2062 537 2218 615 quod
2266 546 2355 599 est
2397 536 2615 598 sorbeo
2662 545 2720 597 et
2754 556 2920 614 sugo.

344 670 421 678 —
468 638 551 698 Vt
595 638 887 716 pytisso
945 636 1247 698 vacillo:
1294 636 1498 698 vacillo
1547 639 1712 715 quasi
1753 656 1918 717 vago.
1995 638 2093 699 alii
2135 639 2581 719 reprehendunt
2611 640 2920 709 Donatum,
2949 655 3123 717 382,4

343 746 403 800 ut
445 738 519 799 ab
568 758 641 799 eo
687 738 840 819 quod
876 747 965 800 est
994 746 1134 820 poto
1179 747 1401 801 mutata
1448 739 1643 800 littera
1688 742 1913 821 pytisso
1957 761 2066 820 pro
2112 743 2335 821 potisso
2369 741 2608 810 dixerit,
2659 741 2819 803 0131)
2852 759 2921 801 eo
3061 725 3080 735 ’

340 840 492 921 quod
540 849 634 902 est
679 860 855 928 vagor
901 841 1108 903 vacIllo
1154 861 1264 921 pro
1314 842 1541 920 vagillo.
1586 825 1672 885 '—
1717 843 1790 903 Et
1833 863 2012 911 aneo,
2062 843 2217 921 quod
2268 850 2358 904 est
2395 852 2615 919 tremo,
2666 843 2824 906 unde
2868 851 2928 903 ct

291 959 314 998 ⁵
339 952 543 1006 anates
574 944 844 1014 dicimuS,
880 944 1036 1024 quod
1064 946 1129 1005 iu
1158 963 1307 1022 aqua
1340 947 1476 1015 sint,
1502 944 1617 1005 hoc
1643 954 1730 1005 est
1753 947 1815 1006 10
1838 946 2081 1024 frigore.
2115 946 2299 1025 siquis
2332 947 2548 1016 tremit,
2575 965 2723 1007 aneo
2747 945 2920 1017 dicat,

339 1048 449 1108 hoc
479 1055 570 1108 est
603 1055 813 1108 tremo.
848 1081 928 1091 —
961 1048 1107 1109 Con
1120 1065 1344 1127 pesco
1377 1064 1511 1107 con
1533 1050 1819 1127 pescui:
1870 1045 2212 1131 [conpesco]
2246 1046 2575 1108 inchoativa
2605 1049 2715 1109 ista
2748 1046 2922 1108 verba
2951 1068 2979 1115 7

337 1169 455 1211 non
502 1168 634 1210 esse
664 1148 969 1229 xadprobat
1011 1158 1270 1230 tempuS,
1319 1152 1457 1229 quia
1504 1149 1766 1211 diximus
1810 1168 1986 1229 supra
2032 1151 2415 1230 praeteritum
2461 1168 2578 1211 non
2612 1150 2924 1211 admittere

338 1252 689 1313 inchoativa.
752 1269 1042 1331 conpesco
1072 1251 1253 1313 habet
1282 1255 1697 1331 praeteritum:
1740 1250 1750 1333 Ι
1791 1254 1926 1331 quia
1957 1253 2096 1314 l'acit
2126 1254 2473 1332 conpescui,
2520 1252 2654 1312 ideo
2683 1251 2923 1312 inchoa-

340 1356 515 1415 tivum
564 1373 685 1415 non
733 1362 837 1415 est.
884 1389 967 1397 —
1011 1354 1198 1416 Sunt
1241 1372 1421 1432 quae
1468 1356 1836 1434 originem
1892 1356 2004 1416 sui
2060 1373 2199 1414 uon
2256 1353 2564 1425 habent,
2621 1362 2695 1415 ut
2752 1373 2978 1423 con-9

269 1470 312 1509 1⁰
337 1476 602 1518 suesco
649 1458 982 1537 quiesco:
1035 1475 1360 1519 consuesco
1406 1458 1546 1518 sacit
1591 1457 1899 1527 consuevi,
1947 1459 2188 1536 quiesco
2233 1456 2372 1517 13011
2415 1457 2636 1533 quievi,
2686 1456 2822 1515 facit
2866 1462 2925 1515 et

335 1561 663 1639 passivum,
713 1576 1074 1619 consuescor
1127 1558 1200 1619 31)
1247 1557 1378 1619 3110.
1456 1558 1592 1619 ideo
1639 1578 1782 1638 ergo
1838 1559 2171 1621 inchoativa
2227 1577 2345 1619 non
2403 1566 2572 1628 sunt,
2630 1553 2824 1640 quial}
2866 1565 2925 1618 et

334 1662 724 1741 praeteritum
746 1660 968 1721 habent
990 1667 1049 1721 et
1069 1663 1369 1741 passivum
1401 1663 1641 1722 1301001.
1669 1698 1752 1707 -—
1781 1659 2116 1742 [Conpesco
2141 1662 2468 1741 conpescis,
2494 1668 2727 1739 tempus
2751 1678 2921 1739 prae·
2951 1683 2979 1730 7

337 1765 575 1825 teritum
622 1764 953 1842 perlectum
1000 1765 1319 1843 conpescui
1351 1763 1517 1833 facit;
1562 1764 1785 1824 idcirco
1841 1783 1959 1825 non
2020 1763 2249 1825 videtur
2305 1763 2634 1823 inchoativa
2679 1761 2920 1841 forma}

503 1865 706 1926 Prima
752 1866 1086 1944 coniugatio
1130 1868 1192 1927 10
1237 1868 1557 1946 praeterito
1601 1867 1932 1946 inperfecto
1977 1868 2037 1927 in
2086 1865 2220 1927 ham
2268 1867 2413 1935 exit,
2470 1871 2536 1924 ut
2588 1882 2719 1924 amo
2765 1881 2922 1924 ama-

265 1968 501 2038 cham,
550 1969 706 2028 sicut
750 1967 926 2028 audio
972 1966 1247 2029 audibam
1292 1988 1329 2025 s
1380 1987 1450 2028 ex
1494 1970 1817 2048 praeterito
1862 1969 2129 2048 perfecto
2181 1975 2241 2030 et
2284 1966 2443 2028 audii
2502 1973 2561 2026 et
2616 1963 2810 2026 audivi
2868 1971 2927 2025 et

336 2070 570 2131 audisse
618 2078 677 2130 et
720 2069 1028 2131 audivisse.
1107 2070 1367 2132 secunda
1412 2070 1595 2131 doceo
1642 2069 1818 2131 docui
1872 2073 1932 2131 in
1977 2068 2232 2131 solutum
2278 2070 2338 2129 ui
2370 2069 2516 2137 exin
2564 2068 2738 2128 tertia
2783 2085 2923 2127 con-

332 2174 559 2252 iugatio
604 2173 625 2231 i
671 2180 945 2252 correpta
990 2174 1138 2242 exit,
1188 2183 1391 2249 quarta
1438 2172 1755 2253 producta,
1799 2171 1807 2255 Ι
1848 2181 1913 2235 01
1955 2172 2131 2234 audii.
2178 2206 2260 2214 —
2305 2171 2454 2231 Tres
2497 2169 2727 2230 litterae
2773 2186 2923 2245 quac

336 2276 561 2336 faciunt
592 2276 1097 2353 coniugationem,
1146 2294 1178 2336 a
1211 2294 1242 2335 e
1271 2277 1318 2336 i:
1368 2295 1399 2335 a
1434 2292 1585 2353 quae
1614 2276 1901 2356 producta
1934 2284 2048 2345 est,
2097 2276 2158 2334 in
2192 2273 2482 2341 secunda,
2532 2289 2563 2331 e
2597 2277 2656 2330 01
2684 2272 2722 2338 1,
2771 2288 2923 2349 quae

337 2385 648 2458 correptae
695 2385 832 2438 sunt
874 2379 935 2438 in
981 2378 1181 2447 tertia,
1230 2386 1436 2458 quarta
1484 2379 1529 2445 i,
1576 2397 1727 2458 quae
1774 2396 2011 2457 semper
2055 2375 2340 2456 producta
2386 2384 2491 2436 est.

266 2490 315 2532 20
508 2476 702 2541 Verba
747 2478 1062 2541 neutralia:
1112 2481 1268 2540 surio
1299 2480 1533 2541 insanio
1564 2478 1795 2558 pendeo
1826 2481 1989 2558 fugio
2021 2478 2167 2540 cedo
2197 2476 2406 2538 madeo
2437 2476 2681 2555 proficio
2713 2474 2922 2536 delicio

338 2584 510 2644 venio
557 2580 819 2643 succedo
865 2584 991 2642 vivo
1047 2591 1218 2661 gusto
1274 2600 1601 2643 consuesco
1648 2600 1859 2641 maneo
1909 2579 2134 2661 [venio]
2184 2578 2347 2640 caleo
2393 2579 2612 2639 haereo
2658 2596 2916 2656 propero

341 2686 499 2747 valeo
546 2703 729 2745 curro
774 2693 865 2746 sto
912 2683 1090 2746 sedeo
1136 2683 1293 2746 cubo
1339 2683 1661 2745 succumbo
1693 2683 1981 2744 accumbo
2012 2702 2194 2763 pareo
2225 2681 2453 2742 dormio
2484 2679 2709 2760 prodeo
2739 2678 2922 2757 glisco

342 2797 574 2851 reverto
608 2789 807 2849 esurio
838 2787 1089 2849 lucubro
1120 2787 1389 2868 supplico
1420 2789 1683 2849 inmineo
1714 2796 1906 2848 tremo
1937 2786 2074 2847 13110
2105 2787 2324 2847 horreo
2351 2782 2557 2864 vapulo
2578 2790 2739 2844 scato
2762 2779 2922 2842 nubo

474 2976 596 3026 Coti.
628 2976 788 3029 Bern.
826 2973 1231 3028 VI1115*—-6*.
1340 2976 1365 3026 1
1399 2975 1460 3024 31)
1492 2973 1572 3038 eo]
1609 2974 1769 3025 habeo
1876 2976 1908 3024 2
1933 2974 2145 3023 baccillo
2171 2972 2383 3023 buccillo
2411 2972 2555 3034 quasi
2662 2970 2694 3021 3
2721 2969 2920 3035 pytisso

342 3063 428 3112 pro
464 3048 662 3113 pytisso
776 3047 808 3095 4
849 3045 1057 3095 uacillor
1094 3059 1192 3094 non
1230 3043 1421 3110 uagillo
1530 3053 1579 3093 et
1614 3046 1797 3095 303010
1834 3059 1893 3094 00
1933 3045 2070 3106 quod
2172 3044 2204 3093 5
2244 3043 2525 3092 tremitanio
2562 3040 2697 3089 dicat
2732 3038 2829 3089 hoc
2866 3056 2921 3088 es

474 3121 507 3168 8
535 3116 883 3166 inchoativum
912 3131 1009 3165 non
1035 3125 1110 3165 est
1134 3130 1410 3164 consuesco
1440 3116 1583 3177 quies
1611 3130 1889 3165 consuesco
1918 3113 2039 3163 13011
2072 3113 2313 3163 consuevi
2346 3113 2553 3174 quiesco
2591 3110 2713 3159 13011
2748 3109 2918 3173 quicui

344 3188 462 3236 13011
498 3199 546 3237 01
586 3187 851 3252 passiuum
889 3200 1197 3236 consuescor
1222 3185 1283 3233 ab
1312 3184 1413 3234 alio
1445 3187 1572 3234 adeo
1598 3200 1719 3250 ergo
1750 3185 2039 3234 1000031103
2068 3199 2166 3233 000
2205 3191 2323 3232 sunt
2358 3184 2476 3244 quia
2510 3190 2559 3230 et
2591 3179 2917 3246 praeteritum

342 3258 525 3307 habent
563 3266 613 3307 et
650 3258 916 3322 passiuum
953 3257 1146 3306 faciunt
1180 3263 1298 3304 suut
1326 3271 1455 3317 quae
1494 3256 1742 3320 originem
1780 3257 1857 3304 sui
1897 3269 1996 3303 non
2033 3254 2220 3303 habent
2250 3261 2303 3301 01
2340 3267 2616 3303 consuesco
2647 3249 2768 3299 facit
2801 3263 2922 3299 con·

343 3328 484 3378 sueni
533 3328 741 3390 quiesco
778 3326 898 3376 13011
934 3327 1184 3389 conqueui
1223 3339 1529 3375 consuescor
1564 3326 1625 3373 ab
1663 3325 1760 3373 3110
1800 3338 2050 3390 conpesco
2087 3324 2352 3391 conpescis
2531 3321 2593 3372 13
2629 3321 2920 3385 conpescuit

342 3397 525 3447 ideirco
677 3398 739 3447 15
778 3398 843 3445 sit
871 3395 1036 3460 (corr.
1076 3398 1144 3449 al.
1182 3411 1313 3446 man.
1350 3393 1504 3458 sicut)
1542 3396 1693 3444 audio
1839 3395 1903 3446 16
1938 3395 2163 3445 audisset
2198 3402 2248 3443 01
2389 3394 2451 3445 17
2491 3387 2613 3456 tres]
2647 3398 2780 3439 teres

346 3468 407 3518 18
445 3467 633 3516 1301301
669 3482 807 3520 corr.
836 3469 905 3520 al.
931 3483 1061 3521 man,
1094 3473 1210 3514 ·unt
1347 3465 1415 3516 20
1452 3462 1620 3531 fugio]
1666 3464 1697 3513 fi
1741 3466 1789 3513 10
1926 3466 1990 3516 21
2029 3462 2235 3530 haereo]
2277 3478 2393 3513 ereo
2533 3462 2600 3511 22
2638 3457 2788 3523 cubo]
2825 3474 2919 3509 cuo

480 3538 688 3585 dor-mco
830 3537 898 3585 ⁶23
937 3537 1149 3603 lugubro
1189 3536 1383 3600 suplico
1532 3480 1737 3601 horreo}
1774 3551 1917 3584 erreo

478 3730 511 3776 4
548 3724 699 3793 aneo]
741 3727 810 3790 ef.
848 3727 1070 3791 Pompei.
1105 3743 1164 3790 p.
1202 3724 1304 3776 283
1344 3724 1423 3773 ed.
1454 3723 1603 3774 Lind.
1750 3725 1815 3775 14
1845 3724 1908 3773 de
1943 3730 2177 3788 quattuor
2212 3720 2632 3786 coniugationibus
2662 3718 2922 3769 verborum

339 3798 543 3849 uberius
577 3797 674 3849 hoc
701 3800 810 3848 loco
846 3799 1027 3847 dictum
1060 3796 1175 3858 suit.
1251 3795 1345 3844 sed
1379 3810 1440 3844 ea
1476 3796 1528 3843 in
1558 3795 1728 3844 codice
1766 3796 1841 3844 ita
1875 3795 2103 3844 mutilata
2138 3803 2184 3843 et
2217 3799 2461 3855 corrupta
2493 3797 2623 3851 sunt,
2660 3797 2714 3837 ut
2738 3789 2860 3854 quid
2888 3806 2921 3838 a

335 3870 663 3935 yranunatico
697 3867 936 3931 scriptum
966 3868 1127 3930 fuerit
1159 3867 1255 3915 iam
1291 3881 1388 3917 non
1424 3865 1680 3929 adpareat
1848 3864 1912 3915 18
1953 3865 2181 3927 sortasse
2222 3877 2252 3910 a
2298 3876 2428 3924 qnae
2475 3862 2720 3925 producta
2756 3869 2832 3930 est
2869 3860 2917 3907 in

343 3941 532 4005 prima,
578 3954 607 3987 0
656 3953 788 3999 quae
832 3937 1080 4003 producta
1117 3944 1192 3985 est
1239 3938 1286 3983 10
1334 3935 1585 3992 secunda,
1625 3949 1653 3981 0
1691 3943 1740 3984 01
1785 3934 1799 3981 1
1836 3949 1966 3996 quae
2002 3943 2266 3998 correptae
2302 3939 2418 3980 sunt
2456 3931 2504 3978 in
2535 3930 2698 3992 tertia,
2738 3929 2753 3977 i
2790 3942 2920 3990 quae

342 4023 545 4074 semper
581 4007 830 4072 producta
866 4017 942 4055 est
963 4007 1012 4055 10
1037 4016 1214 4068 quarta
1354 4005 1421 4054 20
1453 4004 1645 4054 indices
1678 4003 1938 4054 verborum
1967 4007 2018 4053 in
2054 4004 2223 4053 codice
2250 4004 2322 4052 ita
2351 4001 2528 4065 scripti
2562 4007 2693 4060 sunt,
2723 4005 2779 4047 ut
2804 4013 2920 4049 eon-

340 4080 569 4142 pluribus
598 4093 827 4128 versuum
864 4075 1176 4126 comantibus
1220 4077 1297 4124 vel
1327 4077 1560 4124 columnis
1592 4078 1643 4123 in
1683 4090 1785 4122 una
1814 4091 2011 4139 quaque
2050 4075 2236 4141 paqina
2269 4072 2516 4121 distinctis
2541 4070 2734 4134 singula
2764 4069 2922 4118 verba

341 4165 536 4202 versum
571 4150 817 4212 inpleant.
874 4155 925 4196 et
968 4148 1017 4195 in
1048 4147 1222 4208 primis
1255 4147 1448 4210 quidem
1485 4145 1687 4209 paginis
1718 4144 1915 4193 duabus
1944 4144 2106 4206 (Vllll
2143 4143 2206 4192 6*
2246 4151 2293 4192 et
2334 4141 2389 4203 7)
2421 4148 2666 4204 quaterna
2696 4154 2920 4188 versuum

342 4227 580 4269 comata
616 4219 815 4284 scripta
849 4225 989 4277 sunt,
1026 4219 1078 4266 in
1114 4215 1325 4274 delabus,
1373 4232 1503 4282 quae
1544 4223 1817 4277 sequuntur
1859 4214 2022 4278 (Vllll
2063 4209 2126 4261 7*
2164 4220 2212 4261 et
2242 4211 2302 4274 8)
2347 4212 2479 4264 bina.
2555 4212 2724 4259 ultima
2759 4216 2922 4258 autem

342 4290 687 4356 quaternionis
707 4289 901 4352 paqina
936 4288 1190 4349 scriptura
1223 4295 1390 4337 vacat.
1464 4286 1634 4334 similis
1668 4283 1922 4333 scribendi
1953 4286 2088 4335 ratio
2123 4284 2172 4330 in
2208 4281 2481 4347 archetypo
2508 4281 2672 4343 fuisse
2702 4279 2918 4331 videtur.

343 4363 453 4410 hine
486 4366 640 4409 natus
681 4367 758 4408 est
790 4373 939 4408 error
966 4355 1182 4417 librarii,
1209 4356 1341 4420 quod
1376 4364 1425 4405 et
1452 4358 1503 4405 in
1528 4354 1839 4404 neutralibus
1874 4356 2041 4406 verbis
2070 4353 2331 4416 quaedam,
2364 4366 2491 4415 quae
2526 4350 2600 4398 ad
2623 4349 2923 4411 deponentia

343 4433 419 4481 vel
463 4432 735 4481 eonununia
774 4430 1062 4493 pertinent,
1113 4434 1163 4477 et
1198 4427 1248 4473 in
1297 4425 1650 4488 deponentibus
1679 4438 1775 4472 non
1812 4426 1976 4485 nulla,
2014 4438 2142 4488 quae
2181 4425 2232 4471 in
2271 4420 2593 4470 conmzunibus
2626 4419 2923 4469 collocanda

344 4508 506 4563 erant,
542 4501 754 4563 scripsit
790 4506 844 4548 et
875 4498 1134 4561 conplura,
1168 4510 1300 4561 quae
1331 4498 1409 4546 vel
1439 4497 1634 4559 scripta
1666 4496 1762 4544 iam
1790 4504 1939 4544 erant
1971 4496 2049 4543 vel
2077 4503 2258 4557 postea
2286 4489 2553 4542 scribenda
2589 4497 2763 4552 erant,
2801 4504 2920 4553 per-
2941 4520 2953 4531 -

343 4586 489 4621 verso
517 4572 697 4623 ordine
728 4571 912 4632 posuit.
982 4568 1078 4618 sed
1097 4569 1321 4632 quoniam
1341 4567 1582 4630 genuinus
1607 4564 1867 4614 verborum
1892 4567 2021 4616 ordo
2044 4564 2244 4613 restitui
2267 4563 2447 4626 nequit,
2479 4560 2781 4624 praesertim
2817 4575 2922 4608 eum

345 4658 441 4693 non
462 4643 592 4691 satis
617 4647 827 4698 constet,
853 4653 984 4703 quae
1016 4637 1169 4688 verba
1191 4636 1458 4698 deponenti
1485 4638 1698 4699 formae,
1727 4651 1856 4700 quae
1888 4635 2121 4684 communi
2149 4633 2377 4682 tribuerit
2408 4630 2777 4695 yrammaticu&
2802 4644 2920 4692 per-

347 4713 596 4762 turbatam
630 4710 821 4761 codicis
854 4709 1154 4770 scripturam
1189 4707 1385 4770 reliqui.
1460 4722 1522 4755 ea
1557 4714 1717 4755 autem
1751 4721 1879 4769 quae
1915 4706 2078 4754 alieno
2110 4706 2216 4753 loco
2251 4704 2500 4752 collocata
2532 4701 2608 4749 vel
2637 4715 2797 4762 prave
2838 4715 2921 4749 re-

342 4785 501 4847 petita
532 4788 652 4832 sunt
678 4780 818 4830 uncis
855 4778 1107 4840 adpositis
1130 4778 1303 4827 notavi
1441 4777 1504 4828 21
1546 4774 1714 4844 venio]
1746 4777 1972 4839 sortasse
2008 4788 2165 4824 veneo
2306 4771 2489 4819 haereo
2531 4770 2796 4824 Putschius

346 4852 410 4905 23
446 4866 558 4902 erro
584 4849 769 4920 vapulo
795 4856 963 4898 scateo
987 4846 1268 4897 Putscleius.
