3541 5564
1382 384 1858 446 COMMENTVM
2269 407 2277 427 ·
2837 375 2922 443 93

344 570 465 635 bus
524 567 729 634 relata
782 579 933 633 sunt
985 570 1183 634 etiam
1226 545 1306 631 'in
1353 568 1567 634 Servii
1622 567 2084 633 commentario
2130 564 2450 652 legantur.
2524 564 2722 630 Plinii
2768 589 2920 653 quo-

341 694 467 758 que
525 671 725 736 libros
783 669 967 735 dubii
1022 670 1371 752 sermonis,
1428 693 1511 735 ex
1566 670 1800 757 quibus
1857 692 1989 736 non
2031 668 2212 733 nulla
2255 691 2421 754 quae
2465 667 2727 733 aliunde
2769 677 2924 733 nota

340 796 473 839 non
517 783 671 837 sunt
700 772 1050 859 Pompeius
1092 761 1359 854 attulit,
1384 773 1523 859 ipse
1565 771 1803 856 legisse
1847 771 2139 853 videtur,
2172 770 2554 858 praesertim
2598 792 2744 833 cum
2789 781 2921 835 tam

340 876 653 962 frequens
718 875 946 939 horum
1019 874 1336 939 librorum
1410 875 1718 939 memoria
1790 874 1988 939 etiam
2054 870 2230 959 apud
2293 871 2623 954 inferioris
2689 873 2925 935 aetatis

341 977 804 1063 grammaticos
872 977 988 1060 sit,
1058 987 1132 1040 ut
1198 977 1311 1041 diu
1386 977 1788 1062 superfuisse
1865 974 2199 1062 adpareat.
2286 974 2634 1058 Pompeius
2710 982 2924 1036 autem

341 1078 632 1143 Plinium
678 1078 1059 1144 nominatim
1105 1079 1337 1143 citavit
1383 1078 1632 1160 decies,
1679 1100 1743 1163 p.
1795 1077 1945 1157 107,
1997 1076 2148 1157 154,
2201 1074 2350 1155 172,
2395 1073 2543 1158 202,
2589 1074 2732 1155 221,
2778 1074 2924 1153 237,

341 1181 489 1262 295,
522 1182 670 1261 310,
701 1180 848 1262 418,
882 1181 1028 1245 437.
1074 1203 1268 1267 porro
1314 1202 1760 1268 quaecumque
1806 1202 1890 1243 ex
1921 1179 2219 1243 Caesaris
2265 1176 2345 1240 de
2391 1176 2695 1259 analogia
2736 1174 2923 1240 libris

342 1306 383 1346 a
445 1283 874 1367 grammatico
939 1283 1273 1369 adscripta
1316 1290 1491 1351 ,sunt
1548 1305 1612 1368 p.
1656 1282 1773 1364 27,
1837 1281 1986 1362 108,
2032 1281 2191 1361 230,
2248 1280 2373 1342 233
2427 1277 2675 1360 Plinio,
2733 1299 2926 1363 quem

344 1394 679 1449 auctorem
743 1381 1031 1471 appellat
1097 1407 1159 1471 p.
1214 1384 1360 1465 107,
1432 1383 1670 1448 tribuo.
1760 1383 2040 1447 eundem
2106 1392 2435 1447 auctorem
2500 1382 2794 1466 sequitur
2859 1381 2926 1443 in

341 1485 661 1551 Varronis
709 1485 788 1550 de
832 1486 1180 1571 generibus
1226 1486 1555 1550 nominum
1604 1485 1900 1550 doctrina
1944 1507 2029 1548 ex
2079 1482 2264 1549 libris
2309 1482 2391 1548 de
2435 1480 2657 1567 lingua
2700 1480 2926 1562 latina,

343 1597 417 1651 ut
460 1588 726 1674 opinor,
782 1597 1042 1673 sumpta
1096 1610 1162 1674 p.
1214 1587 1331 1651 143
1389 1597 1454 1650 et
1514 1588 1653 1650 154.
1742 1609 1822 1651 ea
1875 1597 2093 1651 autem
2140 1609 2306 1673 quae
2361 1608 2446 1649 ex
2487 1583 2800 1649 Varronis
2847 1581 2928 1645 de

345 1689 731 1775 antiquitate
788 1688 1154 1753 litterarum
1211 1687 1397 1753 libris
1458 1689 1544 1752 ad
1600 1691 1857 1753 Attium
1915 1690 2161 1775 scripta
2215 1697 2365 1752 sunt
2419 1710 2485 1773 p.
2531 1687 2572 1749 9
2627 1697 2691 1750 et
2735 1683 2829 1747 27‘
2864 1693 2928 1748 et

344 1790 639 1855 eiusdem
685 1792 1075 1856 sententiam
1121 1790 1202 1856 de
1247 1790 1506 1855 nomine
1552 1789 1651 1855 lac
1695 1814 1758 1877 p,
1792 1791 1918 1856 233
1966 1790 2267 1855 Caesaris
2312 1789 2760 1876 disputationi,
2809 1786 2928 1850 hoc

344 1903 443 1956 est
498 1893 738 1958 iterum
783 1891 1032 1975 Plinio,
1093 1891 1309 1958 debet.
1397 1915 1599 1979 quare
1653 1915 1730 1958 ea
1786 1915 2041 1980 quoque
2095 1914 2260 1980 quae
2305 1892 2387 1956 de
2430 1888 2926 1977 pronominibus

343 1993 677 2082 adscripto
723 1993 1043 2059 Varronis
1088 1995 1349 2061 nomine
1392 1994 1598 2059 relata
1641 2005 1794 2060 sunt
1837 2019 1900 2083 p.
1946 1995 2074 2060 239
2116 2018 2243 2060 non
2301 1994 2384 2059 ab
2429 1994 2553 2059 hoc
2595 1993 2762 2078 ipso,
2810 1988 2927 2054 sed

343 2095 448 2160 vel
494 2119 534 2159 a
573 2095 785 2160 Plinio
831 2095 938 2160 vel
983 2096 1066 2160 ab
1112 2094 1239 2161 alio
1286 2098 1644 2161 recentiore
1690 2097 2112 2183 grammatico
2159 2097 2366 2183 petita
2410 2116 2553 2159 esse
2597 2093 2926 2157 existima-

343 2198 578 2263 bimuS.
654 2198 863 2263 Sinnii
909 2197 1249 2282 Capitonis
1293 2197 1530 2264 librum
1576 2199 1657 2266 de
1699 2198 1973 2285 syllabis
2019 2201 2316 2286 quamvis
2362 2199 2456 2262 ita
2499 2195 2931 2282 appellaverit

346 2300 691 2386 Pompeius
738 2323 802 2385 p.
835 2299 952 2378 31,
1009 2300 1193 2385 quasi
1243 2309 1378 2364 tum
1443 2302 1641 2366 etiam
1698 2310 1985 2383 extaret,
2044 2309 2259 2365 tamen
2315 2299 2545 2364 dubito
2590 2321 2742 2363 num
2786 2299 2927 2382 ipse

351 2401 599 2486 legerit.
691 2401 857 2465 liber
901 2400 982 2465 de
1028 2402 1366 2488 synzygiis
1412 2424 1475 2488 p.
1522 2403 1606 2466 60
1655 2403 2037 2467 recentioris
2083 2401 2424 2467 cuiusdam
2470 2401 2802 2486 scriptoris
2847 2400 2928 2463 de

344 2505 564 2568 metris
611 2525 757 2589 esse
799 2502 1093 2582 videtur3
1141 2502 1293 2566 Iulii
1340 2503 1566 2569 Severi
1609 2503 1902 2570 libellum
1947 2505 2029 2569 de
2073 2493 2350 2589 pedibiis
2393 2503 2631 2589 respici
2675 2501 2932 2589 putavit

343 2605 796 2690 Heusingerus
853 2605 921 2668 in
977 2603 1156 2669 Mall.
1215 2605 1462 2670 Theod.
1520 2629 1582 2692 p.
1632 2606 1733 2671 70.
1795 2606 1888 2676 de.
1930 2605 2116 2671 libris
2175 2606 2257 2670 de
2310 2606 2535 2691 figuris
2591 2629 2650 2691 p.
2694 2605 2822 2670 454
2866 2613 2931 2667 et

346 2730 406 2794 p.
453 2707 584 2770 464
627 2706 845 2772 citatis
890 2705 1051 2770 nihil
1097 2717 1375 2773 constat.
1465 2718 1714 2774 restant
1758 2706 2147 2796 Apollonius
2193 2731 2256 2796 p.
2305 2708 2409 2791 96,
2458 2709 2818 2795 Astyagius
2862 2728 2923 2792 p.

344 2811 468 2874 255
527 2819 594 2873 et
650 2832 712 2895 p.
757 2809 913 2890 259,
978 2811 1192 2896 Asper
1247 2809 1538 2876 Sallustii
1595 2813 1917 2897 interpres
1971 2834 2037 2897 p.
2093 2811 2254 2892 395,
2312 2810 2615 2876 Melissus
2671 2833 2732 2897 p.
2781 2809 2924 2889 426,

344 2910 633 2976 Lucilius
688 2935 754 2996 p.
797 2912 956 2994 430,
1002 2911 1272 2976 Verrius
1329 2911 1603 2977 Flaccus
1660 2925 1725 2979 ct
1783 2913 1974 2994 Cat0,
2030 2914 2152 2979 hoc
2206 2924 2306 2978 est
2361 2913 2524 2979 Cato
2594 2934 2633 2976 a
2687 2911 2919 2975 Verrio

345 3014 581 3078 Flacco
626 3015 863 3078 citatus
878 3061 896 3094 ‚
941 3036 1006 3100 p.
1051 3013 1196 3077 449.
1242 3037 1516 3102 quorum
1558 3014 1772 3080 nullus
1820 3025 1950 3097 est,
1996 3038 2185 3103 quem
2229 3021 2367 3101 ipse
2406 3015 2646 3100 legisse
2689 3023 2919 3100 putan-

347 3113 466 3178 dus
514 3117 621 3180 sit.

512 3216 895 3303 Pompeium
941 3219 1198 3283 natione
1241 3218 1543 3283 Maurum
1587 3220 1794 3285 fuisse
1839 3219 2006 3285 vidit
2049 3219 2505 3284 Lachmannus
2551 3221 2619 3284 in
2663 3218 2926 3283 Lucret.

347 3341 408 3405 p.
455 3320 537 3384 28
584 3329 762 3386 certo
810 3320 1015 3406 ipsius
1068 3321 1481 3406 grammatici
1534 3322 1904 3386 testimonio
1962 3345 2152 3404 usuS,
2207 3346 2273 3408 p.
2319 3321 2445 3385 246
2487 3330 2542 3385 si
2600 3333 2927 3399 interroqes

346 3427 508 3485 verbi
558 3443 749 3486 causa
804 3427 879 3486 de
941 3427 1187 3495 Mauro,
1245 3434 1353 3485 aut
1401 3430 1557 3502 siqui
1606 3445 1699 3488 me
1751 3431 2073 3502 interroqei
2125 3430 2232 3487 iste
2287 3421 2487 3495 τΙιοηιὸ
2531 3432 2699 3488 cuias
2741 3424 2923 3495 est?',

348 3531 620 3588 ‘nostras
661 3533 797 3602 est',
832 3530 899 3588 id
923 3537 1011 3588 est
1038 3530 1312 3590 Maurus.
1368 3514 1465 3590 isle
1508 3533 1900 3605 interroqavil
1920 3538 2184 3604 gentem,
2218 3546 2328 3604 eqo
2353 3532 2654 3605 respondi.
2702 3526 2926 3591 eodem

333 3626 632 3713 ‚pertinet
685 3627 883 3690 etiam
938 3625 1138 3709 illud,
1198 3627 1369 3714 quod
1426 3652 1486 3714 p.
1533 3629 1659 3693 426
1715 3630 1889 3693 inter
1942 3628 2104 3693 vitia
2161 3629 2450 3714 gentium
2518 3629 2926 3715 potissimum

345 3727 660 3793 Afrorum
735 3726 1172 3793 labdacismos
1249 3730 1506 3795 notavit
1577 3729 1786 3816 iisque
1861 3730 2297 3795 Romanorum
2367 3732 2472 3796 vel
2544 3731 2927 3795 Latinorum

348 3852 710 3895 sermonem
769 3831 1107 3917 opposuit,
1171 3853 1559 3918 quamquam
1621 3831 1702 3897 de
1757 3832 1987 3899 eodem
2029 3835 2241 3919 gentis
2288 3835 2447 3898 vitio
2498 3832 2692 3921 paulo
2737 3835 2927 3898 aliter

348 3931 639 4018 disputat
692 3933 983 3997 Isidorus
1040 3934 1203 4018 orig.
1246 3933 1281 3997 I
1323 3934 1438 4015 31,
1490 3933 1548 3999 8.
1606 3946 1947 4021 praeterea
1999 3937 2066 4000 in
2122 3936 2461 4022 provincia
2513 3946 2741 4001 natum
2784 3957 2926 3999 esse

347 4033 669 4099 hominem
733 4034 838 4099 vel
907 4035 975 4099 in
1035 4036 1376 4120 provincia
1437 4039 1929 4121 grammaticam
1995 4048 2201 4103 artem
2279 4037 2576 4104 docuisse
2640 4038 2926 4103 indicare

348 4136 656 4201 videntur
710 4158 788 4202 ea
845 4158 1012 4224 quae
1070 4135 1151 4200 de
1206 4137 1659 4202 charientismo
1704 4139 2143 4206 Romanorum
2191 4142 2433 4226 scripta
2476 4150 2630 4205 sunt
2670 4164 2734 4227 p.
2778 4139 2923 4203 478.

348 4242 580 4304 aetatis
627 4249 849 4303 autem
894 4261 1023 4324 qua
1064 4238 1236 4303 vixit
1278 4242 1558 4304 certiora
1616 4241 1861 4306 indicia
1901 4266 2033 4308 non
2076 4255 2228 4308 sunt
2271 4265 2466 4329 quam
2510 4242 2687 4306 haec.
2775 4263 2927 4305 nam

349 4342 399 4404 si
432 4340 645 4406 Servii
691 4342 1223 4406 commentarium
1267 4364 1309 4406 a
1339 4342 1644 4427 Pompeio
1689 4355 2076 4431 usurpatum
2122 4367 2264 4409 esse
2308 4355 2483 4410 recte
2528 4346 2924 4409 demonstra-

348 4445 595 4525 vimus,
655 4444 948 4529 sequitur
1000 4452 1073 4507 ut
1128 4453 1276 4529 post
1319 4445 1560 4529 primos
1607 4468 1809 4510 annos
1855 4446 2066 4531 quinti
2112 4447 2352 4513 saeculi
2397 4448 2667 4526 vixerit,
2713 4468 2922 4532 neque

349 4542 545 4609 alium
602 4546 1013 4631 scriptorem,
1071 4566 1260 4631 quem
1317 4545 1438 4609 hoc
1483 4556 1769 4633 tempore
1811 4548 2181 4615 inferiorem
2223 4549 2428 4614 fuisse
2472 4557 2751 4629 constet,
2796 4570 2924 4613 me-

349 4647 647 4710 moravit.
708 4657 937 4712 contra
976 4648 1184 4733 ipsius
1216 4648 1508 4732 Pompeii
1552 4671 1677 4713 non
1721 4651 1983 4715 invenio
2027 4651 2205 4736 prius
2252 4653 2638 4716 mentionem
2681 4651 2926 4714 factam

351 4769 519 4827 esse,
564 4768 762 4833 quam
809 4770 849 4811 a
877 4748 1128 4814 Iuliano
1162 4748 1480 4813 Toletano
1492 4797 1511 4830 ‚
1558 4750 1668 4835 qui
1700 4752 1824 4817 sub
1857 4751 2049 4815 finem
2081 4755 2336 4839 septimi
2368 4752 2609 4817 saeculi
2641 4752 2922 4838 scripsit,

350 4869 410 4933 p.
443 4850 524 4911 62
569 4854 716 4911 dici!
747 4854 1077 4932 Pompeiae,
1113 4858 1298 4929 plane
1339 4858 1494 4914 selre
1539 4857 1710 4916 debes
1754 4860 1900 4931 quia
1944 4861 2048 4932 qui
2090 4862 2352 4933 aliquam
2397 4877 2523 4919 rem
2567 4860 2787 4934 definit,
2834 4861 2923 4920 ita
