3541 5564
1284 379 1381 440 DE
1425 378 1671 440 DVBIIS
1716 376 2131 439 NOMINIBVS
2863 373 2991 437 579

2635 497 2678 538 p.
2708 486 2854 525 79-81
2886 483 2936 526 H.

583 570 786 630 Funus
830 570 1067 645 generis
1113 568 1341 634 neutri,
1390 568 1601 626 ‘funus
1644 566 1757 625 hoe
1801 567 2206 645 exequimur'.

582 672 773 731 Frons
817 671 1055 747 generis
1099 668 1401 736 seminini,
1451 673 1517 726 ιιι
1560 667 1845 744 Virgilius
1891 666 1982 744 (A.
2030 666 2052 725 l
2103 664 2242 746 166)
2289 667 2518 727 ‘fronte
2551 665 2662 726 sub
2693 667 2984 726 adversa’.

580 772 827 833 Flumen
872 773 1112 849 generis
1156 772 1383 836 neutri,
1433 777 1496 829 ut
1539 770 1836 830 Ausonius
1881 768 2108 828 ‘redite
2156 786 2389 830 rursum
2436 768 2731 828 flumina’.

581 874 788 934 Fatum
834 875 1076 950 generis
1120 874 1346 940 neutri,
1396 878 1459 930 ut
1502 871 1783 949 Virgilius
1831 868 1923 947 (A.
1971 870 2077 930 llll
2120 866 2224 949 20)
2272 872 2422 932 ‘sata
2469 871 2776 949 Sychaei’.

358 991 383 1028 5
578 975 796 1035 Favum
852 977 1093 1053 generis
1147 974 1377 1043 neutri,
1435 981 1499 1034 ut
1553 972 1698 1033 illud
1747 969 1863 1050 (ps.
1917 968 2012 1041 18,
2063 969 2161 1050 11)
2209 972 2424 1051 ‘super
2470 972 2583 1032 mel
2629 980 2689 1031 et
2733 973 2984 1033 savum'.

409 1078 726 1156 pluraliter
771 1084 969 1137 autem
1012 1077 1159 1146 favi;
1204 1080 1291 1137 sic
1335 1080 1396 1134 et
1438 1075 1605 1136 caeli.

579 1179 966 1239 Frumentum
1011 1179 1250 1256 generis
1296 1179 1521 1247 neutri,
1583 1185 1647 1237 ut
1691 1174 1973 1252 Virgilius
2021 1171 2099 1249 (9.
2147 1174 2169 1234 l
2215 1171 2360 1256 315)
2419 1176 2747 1236 efrumenta
2793 1178 2854 1235 in
2902 1178 2984 1236 vi-

411 1280 527 1341 ridi
577 1280 854 1359 stipula'.
945 1282 1030 1340 sic
1077 1287 1138 1340 et
1182 1279 1500 1347 hordeum,
1562 1277 1639 1354 (9.
1687 1277 1711 1337 l
1756 1274 1901 1357 210)
1951 1279 2173 1338 ‘serite
2219 1278 2440 1340 hordea
2488 1276 2495 1357 Ι
2544 1279 2823 1356 campis’.
2898 1280 2986 1338 sic

412 1390 472 1442 et
519 1384 752 1464 vinum:
800 1400 934 1443 nam
980 1388 1042 1441 et
1087 1380 1362 1441 Salomon
1413 1378 1576 1457 (eccl.
1623 1376 1692 1450 2,
1740 1375 1800 1457 8)
1848 1380 1999 1439 dixit
2044 1380 2330 1459 ‘scyphos
2376 1387 2435 1440 et
2481 1398 2690 1440 urceos
2734 1379 2804 1440 ad
2852 1382 2983 1440 vina

341 1501 385 1539 ιο
414 1483 773 1544 fundenda'.
861 1483 963 1543 sed
1014 1481 1333 1561 prohibent
1375 1483 1763 1559 grammatici.
1855 1482 1956 1541 sed
2003 1490 2062 1542 et
2108 1482 2387 1560 Virgilius
2432 1482 2581 1543 dixit
2625 1485 2792 1542 ‘nam
2839 1484 2986 1542 rivis

411 1585 582 1646 mella
637 1585 880 1645 fluent’.
970 1603 1141 1645 omne
1197 1587 1356 1644 enim
1411 1583 1566 1663 quod
1625 1591 1910 1662 pensatur
1964 1586 2025 1643 in
2083 1584 2325 1662 liquidis
2380 1584 2710 1644 masculino
2765 1601 2983 1660 genere

407 1689 779 1764 grammatici
823 1686 1008 1746 scribi
1053 1687 1275 1747 volunt.

577 1788 884 1850 Filomella
951 1790 1190 1866 generis
1253 1788 1556 1856 feminini,
1638 1793 1700 1846 ut
1776 1787 2096 1866 Dynamius
2174 1787 2361 1848 ‘laeta
2427 1787 2643 1848 sedens
2708 1788 2981 1849 filomella

409 1891 677 1952 fronde'.

336 2011 383 2047 ιε»
580 1992 835 2053 Germen
890 1994 1129 2068 generis
1184 1993 1409 2055 neutri.
1469 1999 1534 2052 ut
1589 1991 1878 2051 Iuvencus
1938 1987 1991 2065 (l
2039 1987 2179 2071 703)
2228 1994 2510 2071 ‘proprio
2554 1994 2804 2052 vestitur
2846 2010 2981 2069 ger-

411 2097 569 2154 mine
615 2095 831 2173 pomi'.

581 2196 876 2256 Gaudium
919 2198 1158 2273 generis
1203 2197 1428 2264 neutri,
1476 2202 1540 2254 ut
1584 2194 1730 2255 illud
1776 2193 2185 2254 ‘cumulantur
2229 2195 2442 2271 gaudia
2487 2194 2719 2254 nohis'.

579 2298 835 2358 Gramen
902 2300 1141 2375 generis
1202 2298 1428 2366 neutri,
1496 2304 1559 2356 ut
1614 2296 1897 2374 Virgilius
1967 2292 2069 2371 (A.
2130 2296 2179 2356 ll
2235 2293 2393 2375 471)
2465 2298 2651 2358 ‘mala
2718 2300 2984 2374 gramina

411 2407 611 2480 pastus
630 2403 671 2458 ⁹.

333 2520 382 2557 20
579 2501 823 2562 Gladius
880 2502 1120 2577 generis
1176 2500 1517 2569 masculini,
1578 2508 1641 2560 ut
1697 2499 1976 2560 Sedulius
2033 2498 2078 2578 (1
2128 2496 2265 2580 151)
2325 2500 2627 2561 ‘fervidus
2684 2504 2982 2578 ingentem

408 2604 636 2680 gladius
681 2609 1062 2663 consumeret
1103 2603 1390 2663 hostem'.

581 2705 781 2765 Genus
812 2706 1052 2782 generis
1098 2707 1329 2773 neutri,
1378 2714 1443 2765 ut
1473 2703 1757 2781 Virgilius
1790 2701 1883 2781 (A.
1918 2704 2022 2765 1111
2062 2701 2157 2785 12)
2192 2706 2211 2736 ‘
2232 2724 2420 2782 genus
2450 2724 2579 2765 esse
2612 2706 2892 2768 deorum’
2926 2713 2987 2766 et

410 2808 771 2869 Prudentius
817 2815 1020 2868 contra
1067 2824 1325 2886 paganos
1379 2826 1599 2885 genera
1647 2808 1829 2868 multa
1875 2807 2119 2868 deorum
2166 2808 2484 2869 ridiculum
2531 2827 2682 2869 esse.

581 2910 737 2969 Gens
782 2911 1016 2986 generis
1061 2910 1363 2979 seminini,
1412 2917 1476 2971 ut
1520 2909 1809 2987 Virgilius
1855 2908 1940 2986 (A.
1990 2910 2013 2969 l
2058 2905 2160 2990 67)
2208 2912 2387 2988 ‘gens
2430 2912 2673 2971 inimica
2719 2911 2920 2972 mihi’.

338 3031 389 3069 25
588 3008 597 3091 Ι
646 3010 1025 3089 Gymnasium
1083 3014 1325 3089 generis
1383 3014 1608 3079 neutri,
1669 3013 1824 3072 sicut
1878 3011 2184 3072 balneum:
2242 3014 2304 3071 in
2360 3012 2669 3091 Apollonio
2713 3013 2983 3091 ‘gymna-

413 3112 568 3172 sium
612 3116 825 3190 patet'.

583 3212 796 3273 Guttur
851 3216 1090 3291 generis
1145 3217 1375 3285 neutri,
1434 3225 1498 3276 ut
1549 3215 1839 3293 Virgilius
1898 3213 1999 3292 (A.
2048 3215 2121 3275 Vl
2162 3212 2318 3295 421)
2381 3219 2704 3277 ‘triformia
2750 3225 2986 3295 guttura

414 3315 729 3394 pandens’.
2703 3319 2711 3328 ‘

583 3417 738 3476 Grex
783 3420 1022 3495 generis
1068 3418 1410 3489 masculini,
1460 3425 1521 3478 ut
1552 3418 1914 3479 Prudentius
1946 3417 2122 3497 (cath.
2155 3417 2215 3489 3,
2253 3416 2392 3498 157)
2441 3423 2655 3496 ‘grege
2687 3420 2983 3481 eandido'.

582 3657 613 3702 2
647 3654 789 3704 frons
827 3656 950 3717 Gap.
988 3656 1125 3707 2248
1162 3657 1292 3729 Isson.
1332 3654 1436 3706 204
1599 3657 1629 3705 7
1663 3654 1968 3706 frumentum
2011 3657 2163 3709 Char.
2213 3655 2313 3714 34,
2344 3657 2428 3708 22.
2471 3656 2567 3713 93,
2607 3658 2641 3707 9
2677 3673 2790 3706 exc.
2834 3657 2983 3710 Char.

410 3723 529 3786 550,
570 3725 636 3775 26
675 3723 839 3778 Pm'sc.
879 3726 995 3789 175,
1033 3726 1095 3776 17
1234 3726 1302 3777 20
1334 3725 1540 3792 gladius
1567 3726 1695 3775 Non.
1723 3725 1825 3776 208
1964 3728 2029 3777 27
2068 3735 2242 3793 guttur
2281 3726 2409 3775 Non.
2449 3726 2549 3776 207
2588 3728 2757 3780 Prisc.
2792 3727 2910 3791 155,
2935 3728 2984 3781 7.

416 3796 528 3855 170,
567 3795 591 3844 l
738 3794 805 3845 29
846 3810 973 3860 grex
1007 3797 1138 3846 Non.
1177 3794 1280 3846 208
1318 3797 1469 3850 Char.
1514 3796 1599 3855 92,
1638 3796 1707 3847 29

548 4038 580 4085 2
618 4034 810 4097 frontes
850 4035 943 4083 sub
984 4036 1048 4084 M
1065 4037 1118 4085 V
1122 4038 1170 4086 L
1310 4036 1343 4087 3
1380 4035 1619 4084 auronius
1671 4036 1817 4085 redit*
1852 4035 1913 4084 M
1924 4052 1936 4083 ε
1983 4037 2124 4099 apud
2158 4037 2428 4086 Ausonium
2471 4035 2627 4086 verba
2660 4051 2757 4085 non
2792 4037 2988 4085 inventa

407 4114 522 4156 sunt
661 4105 693 4153 5
729 4103 885 4153 fatum
920 4107 1100 4168 priore
1132 4108 1242 4154 Ioco
1282 4106 1344 4153 M
1479 4106 1514 4155 6
1552 4104 1650 4153 rani
1691 4115 1739 4154 et
1767 4106 1892 4155 caeli
1933 4105 2102 4155 MVL
2243 4110 2275 4156 7
2306 4104 2636 4169 frumentum]
2676 4106 2911 4155 frumenti
2942 4105 2988 4154 L

547 4174 708 4223 uiride
743 4174 929 4240 stipula
967 4175 1096 4224 MV
1129 4175 1293 4224 uiride
1329 4175 1543 4238 estipula
1578 4177 1623 4225 L
1762 4177 1797 4225 9
1827 4176 2051 4240 scyphus
2083 4187 2129 4224 et
2166 4191 2346 4227 urceus
2394 4174 2440 4223 V
2475 4175 2683 4240 sciphus
2721 4185 2770 4224 et
2804 4191 2989 4225 urceus

411 4245 459 4294 L
492 4244 616 4293 schu
656 4244 865 4310 sciphus
903 4252 952 4293 et
997 4258 1176 4292 urceus
1218 4246 1284 4294 M
1431 4243 1495 4295 10
1543 4244 1830 4295 fundendas
1869 4246 1960 4295 sed
2001 4246 2269 4309 prohibent
2315 4244 2410 4293 hoe
2458 4246 2752 4310 grammicis
2790 4245 2837 4294 L

409 4313 679 4380 Virgilius]
725 4329 902 4379 9e0r9.
945 4317 964 4363 l
1007 4315 1101 4366 1:32
1151 4322 1200 4363 et
1246 4315 1437 4380 passim
1487 4314 1610 4363 rivis
1658 4317 1907 4365 currentia
1956 4317 2074 4365 vina
2124 4316 2395 4380 repressit,
2437 4315 2595 4367 bucol.
2633 4315 2683 4377 3,
2722 4313 2790 4363 89
2836 4314 2985 4362 mella

410 4385 565 4433 liniant
595 4384 668 4432 illi
768 4385 829 4435 11
862 4396 1102 4448 pensatus
1128 4385 1176 4433 L
1283 4384 1560 4435 masculino
1598 4383 1806 4451 genere]
1838 4389 1870 4436 l.
1894 4385 2137 4449 singulari
2176 4400 2383 4434 numero
2493 4385 2557 4435 13
2593 4385 2848 4433 dinamius
2881 4385 2990 4435 ML

515 4455 580 4504 15
617 4456 880 4519 germinon
914 4455 1050 4519 pomi
1085 4454 1150 4502 M
1251 4456 1315 4505 17
1352 4454 1666 4504 eomolantur
1706 4454 1764 4503 M
1787 4456 1840 4504 V
1943 4454 2007 4504 19
2042 4469 2224 4519 passus
2264 4457 2310 4504 L
2415 4453 2484 4505 20
2518 4455 2731 4504 sidulius
2760 4455 2890 4503 MV

409 4526 612 4587 ingente
638 4524 703 4573 M
721 4526 773 4574 V
778 4526 826 4574 L
966 4526 1031 4576 22
1070 4539 1184 4572 esse
1217 4539 1308 4573 om.
1341 4524 1407 4573 M
1420 4525 1472 4572 V
1572 4524 1639 4576 23
1664 4526 1933 4576 prudentie·
1964 4540 2135 4573 nomen
2172 4539 2267 4589 quo
2292 4527 2547 4586 pertineat
2576 4540 2673 4574 non
2693 4531 2892 4575 constat
2985 4560 2990 4582 ,

410 4592 688 4641 rediculum
725 4594 769 4643 L
807 4594 1020 4643 ridicula
1050 4594 1161 4644 Ouo
1266 4596 1331 4644 24
1363 4590 1591 4659 inimica]
1634 4595 1777 4643 inimi
1808 4594 1872 4643 M
2008 4595 2075 4644 25
2109 4595 2407 4661 gennasium
2443 4603 2654 4659 utroque
2689 4597 2798 4645 Ioco
2837 4595 2886 4643 L

409 4663 458 4709 in
498 4663 788 4725 appollonio
828 4663 892 4711 M
908 4665 980 4714 V:
1021 4667 1072 4715 in
1104 4666 1397 4715 narratione
1427 4678 1592 4713 eonem
1635 4680 1764 4729 quae
1801 4668 2119 4730 contiyernnt,
2152 4665 2415 4729 Apollonio
2450 4666 2623 4729 Tyrio,
2666 4666 2868 4714 Velseri
2904 4679 2985 4726 op.

410 4733 490 4783 ed.
534 4732 754 4781 Norimb.
793 4751 841 4784 a.
882 4732 1017 4785 1682
1043 4751 1096 4797 p.
1134 4733 1237 4785 686
1272 4734 1443 4782 audite
1478 4734 1642 4790 cives,
1680 4735 1852 4786 audite
1879 4735 2165 4801 peregrini,
2204 4735 2413 4799 ingenui
2454 4743 2501 4784 et
2539 4733 2691 4795 servi,
2728 4733 2813 4798 qui
2853 4734 2983 4782 ablui

411 4801 535 4864 vult,
573 4805 892 4867 gymnasium
930 4814 1085 4872 patet.
1123 4821 1261 4870 quem
1292 4806 1447 4853 locum
1474 4805 1590 4854 milti
1621 4805 1861 4856 indicavit
1888 4804 2146 4868 Hauptae‘us
2310 4804 2376 4854 27
2419 4801 2612 4870 guttur]
2655 4813 2801 4868 guttu
2835 4804 2901 4865 L,
2936 4806 2986 4852 in

408 4886 504 4936 qno
539 4881 715 4939 guttur
751 4900 816 4911 -
853 4877 1082 4941 pandens
1115 4876 1430 4941 transposita
1462 4884 1576 4924 sunt
1605 4883 1722 4938 post
1756 4891 1883 4943 grex
1920 4903 1989 4913 —
2022 4874 2237 4925 candido
