3541 5564
692 341 818 406 484
1798 341 2165 403 EVTYCHIS

744 463 786 505 p.
813 454 899 493 194.
925 452 977 493 95
1005 450 1048 493 L.
2871 458 2912 499 p.
2939 447 3051 488 2185.
3077 448 3130 487 86
3156 444 3204 489 P.

996 532 1186 592 altas
1232 534 1536 592 maritat
1577 529 1923 609 populos:

691 634 810 694 leto
853 634 1033 703 letaS,
1082 632 1327 694 Ovidius
1373 636 1432 694 in
1480 631 1647 695 Ibide

993 738 1273 816 quique
1317 734 1796 815 Lycurgiden
1842 734 2116 794 letavit
2161 742 2231 793 et
2277 732 2548 793 arbore
2595 742 2872 801 natum,

692 838 849 898 idem
882 838 942 898 in
975 837 1054 897 111
1086 838 1638 916 metamorphoseon
1670 835 1825 897 libro
1867 837 2289 914 ‘letataque
2334 853 2648 914 corpora
2694 835 2948 894 vidit’:
2996 836 3269 912 exceptis

691 941 898 1019 paucis
943 941 1151 999 tertiae
1198 941 1660 1017 coniugationiS,
1708 958 1859 1019 quae
1906 946 1965 998 ct
1996 937 2283 1016 disyllaba
2315 945 2452 998 sunt
2482 944 2540 996 et
2570 938 2898 1015 primitiva,
2946 957 2975 996 a
3022 936 3267 1015 quidem
3297 951 3325 989 5

690 1041 1077 1102 antecedente
1136 1048 1297 1101 scato
1351 1043 1557 1110 scatiS,
1617 1041 1756 1100 licet
1800 1059 1918 1100 non
1962 1042 2041 1099 sit
2085 1043 2214 1100 eius
2259 1041 2543 1119 frequens
2588 1058 2758 1108 usus;
2805 1039 2972 1098 cuius
3017 1039 3269 1098 infiniti-

689 1161 826 1204 vum
872 1146 1051 1204 etiam
1094 1144 1409 1204 Lucretius
1453 1145 1515 1203 in
1561 1143 1607 1200 V
1652 1142 1809 1202 libro
1853 1143 2128 1222 protulit,

991 1245 1439 1321 largifluum
1487 1247 1763 1305 fontem
1810 1251 2104 1303 scatere
2153 1251 2369 1323 atque
2417 1261 2805 1322 erumpere
2852 1242 3123 1312 lumen,

691 1366 762 1408 ex
807 1367 923 1426 quo
983 1347 1263 1407 Horatius
1319 1348 1622 1426 participii
1680 1349 2013 1425 praesentis
2057 1347 2454 1407 accusativum
2500 1347 2558 1405 in
2606 1345 2685 1405 111
2729 1344 2885 1405 libro
2929 1347 3268 1406 carminum

683 1451 897 1518 refert,
3295 1462 3349 1500 10

993 1554 1100 1611 sic
1145 1559 1212 1612 et
1258 1551 1547 1630 Europe
1594 1554 1884 1612 niveum
1932 1551 2184 1610 doloso

991 1654 1321 1714 credidit
1365 1661 1580 1714 tauro
1624 1653 1822 1714 latus
1866 1660 1936 1712 et
1981 1661 2384 1713 scatentem

993 1755 1242 1816 beluis
1287 1764 1586 1835 pontum
1632 1756 2066 1835 mediasque
2113 1754 2422 1816 fraudes

989 1857 1256 1936 palluit
1302 1858 1564 1919 audax:

688 1977 720 2018 e
766 1966 964 2018 autem
1021 1961 1206 2021 vocali
1263 1966 1323 2020 et
1366 1978 1398 2019 c
1442 1967 1804 2021 consonante
1861 1959 2249 2020 antecedente
2307 1968 2478 2037 pecto
2524 1968 2696 2019 necto
2742 1960 2914 2019 ilecto
2958 1969 3018 2019 et
3062 1959 3262 2038 plecta
3292 1971 3345 2010 ¹⁵

688 2061 959 2138 antique:
1008 2079 1040 2119 e
1088 2060 1253 2122 brevi
1305 2059 1330 2142 [Ι
1379 2062 1766 2123 antecedente
1815 2063 1957 2130 du0,
2005 2069 2143 2141 peto
2189 2081 2255 2122 ac
2302 2069 2487 2121 meto:
2537 2080 2566 2120 r
2611 2062 2998 2122 antecedente
3045 2062 3261 2121 simili·

688 2168 779 2220 ter
824 2162 968 2231 duo,
1017 2170 1184 2222 verto
1216 2171 1277 2222 et
1307 2171 1519 2224 sterto:
1568 2167 1863 2242 geminata
1907 2171 2097 2225 tante
2143 2186 2177 2225 o
2221 2183 2433 2231 unum,
2482 2165 2680 2231 mitto,
2717 2171 2777 2223 et
2807 2184 2835 2223 s
2867 2163 3259 2222 antecedente

686 2264 1015 2343 aequaliter
1070 2284 1284 2334 unum,
1342 2267 1506 2326 sisto.
1578 2270 1639 2328 in
1696 2276 1791 2328 tor
1833 2286 2065 2346 quoque
2113 2267 2467 2345 deponentia
2514 2265 2603 2324 vel
2648 2254 2979 2325 communia
3026 2266 3259 2343 primae

686 2373 850 2434 sunt,
911 2375 971 2426 ut
1030 2374 1263 2426 scrutor
1320 2375 1502 2427 testor
1558 2375 1852 2437 antestor,
1913 2375 1976 2427 ut
2023 2367 2303 2427 Horatius
2358 2386 2696 2428 sermonum
2751 2366 2906 2427 libro
2951 2366 2974 2426 Ι
3032 2366 3263 2427 ‘licet

687 2470 1123 2527 antestari’.
1190 2477 1470 2530 notantur
1516 2473 1726 2530 tertiae
1774 2472 2210 2547 coniugationis
2255 2459 2480 2550 plector
2526 2470 2848 2548 amplector
2892 2468 3260 2547 complector
3287 2479 3339 2517 20

686 2570 844 2628 nitor
891 2577 1025 2629 utor
1072 2578 1132 2629 et
1176 2570 1248 2630 ab
1295 2572 1383 2631 eis
1428 2575 1783 2651 composita;
1832 2579 2032 2631 vertor
2076 2591 2311 2651 quoque
2359 2579 2418 2631 et
2461 2579 2751 2631 revertor.

855 2670 921 2730 In
978 2690 1077 2740 vc,
1137 2691 1169 2730 v
1225 2673 1409 2733 vocali
1465 2693 1573 2753 pro
1631 2681 1987 2734 consonante
2046 2681 2178 2733 ante
2237 2694 2271 2733 o
2327 2675 2548 2753 posita,
2606 2675 2800 2735 omnia
2844 2675 3073 2753 primae
3120 2682 3260 2733 sunt

687 2775 1153 2852 coniugationis:
1200 2774 1481 2856 pleraque
1528 2778 1689 2838 enim
1734 2785 1870 2837 sunt
1915 2776 2267 2846 derivativa,
2327 2782 2391 2836 ut
2433 2775 2562 2836 levo
2607 2776 2790 2844 levas,
2837 2795 3007 2836 servo
3052 2795 3257 2836 curvo.

686 2883 964 2937 notantur
1020 2879 1240 2958 tertiae¹
1286 2879 1428 2949 duo,
1488 2881 1617 2940 vivo
1675 2881 1855 2946 vivis,
1929 2878 2082 2938 unde
2140 2898 2352 2939 nomen
2408 2886 2499 2938 est
2557 2879 2882 2939 derivatum
2942 2880 3137 2947 vivus,
3198 2886 3261 2938 et

683 2977 812 3038 lavo
854 2978 1026 3047 lavis,
1077 2986 1141 3038 ut
1171 2980 1450 3058 Virgilius
1496 2984 1556 3041 in
1603 2981 1656 3041 X
1700 2979 1858 3040 libro
1894 2976 1903 3061 Ι
1946 2979 2163 3040 ‘lavit
2207 2980 2521 3060 inproba
2569 2988 2763 3041 teter
2807 2999 2931 3039 ora
2978 2984 3255 3050 cruor’,
3285 2990 3337 3030 ²5

661 3078 966 3141 Horatius
1010 3083 1339 3142 carminum
1387 3083 1543 3143 libro
1588 3081 1640 3142 11

988 3182 1350 3263 villaque,
1398 3185 1641 3244 slavus
1686 3203 1896 3263 quam
1942 3181 2250 3244 Tiberis
2295 3185 2504 3254 lavit,

685 3283 843 3343 idem
889 3302 1225 3345 sermonum
1269 3286 1426 3346 libro
1472 3287 1494 3346 Ι

985 3405 1110 3446 ora
1157 3406 1557 3467 manusque
1606 3396 1723 3447 tua
1770 3389 2111 3457 lavimuS‚
2160 3389 2509 3456 Feronia,
2559 3389 2876 3468 lympha;

682 3487 839 3566 quod
884 3495 943 3546 et
987 3489 1214 3567 primae
1261 3491 1702 3576 coniugationis
1741 3491 2072 3560 invenitur,
2123 3491 2415 3551 luvenalis
2458 3491 2612 3551 libro
2657 3491 2680 3550 1
3284 3501 3336 3540 ³⁰

854 3760 880 3810 1
919 3759 1049 3808 altae
1089 3761 1287 3809 maritat
1327 3762 1544 3826 populos
1579 3770 1598 3811 t
1634 3763 1763 3810 altos
1801 3764 1981 3813 marito
2014 3762 2231 3828 populos
2261 3763 2309 3811 P
2342 3763 2472 3812 altos
2510 3764 2672 3828 (corr.
2702 3761 2810 3824 -as)
2842 3761 3048 3810 maritas
3085 3761 3256 3826 (corr.

681 3827 784 3890 -to)
819 3830 1037 3896 populos
1073 3829 1124 3878 B
1289 3832 1321 3880 2
1355 3832 1404 3879 in
1453 3833 1556 3880 ibin
1596 3846 1656 3889 ςε
1698 3831 1789 3886 Ου.
1830 3833 1910 3884 Ῑὺ.
1944 3832 2043 3884 503
2213 3831 2246 3882 3
2284 3831 2493 3898 quique]
2536 3834 2726 3897 quippe
2763 3834 2811 3883 P
2844 3833 3065 3894 quinque
3095 3840 3115 3882 e

688 3898 959 3949 licorciden
990 3915 1129 3953 corr.
1170 3900 1450 3962 ligorciden
1489 3902 1536 3950 B
1570 3902 1917 3968 ligocorgiden
1954 3903 2004 3952 P
2035 3903 2338 3968 ligocorride
2374 3913 2391 3952 ι
2531 3900 2601 3966 et]
2642 3919 2704 3951 ex
2742 3903 2821 3951 Pe
2958 3911 3128 3950 natam
3173 3903 3261 3952 Bt

817 3973 851 4020 4
892 3970 941 4017 in
981 3979 1159 4033 quarto
1206 3969 1331 4020 libro
1368 3971 1840 4037 metamorphoseon
1885 3986 1953 4028 ς.·
1992 3981 2101 4022 met.
2149 3975 2211 4022 ΙΙΙ
2248 3973 2315 4023 55
2490 3974 2521 4021 5
2564 3979 2760 4021 suntet
2795 3971 3049 4036 primitiua
3081 3979 3103 4020 t
3137 3981 3259 4020 eunt

680 4039 967 4104 (superae-r.
1001 4039 1077 4094 et)
1115 4039 1375 4104 primitiua
1414 4040 1462 4088 B
1497 4051 1615 4092 sunt
1660 4043 1908 4107 primitiua
1948 4044 1999 4092 P
2134 4045 2163 4092 7
2201 4043 2350 4090 etiam
2388 4058 2478 4089 om.
2510 4042 2561 4091 B
2699 4043 2751 4091 in
2789 4041 2854 4088 Vl
2895 4041 3021 4089 libro
3055 4041 3167 4091 BP
3200 4043 3254 4090 in

680 4108 772 4157 vll
809 4109 938 4158 libro
973 4109 1054 4170 tf:
1094 4109 1254 4158 Lucr.
1295 4110 1336 4157 V
1374 4110 1477 4160 598
1616 4112 1650 4162 9
1688 4113 1735 4161 in
1779 4113 1843 4161 111
1884 4112 2009 4162 libro
2042 4110 2221 4178 carm]
2260 4114 2342 4176 27,
2376 4112 2441 4162 25
2585 4112 2645 4162 11
2685 4114 2760 4161 sic
2789 4110 2858 4175 et]
2896 4112 3012 4159 citet
3048 4113 3099 4161 P
3125 4113 3258 4160 cicet

679 4187 704 4234 t,
844 4179 1009 4227 niuem
1048 4187 1066 4228 t
1102 4180 1358 4242 niuemqui
1391 4181 1439 4228 P
1581 4182 1642 4231 12
1670 4182 1827 4231 credit
1859 4182 1907 4230 P
2013 4183 2163 4231 latius
2194 4192 2241 4230 et
2276 4183 2323 4230 P
2356 4181 2443 4231 lati
2479 4189 2527 4231 et
2561 4189 2580 4230 t
2721 4182 2783 4232 15
2820 4197 2848 4230 e
2878 4191 3042 4230 autem
3086 4182 3253 4230 uocati

680 4248 1010 4297 antecedente
1049 4257 1098 4296 et
1133 4265 1160 4298 c
1198 4257 1249 4297 ut
1276 4250 1422 4298 flecto
1463 4252 1505 4299 is
1545 4259 1687 4301 necto
1726 4252 1769 4299 is
1810 4260 1954 4316 pecto
1991 4252 2036 4299 is
2075 4268 2098 4299 r
2138 4251 2366 4300 similiter
2401 4251 2725 4300 antecedente
2759 4250 2837 4299 nel
2873 4266 2897 4298 s
2936 4260 2988 4299 ut
3027 4259 3168 4300 nerto
3209 4253 3255 4298 io

680 4326 835 4367 sterto
878 4319 922 4365 is
958 4319 1084 4367 sisto
1120 4320 1164 4368 is
1204 4321 1344 4368 mitto
1382 4321 1427 4369 is
1469 4329 1491 4370 t
1525 4338 1552 4369 e
1587 4332 1752 4371 antem
1794 4330 2101 4371 consonante
2135 4323 2459 4370 antecedente
2500 4322 2776 4383 (superscr.
2816 4317 2870 4382 c)
2912 4321 3085 4369 tertiae
3129 4334 3253 4368 con-

679 4387 955 4451 iugationis
991 4396 1045 4435 ut
1088 4389 1230 4438 ilecto
1270 4389 1333 4437 tis
1370 4400 1515 4439 necto
1552 4393 1616 4442 tis
1656 4400 1802 4454 pecto
1832 4393 1897 4441 tis
1934 4407 1958 4439 r
1997 4391 2228 4439 similiter
2260 4394 2583 4441 antecedente
2621 4402 2673 4439 ut
2714 4400 2852 4439 nerto
2890 4390 2954 4439 tis
2993 4400 3147 4438 sterto
3186 4391 3254 4439 tie

607 4479 610 4480 ⁷
679 4459 959 4518 (superarer.
1007 4460 1079 4508 al.
1114 4475 1175 4511 m.
1233 4473 1257 4506 s
1295 4460 1618 4511 antecedente
1669 4471 1723 4509 ut
1775 4470 1935 4510 mesto
1967 4461 1982 4509 i
2019 4461 2347 4510 antecedente
2395 4461 2473 4517 nt)
2517 4462 2640 4510 sisto
2678 4462 2741 4508 tis
2779 4460 2924 4509 mitto
2961 4460 3024 4508 tis
3061 4460 3140 4508 B:
3180 4461 3250 4521 cs.

680 4528 847 4578 Prisc.
883 4529 916 4574 Ι.
956 4527 1000 4576 Χ
1028 4543 1082 4591 p.
1123 4528 1242 4580 5:36.
1272 4532 1304 4579 5
1337 4544 1448 4594 sqq.
1592 4539 1640 4579 et
1677 4546 1704 4578 c
1740 4539 2048 4581 consonante
2073 4547 2167 4582 om.
2215 4533 2259 4580 Ρ
2398 4531 2461 4581 18
2504 4526 2651 4593 sisto]
2692 4539 2769 4579 sto
2805 4529 2850 4576 Ρ
2989 4529 3055 4579 19
3096 4543 3250 4579 serm.

681 4596 767 4645 lib.
801 4593 841 4661 l]
881 4596 931 4660 9,
960 4597 1028 4648 76
1166 4597 1233 4647 23
1271 4600 1554 4649 deriuatiua
1582 4602 1618 4662 f
1646 4601 1872 4649 deriuata
1902 4600 2020 4648 BP
2155 4602 2221 4650 24
2261 4601 2587 4650 diriuatiuum
2626 4602 2675 4650 P
2810 4599 2877 4649 25
2919 4601 2966 4646 in
3006 4598 3053 4647 X
3095 4594 3246 4663 libro]

677 4681 722 4715 υ.
760 4667 860 4715 727
1001 4666 1068 4716 26
1110 4669 1386 4717 carminum
1426 4669 1553 4718 libro
1590 4670 1811 4719 secundo
1851 4682 1884 4725 ς
1929 4671 2204 4720 carminum
2245 4671 2372 4720 libro
2406 4672 2423 4719 1
2457 4669 2617 4719 BPt:
2652 4685 2807 4718 carm.
2844 4669 2883 4717 ll
2919 4669 2969 4730 3,
3011 4667 3075 4718 18
3182 4668 3249 4715 27

680 4735 902 4799 uillaque
928 4750 961 4793 ς
997 4737 1231 4801 uellaque
1256 4738 1307 4787 B
1343 4737 1571 4802 bellaque
1598 4746 1617 4786 t
1643 4740 1774 4788 bella
1799 4741 1847 4789 P
1949 4742 2213 4802 flauusque
2250 4740 2458 4790 thiberis
2497 4748 2516 4788 t
2621 4739 2689 4789 28
2726 4753 2881 4789 serm.
2910 4739 2995 4791 lib.
3030 4735 3068 4803 l]
3097 4739 3147 4797 5,
3182 4739 3251 4786 24

817 4804 887 4855 29
925 4815 1036 4855 tuas
1072 4807 1147 4858 Pt
1285 4807 1559 4874 pheri-onia
1596 4809 1645 4857 P
1784 4810 1852 4858 :30
1889 4811 2136 4861 luvenalis
2176 4811 2300 4860 libro
2339 4808 2378 4876 1]
2421 4817 2518 4859 sat.
2552 4810 2602 4870 2,
2643 4809 2742 4860 152
