3541 5564
553 387 682 453 542
1579 389 2120 470 [PALAEMOle]

608 512 649 551 p.
679 502 792 541 1378.
822 502 870 540 w
899 499 939 539 ι».
1964 525 1967 526 ⁷

723 581 1068 641 Pronomen-
1102 578 1258 657 quod
1305 578 1524 638 dicitur
1570 579 1726 639 idem
1772 586 1834 639 et
1877 578 2203 639 masculino
2264 586 2324 640 et
2368 587 2582 640 neutro
2627 580 2843 639 servit:
2901 597 3034 639 nam
3080 585 3141 638 et

557 666 713 726 idem
745 665 920 725 homo
951 665 1173 724 dicitur
1218 671 1277 723 et
1321 663 1477 723 idem
1525 669 1778 743 tempus.
1839 667 1890 725 is
1935 683 2259 744 pronomen
2306 666 2391 724 sic
2437 663 2798 733 declinabiS,
2845 665 2897 723 is
2941 664 3136 734 homo,

557 753 688 810 eius
731 753 787 810 ei
834 769 970 809 eum
1017 749 1089 808 ab
1136 769 1234 818 e0,
1283 757 1342 808 et
1386 748 1697 827 pluraliter
1753 751 1794 808 ii
1842 768 2046 809 eorum
2093 751 2182 808 eis
2227 750 2318 810 vel
2361 751 2437 809 iis
2483 769 2584 810 eos
2629 752 2718 810 eis
2761 748 2851 809 vel
2897 751 3002 818 iis;
3047 753 3134 810 l'e-

557 837 848 896 mininum
894 854 962 894 ea
1008 836 1137 894 eius
1192 836 1248 893 ei
1306 852 1434 893 eam
1493 833 1566 893 ab
1624 852 1719 903 ea,
1781 842 1841 894 et
1894 833 2203 913 pluraliter
2249 854 2352 894 eae
2398 853 2602 895 earum
2647 837 2736 894 eis
2779 832 2871 894 vel
2915 836 2992 894 iis
3036 854 3135 895 eas

557 923 646 980 eis
691 920 781 980 vel
826 923 933 988 iis:
981 928 1258 980 neutrum
1302 919 1362 978 id
1410 920 1540 979 eius
1585 921 1639 979 ei
1688 919 1747 979 id
1794 919 1867 980 ab
1914 938 2011 988 eo,
2072 926 2130 978 et
2186 918 2494 998 pluraliter
2550 938 2618 980 ea
2675 938 2881 980 eorum
2925 921 2999 980 iis
3044 921 3134 980 vel
3166 938 3193 978 5

557 1008 646 1066 eis
692 1025 758 1066 ea
806 1006 883 1064 iis
927 1004 1016 1064 vel
1062 1006 1169 1063 eis,
1259 1004 1394 1064 ideo
1439 1003 1594 1064 volui
1642 1004 1754 1063 hoc
1800 1023 2129 1084 pronomen
2188 1003 2547 1064 declinatum
2594 1023 2753 1074 esse,
2813 1006 2950 1084 quia
2997 1006 3142 1065 l'acit

556 1089 854 1170 aliquibus
900 1089 1303 1158 dubietatem,
1354 1092 1674 1167 praecipue
1722 1092 1783 1149 in
1830 1091 2164 1149 accusativo
2210 1108 2370 1149 casu.
2460 1089 2615 1149 unde
2662 1092 2711 1149 si
2760 1089 2868 1150 tibi
2917 1093 3139 1151 mentio

555 1178 740 1236 suerit
768 1176 1027 1234 nominis
1056 1174 1343 1234 neutralis
1389 1176 1449 1233 in
1496 1176 1830 1234 accusativo
1875 1176 2192 1252 singulari,
2240 1177 2327 1234 sic
2373 1175 2552 1243 dicis,
2602 1184 2664 1235 ut
2706 1182 2843 1254 puta
2892 1180 3033 1254 ‘per
3077 1176 3137 1236 id

558 1260 841 1339 templum
887 1263 1307 1328 transeamus’‚
1366 1259 1510 1339 ‘per
1569 1259 1628 1319 id
1687 1260 1929 1339 pelagus
1987 1262 2329 1337 navigemus
2353 1265 2390 1326 ’,
2439 1263 2457 1292 ‘
2474 1278 2582 1338 per
2628 1260 2687 1320 id
2733 1262 2850 1320 iter
2894 1279 3139 1339 progre-

558 1346 845 1406 ‹liamur'.
912 1345 1005 1404 cui
1055 1344 1124 1403 ad
1173 1352 1444 1404 ornatum
1491 1344 1720 1404 adiecta
1767 1352 1857 1405 est
1902 1364 1996 1404 em
2043 1344 2261 1425 syllaba
2309 1353 2370 1403 et
2414 1347 2557 1404 facit
2603 1345 2791 1413 idem,
2839 1364 2954 1405 non
3000 1349 3141 1425 quia
3169 1364 3222 1402 10

559 1430 719 1490 aliud
775 1431 1067 1506 significat
1123 1428 1182 1488 id
1242 1437 1302 1488 et
1358 1429 1518 1489 aliud
1564 1429 1753 1499 idem;
1813 1430 1914 1489 sed
1960 1429 2118 1490 idem
2167 1432 2435 1491 ornatius
2481 1429 2760 1498 dicimuS,
2809 1450 2924 1510 quo
2967 1431 3142 1492 modo

557 1515 827 1595 quidam,
887 1514 1020 1574 dam
1079 1513 1299 1592 syllaba
1357 1513 1430 1574 ad
1486 1522 1758 1575 ornatum
1819 1518 2099 1583 accessit,
2148 1534 2263 1575 non
2311 1516 2452 1594 quia
2497 1515 2655 1575 aliud
2701 1517 2994 1593 significat
3038 1518 3141 1595 qui

558 1608 617 1660 et
663 1599 820 1659 aliud
866 1599 1125 1678 quidam.
1215 1601 1301 1682 sic
1361 1599 1548 1668 idem,
1608 1602 1694 1659 sic
1750 1600 1989 1668 eadem,
2046 1608 2407 1680 acceperunt
2468 1601 2601 1661 dem
2648 1599 2964 1679 syllabam,
3022 1620 3142 1661 non

559 1693 622 1745 ut
665 1683 824 1744 aliud
871 1686 1304 1762 significarent,
1353 1684 1457 1744 sed
1505 1693 1570 1744 ut
1613 1686 1910 1764 euphonia
1956 1697 2140 1745 esset.
2219 1687 2443 1746 etenim
2486 1685 2745 1746 studium
2793 1687 2906 1745 suit
2951 1688 3139 1747 omni-

560 1770 669 1829 bus
714 1771 1005 1829 musicare
1061 1769 1412 1830 latinitatem
1470 1777 1530 1829 et
1585 1770 1643 1829 id
1703 1771 1953 1840 addere,
2011 1771 2168 1849 quod
2214 1773 2274 1831 in
2322 1789 2497 1831 aures
2544 1769 2881 1839 laberetur,
2928 1771 2988 1830 id
3036 1772 3138 1831 de·
3170 1787 3220 1825 ιδ

558 1873 750 1922 mere,
798 1854 955 1934 quod
1001 1854 1303 1915 rancidius
1349 1855 1678 1915 oll'enderet
1723 1856 2011 1916 auditum.

726 1939 895 1999 Dicta
941 1947 1078 1999 sunt
1125 1939 1197 1999 de
1251 1942 1603 2018 pronomine
1658 1940 1777 2001 illa·
1825 1959 1975 2021 quae
2034 1941 2207 2019 paulo
2265 1940 2517 2000 obscura
2574 1941 2882 2010 videntur;
2940 1950 3141 2002 cetera

558 2043 589 2085 a
636 2023 1023 2102 diligentibus
1068 2025 1430 2104 artigraphis
1476 2026 1646 2104 plene
1695 2025 1986 2087 declinata
2033 2034 2198 2094 sunt,
2248 2045 2398 2106 quae
2443 2026 2616 2086 facile
2664 2027 2951 2105 reperiaS.

1656 2195 1753 2256 DE
1799 2194 2050 2257 VERBO

727 2313 1055 2374 Verborum
1116 2316 1266 2375 ratio
1322 2316 1402 2375 ita
1459 2313 1574 2374 lata
1633 2322 1751 2382 est,
1811 2323 1873 2375 ut
1921 2317 2203 2384 nominiS‚
2266 2318 2345 2376 ita
2402 2334 2636 2395 quoque
2695 2318 2975 2376 inusitata
3031 2324 3141 2385 est,
3172 2330 3225 2371 ευ

561 2408 623 2459 ιιι
668 2401 729 2458 in
776 2397 1115 2460 nominihus
1161 2399 1581 2459 demonstravi.
1657 2418 1909 2479 namque
1957 2401 2208 2479 plurima
2255 2402 2318 2460 in
2363 2401 2591 2469 verbis,
2639 2418 2790 2480 quae
2839 2402 3145 2461 rancidule

559 2484 984 2552 audiebantur,
1043 2483 1226 2563 polita
1270 2492 1433 2553 sunt,
1482 2492 1545 2544 ut
1603 2503 1711 2563 per
1768 2485 2117 2546 anomaliam
2177 2483 2412 2544 mollius
2456 2494 2765 2554 sonarent,
2813 2504 2991 2566 quarn
3036 2504 3147 2565 per

562 2576 783 2629 rectam
832 2567 1129 2644 regulam,
1187 2588 1364 2648 quam
1410 2577 1612 2648 postea
1659 2570 1948 2632 dicemus.
2012 2567 2018 2648 Ι
2084 2570 2264 2631 verba
2308 2570 2504 2630 tribus
2549 2571 2740 2643 modis
2785 2573 3143 2650 accipimus:

560 2656 815 2714 dicimus
842 2652 1018 2713 verba
1044 2672 1152 2733 pro
1198 2652 1478 2722 fallaciiS,
1529 2663 1591 2714 ut
1637 2661 1780 2734 puta
1828 2655 2032 2715 ‘dedit
2074 2656 2225 2716 mihi
2271 2655 2520 2725 verba’;
2568 2656 2820 2717 dicimus
2864 2674 2973 2735 pro
3019 2675 3145 2722 serf

561 2737 835 2800 monibus
879 2737 1245 2819 quibusque,
1303 2747 1368 2799 ut
1423 2740 1601 2800 ‘fecit
1647 2739 1826 2800 verba
1873 2741 2149 2813 Cicero'3
2208 2741 2462 2801 dicimus
2518 2741 2698 2803 verba
2759 2741 2932 2810 haec,
2993 2756 3228 2822 quaezs

560 2842 670 2903 per
713 2824 920 2884 modos
977 2832 1036 2883 et
1090 2832 1358 2903 tempora
1416 2834 1474 2885 et
1531 2844 1818 2904 personas
1876 2825 2265 2887 declinamus,
2356 2834 2492 2886 sunt
2546 2836 2743 2887 autem
2789 2828 3147 2907 principalia
3228 2839 3241 2849 ·

561 2908 743 2969 verba
791 2910 979 2969 activa
1026 2912 1259 2987 passiva
1304 2918 1512 2971 neutra
1558 2914 1892 2972 communia
1957 2912 2330 2989 deponentia.
2421 2912 2493 2972 de
2540 2914 2758 2972 ceteris
2801 2931 2941 2972 vero
2985 2912 3148 2973 dice-

563 3013 692 3055 mus
737 2995 870 3055 istis
914 2994 1218 3055 catholicis
1264 3002 1325 3055 et
1368 2994 1751 3073 generalibus
1796 2997 2121 3075 explicatis.
2213 2999 2400 3056 activa
2447 3006 2583 3058 sunt
2627 2997 2845 3077 quibus
2889 3016 2996 3058 nos
3041 2998 3149 3057 ali-

563 3079 705 3159 quid
752 3096 928 3156 agere
974 3080 1404 3157 significamus,
1458 3088 1521 3141 ut
1565 3080 1697 3158 lego
1741 3081 1891 3158 legis
1936 3081 2113 3158 legit,
2162 3081 2361 3142 scribo
2392 3082 2610 3142 scribis
2638 3081 2869 3142 scribit.
2918 3085 3147 3161 passiva

561 3171 698 3225 sunt
742 3182 892 3244 quae
950 3164 1022 3223 de
1081 3166 1288 3225 activis
1345 3174 1696 3235 nascuntur,
1756 3166 1975 3245 quibus
2030 3185 2140 3227 nos
2198 3168 2315 3245 pati
2363 3165 2584 3245 aliquid
2631 3169 3037 3237 enuntiamus,
3085 3175 3232 3226 utao

563 3250 727 3327 legor
783 3249 1001 3325 legeris
1055 3250 1307 3327 legitur,
1367 3250 1598 3311 scribor
1654 3251 1939 3311 scriberis
1994 3251 2303 3312 scribitur.
2393 3252 2686 3313 neutralia
2741 3260 2879 3312 sunt
2931 3252 3152 3331 quibus

563 3353 672 3394 nos
717 3352 826 3394 nec
873 3350 1049 3410 agere
1096 3354 1205 3394 nec
1251 3338 1370 3414 pati
1405 3335 1626 3416 aliquid
1671 3338 2172 3405 demonstramuS,
2223 3345 2297 3417 nt⁸
2332 3337 2509 3397 sedeo
2553 3339 2721 3397 iaceo
2766 3345 2857 3398 sto
2913 3345 2972 3397 et
3016 3338 3147 3406 alia,

563 3422 623 3479 in
670 3418 891 3499 quibus
937 3418 1161 3478 nullum
1209 3423 1509 3497 negotium
1556 3429 1645 3481 est
1691 3441 1799 3481 nec
1847 3422 2058 3499 agendi
2105 3441 2213 3482 nec
2260 3423 2542 3501 patiendi.
2633 3424 2965 3483 communia
3012 3431 3154 3483 sunt

562 3522 712 3583 quae
757 3504 821 3563 in
867 3520 934 3562 or
981 3504 1291 3574 desinunt,
1342 3525 1659 3586 numquam
1706 3509 1766 3567 in
1814 3527 1879 3576 o,
1928 3515 1988 3566 et
2031 3514 2149 3567 tam
2196 3526 2370 3584 agere
2402 3526 2576 3586 quam
2623 3509 2744 3586 pati
2792 3509 3149 3585 significant,

564 3598 626 3649 ut
671 3590 959 3648 criminor
1014 3589 1213 3658 illum,
1272 3593 1559 3652 criminor
1616 3592 1691 3651 ab
1746 3592 1877 3652 illo:
1936 3611 2045 3652 nec
2102 3595 2258 3653 enim
2318 3593 2570 3652 dicimus
2640 3593 2894 3652 crimino
2959 3593 3148 3653 illum.
3182 3609 3235 3649 35

563 3674 1142 3752 deponentia-sunt,
1205 3674 1360 3753 quod
1421 3676 1718 3754 deponant
1775 3680 2178 3756 passivitatem
2238 3685 2297 3736 et
2352 3685 2588 3737 sumant
2644 3679 3032 3745 activitatem,
3093 3686 3155 3737 et

564 3778 698 3818 cum
755 3760 987 3838 passive
1051 3762 1439 3820 enuntientur
1499 3762 1557 3821 in
1608 3779 1636 3818 r
1680 3761 1912 3831 littera,
1973 3762 2124 3822 nihil
2178 3770 2374 3821 tamen
2434 3763 2764 3842 patiuntur,
2813 3762 2917 3823 sed
2962 3762 3155 3822 solum

565 3854 774 3921 agunt,
833 3851 896 3904 ut
955 3842 1148 3904 luctor
1202 3842 1450 3905 luctaris
1506 3845 1790 3916 luctatur,
1852 3850 2130 3907 convivor
2185 3847 2394 3927 loquor
2460 3849 2770 3908 nanciscor
2825 3855 2885 3908 et
2953 3855 3152 3908 cetera

563 3929 722 3990 talia.
813 3947 953 3990 sane
1001 3929 1145 3989 illud
1192 3949 1531 3999 monemuS,
1580 3952 1698 4012 quo
1746 3933 1920 3993 modo
1965 3935 2025 3992 in
2072 3931 2415 3992 nominibus
2473 3934 2662 3993 maior
2718 3935 3018 4013 quantitas
3062 3942 3157 3993 est

563 4013 873 4075 masculini
920 4022 978 4073 et
1022 4016 1294 4075 seminini
1339 4019 1609 4093 generiS‚
1659 4019 1859 4078 neutri
1907 4036 2043 4078 vero
2088 4020 2283 4077 minor
2328 4025 2388 4076 et
2432 4019 2787 4087 communiS‚
2848 4020 2937 4077 sic
2984 4026 3041 4078 et
3089 4020 3151 4078 in
3183 4036 3239 4075 -ιο

568 4098 766 4159 verbis
811 4099 995 4161 multa
1052 4108 1190 4160 sunt
1245 4103 1466 4170 activa,
1527 4102 1706 4162 multa
1766 4121 1954 4183 aeque
2011 4104 2282 4181 passiva,
2331 4121 2449 4162 non
2496 4110 2657 4162 tanta
2704 4103 2995 4163 neutralia
3042 4122 3157 4163 nec

564 4187 903 4260 communia
950 4203 1060 4244 nec
1106 4186 1487 4264 deponentia.
1578 4193 1638 4247 et
1682 4197 1928 4267 propter
1974 4189 2085 4248 hoc
2131 4186 2335 4264 regula
2382 4189 2708 4248 activorum
2753 4189 3154 4267 passivorum-

565 4288 680 4348 que
729 4270 789 4330 in
835 4273 1194 4342 immensum
1241 4272 1526 4332 tenditur.
1599 4282 1937 4334 ceterorum
1984 4291 2125 4333 vero
2172 4272 2486 4333 verborum
2532 4273 2776 4351 regulae
2822 4292 2854 4332 a
2901 4272 3155 4351 diligen-

569 4354 728 4414 tibus
774 4354 1161 4433 colliguntur.

705 4524 738 4575 3
775 4540 862 4575 eos
900 4527 976 4574 eis
1016 4526 1093 4575 vel
1132 4527 1194 4575 iis
1233 4542 1324 4579 om.
1373 4529 1429 4576 V
1560 4527 1594 4593 Q
1630 4525 1766 4593 qnia]
1813 4530 1898 4592 qui
1944 4529 1995 4577 V
2132 4528 2166 4577 8
2204 4544 2291 4592 per
2326 4528 2457 4578 idem
2493 4529 2734 4592 templum
2772 4530 2864 4582 Vs
3002 4526 3036 4577 9
3065 4544 3160 4593 per

568 4596 662 4643 iter
699 4596 1052 4661 pergredimur
1086 4599 1247 4662 Vper
1280 4598 1374 4646 iter
1406 4599 1789 4662 pergrediamur
1818 4610 1850 4652 ς
1960 4596 2020 4649 13
2056 4596 2210 4665 idem]
2249 4598 2426 4648 iisdem
2467 4600 2520 4648 V
2545 4599 2704 4648 isdem
2743 4611 2777 4652 ς
2884 4599 2949 4650 14
2987 4609 3161 4649 essent

578 4665 623 4712 V
734 4666 796 4715 15
834 4667 1072 4734 ipusicari
1113 4668 1265 4716 editio
1293 4667 1617 4729 Basileensis
1724 4668 1978 4718 laboretur
2014 4670 2065 4718 id
2114 4668 2337 4717 demeret
2381 4670 2437 4717 V
2537 4669 2601 4719 16
2641 4668 2935 4719 offendisset
2981 4670 3036 4718 V

572 4734 632 4784 17
660 4735 950 4784 uiderentur
979 4750 1012 4790 ς
1126 4737 1194 4787 24
1233 4736 1435 4786 fallacia
1466 4738 1559 4792 νς
1655 4738 1721 4787 25
1750 4738 1875 4787 haec
1903 4748 1952 4789 et
1986 4754 2116 4802 quae
2152 4739 2246 4792 νς
2348 4739 2415 4789 36
2453 4738 2706 4803 deponant
2730 4739 3079 4801 passiuitatem
3109 4747 3162 4788 et

569 4815 770 4853 sumant
798 4807 1103 4856 actiuitatem
1130 4822 1243 4854 cum
1279 4820 1313 4861 ς
1341 4807 1595 4871 deponant
1623 4809 1937 4873 passiuiiatis
1967 4819 2014 4857 et
2048 4817 2251 4858 sumant
2286 4808 2554 4857 actiuitatis
2579 4818 2627 4858 et
2657 4818 2771 4857 cum
2800 4809 2853 4857 V
2950 4807 3017 4859 39
3048 4824 3158 4857 mo·

573 4888 748 4922 uemur
794 4875 889 4929 Vq
981 4876 1029 4924 in
1069 4876 1302 4925 omnibus
1341 4878 1437 4930 Vs
1533 4877 1596 4926 41
1632 4875 1769 4944 sunt]
1808 4876 2010 4926 suerunt
2047 4889 2080 4933 ς
2176 4892 2334 4939 aeque
2361 4886 2410 4927 et
2440 4878 2647 4943 passiua
2680 4889 2713 4933 ς
2810 4877 2955 4929 43511
2981 4893 3074 4931 om.
3110 4878 3163 4929 V
