3541 5564
1097 346 1439 409 EXCERPT
1443 348 1483 408 Α
1531 348 1631 408 EX
1676 347 1905 408 COMM.
1951 346 2025 408 lN
2072 347 2242 409 DON.
2838 341 2965 407 325

1178 551 1288 626 Ex
1339 486 1582 627 codiee
1634 552 1968 626 Leidensi
2030 555 2168 624 122

556 691 782 751 Artium
841 690 1048 749 Donati
1106 689 1255 750 liber
1313 690 1392 749 ita
1447 708 1480 750 a
1533 688 1834 769 plerisque
1888 689 2122 749 vitiatus
2176 694 2269 749 est
2323 697 2380 749 et
2418 697 2765 775 corruptum
2824 688 2964 749 dum

389 811 539 852 unus
602 793 854 871 quisque
909 810 1017 869 pro
1073 790 1240 851 libitu
1296 810 1404 851 suo
1464 793 1584 851 sive
1643 810 1712 850 ex
1774 790 1901 852 aliis
1955 790 2294 851 auctoribus
2339 791 2494 871 quod
2543 792 2596 849 ei
2642 792 2824 850 visum
2874 797 2966 850 est

391 894 642 963 addidit,
690 896 811 954 sive
844 892 1267 954 declinationes
1298 901 1399 954 aut
1429 894 1876 972 coniugationes
1921 902 1978 953 et
2023 900 2219 953 cetera
2266 892 2440 954 huius
2486 891 2645 953 modi
2688 892 2960 960 inseruit,

337 1003 453 1056 :sut
506 997 618 1057 nisi
675 997 732 1055 in
794 996 1052 1072 antiquis
1106 993 1406 1056 codicibus
1468 997 1558 1056 vix
1616 1013 1804 1074 purus
1860 1002 1919 1055 et
1973 996 2232 1073 integer,
2280 1002 2343 1055 ut
2385 993 2458 1054 ab
2504 1013 2573 1054 eo
2621 1001 2711 1054 est
2755 993 2962 1062 edituS,

390 1100 735 1178 reperiatur.
796 1096 949 1177 quod
999 1116 1071 1157 ne
1117 1117 1224 1158 nos
1269 1117 1504 1179 quoque
1549 1099 1764 1159 secisse
1809 1096 2140 1166 videamur,
2187 1115 2298 1176 qua
2346 1115 2417 1156 ex
2461 1115 2639 1156 causa
2684 1115 2965 1175 praesens

389 1199 808 1277 digesserimus
864 1199 1244 1279 opusculum,
1309 1199 1566 1261 breviter
1625 1201 1686 1260 in
1742 1201 1870 1260 eius
1924 1197 2178 1260 liminari
2233 1196 2503 1277 paginola
2547 1197 2965 1277 exponendum

390 1321 519 1362 esse
565 1303 930 1362 censuimus
1022 1310 1314 1363 noverunt
1369 1320 1576 1364 omnes
1631 1303 1733 1382 qui
1789 1302 1932 1361 artis
1987 1300 2578 1380 liuiusampliorem
2623 1320 2799 1379 quam
2857 1320 2966 1360 nos

391 1404 695 1463 scientiam
754 1406 1006 1465 assecuti
1059 1414 1196 1465 sunt
1253 1404 1407 1482 quod
1468 1405 1729 1483 priorem
1786 1413 1973 1464 artem
2019 1403 2354 1482 praedictus
2399 1403 2714 1480 artigrastts
2758 1401 2834 1463 ob
2878 1403 2966 1463 in·

316 1524 364 1563 10
391 1507 776 1567 structionem
820 1525 1140 1585 puerorum
1171 1504 1283 1567 sub
1313 1507 1797 1584 interrogationis
1843 1514 1901 1565 et
1944 1498 2348 1585 responsionis
2394 1506 2592 1585 specie
2639 1505 2968 1584 descripse-

393 1609 504 1677 rit,
551 1615 728 1687 prout
770 1607 994 1669 scilicet
1038 1610 1290 1687 ingeniis
1321 1616 1379 1668 et
1408 1609 1615 1670 studiis
1645 1610 1735 1669 sui
1765 1610 2052 1687 temporis
2082 1606 2360 1669 sulficere
2404 1607 2695 1669 iudicavit.
2762 1626 2966 1668 verum

389 1713 523 1790 quia
570 1730 678 1771 nos
723 1712 1028 1788 nostrique
1072 1711 1292 1772 similes
1347 1710 1496 1771 adeo
1554 1696 1811 1772 obtunsi⁴
1838 1728 2044 1771 sumus
2090 1718 2146 1770 et
2193 1709 2465 1779 hebetes,
2515 1717 2579 1769 ut
2622 1708 2969 1788 plerumque

396 1812 552 1889 quod
598 1812 952 1891 regulariter
981 1812 1072 1874 vel
1103 1816 1472 1892 interrogare
1517 1813 1606 1873 vel
1653 1812 2019 1892 respondere
2061 1814 2357 1891 possimus
2400 1815 2764 1890 ignoremuS,
2797 1811 2968 1872 libel-

388 1914 506 1974 lum
554 1914 711 1976 hunc
753 1917 913 1976 iuxta
960 1917 1303 1994 parvitatem
1348 1934 1557 1976 sensus
1604 1916 1790 1975 nostri
1834 1913 2183 1992 collegimus
2223 1913 2583 1977 acutioribus
2627 1914 2864 1994 quidem
2912 1922 2973 1973 et

314 2034 362 2073 ιε»
389 2016 793 2095 capacioribus
839 2018 1080 2077 minime
1126 2020 1563 2089 necessarium,
1611 2016 2070 2097 simplicioribus
2129 2036 2267 2077 vero
2316 2023 2373 2076 et
2416 2018 2613 2076 minus
2659 2018 2965 2096 promptis,

389 2125 672 2194 quantum
731 2120 1159 2190 existimamus,
1219 2118 1441 2180 utilem.
1532 2122 1590 2180 in
1640 2137 1757 2198 quo
1818 2126 1877 2179 et
1935 2119 2205 2180 ordinem
2249 2119 2498 2197 praefati
2545 2119 2804 2197 artigrati
2852 2126 2968 2178 tam

390 2220 451 2279 in
502 2220 925 2298 interrogando
971 2240 1145 2301 quam
1203 2223 1264 2282 in
1320 2221 1733 2301 respondendo
1781 2223 2106 2291 tenuimuS,
2167 2229 2227 2281 et
2269 2219 2649 2300 probationes
2692 2220 2972 2299 quasdam

388 2320 751 2399 parvulis‘et
794 2323 1210 2403 incipientibus
1255 2310 1614 2385 necessarias
1661 2343 1732 2385 ex
1778 2323 1962 2384 latere
2008 2320 2439 2404 copulavimus,
2489 2330 2548 2382 et
2592 2329 2790 2381 cetera
2822 2340 2971 2401 quae

387 2423 565 2485 huius
619 2425 778 2485 modi
833 2427 1146 2486 instructio
1205 2433 1484 2506 expetere
1527 2424 1866 2511 videbatur,
1925 2426 2200 2505 quatinus
2245 2423 2474 2503 parvuli
2523 2423 2715 2485 bonae
2760 2422 2971 2484 indolis

311 2544 362 2582 20
389 2525 461 2585 ad
508 2527 677 2587 istius
732 2528 875 2587 artis
929 2546 994 2587 se
1051 2527 1313 2589 studium
1371 2528 1746 2588 conterentes
1805 2546 1871 2587 ea
1917 2527 1992 2587 de
2036 2527 2253 2605 quibus
2297 2528 2723 2603 interrogaturi
2772 2535 2972 2587 essent

389 2636 448 2688 et
491 2631 841 2707 responsuri
896 2630 1008 2709 ipsi
1062 2629 1173 2690 sibi
1230 2629 1597 2710 aliquatenus
1651 2627 1905 2709 probare
1964 2636 2022 2690 et
2078 2628 2386 2709 probando
2432 2627 2661 2689 facilius
2705 2630 2970 2689 invenire

389 2738 657 2810 possent,
717 2739 777 2792 et
831 2731 943 2793 hoc
996 2733 1160 2813 quasi
1217 2730 1355 2793 ludo
1415 2732 1720 2794 exercitati
1777 2740 1836 2793 et
1891 2733 2172 2794 exercitio
2229 2732 2467 2793 excitati
2526 2730 2598 2791 ad
2642 2732 2866 2792 maiora
2914 2739 2972 2792 et

393 2830 657 2912 pleniora
702 2834 989 2915 capienda
1034 2836 1247 2895 fierent
1288 2834 1707 2915 promptiores,

516 3189 523 3202 .
1163 3090 1273 3164 Ex
1325 3091 1566 3165 codice
1618 3092 2033 3165 Lavantzino
2088 3095 2183 3163 24

312 3242 364 3284 25
561 3228 678 3288 Sed
737 3226 1002 3289 Valerius
1058 3228 1140 3289 ait
1195 3227 1685 3289 consuetudinem
1741 3225 2106 3305 antiquitatis
2165 3228 2339 3289 ctiam
2395 3228 2608 3294 fuisse,
2665 3235 2730 3287 ut
2783 3244 2972 3304 paene

393 3367 660 3374 -t-u-——q‘
709 3367 770 3371 »-

535 3434 556 3482 1
604 3433 781 3484 Codex
819 3433 1085 3483 Leidensis
1119 3432 1235 3483 bibl.
1272 3432 1410 3494 publ,
1449 3432 1544 3480 122
1589 3446 1727 3483 saec.
1768 3430 1849 3480 X:
1886 3431 1954 3489 cf.
1985 3432 2165 3494 praef,
2200 3448 2407 3497 gramm.
2439 3448 2485 3485 v.
2516 3432 2581 3480 tv
2613 3447 2670 3494 p,
2700 3430 2892 3481 XXXI.
2926 3432 2970 3493 f.

391 3503 460 3553 98
497 3503 695 3554 Artium
732 3502 907 3552 Donati
948 3503 1073 3552 liber
1114 3529 1178 3538 -—
1219 3503 1396 3551 tierent
1431 3501 1786 3568 promptiores.
1830 3500 1840 3567 Ι
1882 3516 2135 3552 cosanum
2168 3517 2529 3552 casuum-tras
2565 3517 2707 3551 saris
2749 3499 2758 3565 Ι
2802 3501 2973 3550 Partes

394 3575 637 3624 orationis
675 3581 796 3636 quot
833 3576 986 3623 sunt?
1025 3581 1155 3622 octo.
1195 3573 1359 3635 quae?
1394 3586 1575 3621 nomen
1606 3586 1882 3635 pronomen
1923 3572 2135 3620 uerbum
2160 3571 2814 3637 aduerbiummparticipium
2852 3586 2971 3620 con-

395 3644 578 3693 iunctio
618 3644 930 3708 praepositio
977 3643 1274 3695 interiectio,
1332 3641 1560 3692 Donatus
1597 3656 1727 3703 quae
1763 3656 1882 3705 pars
1920 3642 2163 3691 orationis
2200 3644 2312 3692 est?
2358 3657 2556 3695 nomen.
2628 3657 2808 3691 nomen
2849 3642 2973 3703 quid

394 3723 470 3763 est
503 3740 573 3750 —
605 3714 652 3775 Γ.
698 3714 796 3764 107
835 3722 951 3764 sunt
988 3722 1037 3763 et
1074 3713 1201 3762 aliae
1241 3710 1487 3777 plurimae
1534 3712 1939 3760 interiectionum
1978 3710 2379 3775 significationes
2412 3727 2541 3776 quae
2580 3721 2745 3761 tamen
2788 3727 2853 3760 ex
2893 3711 2972 3760 his

393 3792 628 3845 quattuor
665 3785 819 3833 ueluti
858 3784 1159 3848 quibusdam
1198 3783 1635 3848 perturbationum
1667 3780 1892 3831 fontibus
1929 3781 2190 3830 dimanare
2234 3791 2523 3833 noscuntur.
2600 3783 2975 3833 commentarius·

394 3855 443 3902 in
478 3854 667 3903 Donati
701 3861 859 3904 artem
888 3856 1121 3905 minorem

532 3940 596 3987 24
627 3939 805 3989 Codex
836 3940 1154 3989 Lavantinus
1188 3939 1253 3989 24
1289 3936 1393 4002 (L)
1432 3951 1568 3987 sace.
1611 3937 1709 3986 lX:
1747 3937 1819 4000 cf.
1855 3937 2027 4000 praef.
2061 3933 2269 4003 ,qr-amm,
2308 3954 2355 3990 υ.
2396 3938 2463 3986 tv
2498 3955 2553 4002 p.
2598 3938 2759 3988 XLlX
2794 3939 2836 4000 s.
2874 3936 2974 3989 21*

394 4010 445 4059 ln
482 4009 683 4058 nomine
713 4018 917 4059 sanctae
956 4008 1194 4059 trinitatis
1233 4008 1410 4072 incipit
1447 4008 1699 4071 expositio
1730 4007 1992 4056 latinitatis
2023 4005 2032 4074 Ι
2064 4009 2210 4057 tertia
2247 4007 2380 4072 incip
2411 4011 2575 4073 expos
2602 4011 2652 4057 in
2685 4009 2871 4059 donato
2898 4007 2973 4071 (2²)

394 4079 403 4144 Ι
437 4079 650 4128 Domine
685 4079 797 4128 Iesu
837 4078 1043 4138 christe,
1077 4078 1164 4142 qui
1203 4093 1294 4128 nos
1321 4086 1432 4127 octo
1459 4087 1573 4127 tuas
1610 4076 1876 4141 discipulis
1913 4092 2025 4125 curn
2066 4079 2165 4126 tuis
2203 4078 2541 4127 beatitudines
2575 4079 2755 4127 docere
2791 4078 2974 4143 digna·

389 4160 472 4198 tus
509 4163 584 4208 es,
629 4149 872 4198 orationis
906 4149 1122 4214 partium
1162 4149 1368 4198 totidem
1403 4146 1584 4197 Donati
1621 4146 1941 4212 grammatici
1985 4146 2107 4196 mihi
2145 4148 2408 4198 scientiam
2450 4148 2516 4197 ad
2552 4156 2667 4197 tuae
2707 4162 2973 4199 ornamen-

389 4227 492 4267 tum
532 4218 814 4284 sapientiae
858 4227 906 4267 et
949 4218 1168 4284 proximi
1208 4218 1490 4283 profectum
1523 4216 1711 4266 uolenti
1748 4216 2215 4281 expossitiunculae
2254 4231 2395 4266 meae
2435 4217 2672 4269 stillulam
2706 4218 2973 4267 infundere

389 4288 588 4355 gratiae
625 4296 738 4336 tuae
779 4303 870 4352 per
907 4289 1145 4353 spiritum
1184 4289 1315 4338 scire
1350 4288 1412 4352 (Ι.
1450 4287 1706 4348 sanctum)
1746 4294 1942 4350 prestes
1979 4314 2042 4322 —
2075 4288 2118 4350 f.
2153 4290 2219 4336 42
2255 4287 2425 4337 nolitis
2469 4303 2654 4350 quesso
2694 4295 2811 4353 post
2847 4302 2974 4349 quo·

391 4358 620 4407 rumdam
661 4358 982 4421 eloquentiae
1021 4359 1209 4407 eximia
1245 4368 1293 4407 et
1341 4357 1830 4409 scientiae.tlumina
1874 4371 2037 4404 meam
2079 4357 2319 4407 stillulam
2359 4358 2409 4405 in
2448 4358 2626 4408 Donati
2668 4367 2801 4407 artes
2839 4358 2971 4407 deci-

390 4429 542 4477 duam
605 4428 788 4477 habere
845 4430 1173 4493 contemptui.
1248 4429 1554 4492 quicumque
1610 4428 1744 4476 enim
1795 4427 1994 4476 lectioni
2036 4427 2239 4476 deditus
2286 4426 2413 4476 haec
2461 4428 2638 4477 eadem
2695 4427 2974 4490 eodemque

388 4497 564 4563 possui
613 4498 786 4547 sensui
829 4498 1168 4547 intellexerint
1210 4499 1273 4564 (1.
1313 4498 1490 4548 eodem
1539 4511 1639 4559 quo
1685 4497 1833 4562 posui
1870 4511 2022 4546 sensu
2064 4497 2419 4558 intellexerit),
2459 4498 2734 4562 quaerendi
2772 4498 2870 4547 alia
2910 4498 2976 4546 ad

391 4568 575 4617 Donati
613 4567 886 4616 editionem
919 4567 1289 4633 explanandam
1325 4567 1641 4633 grammatici
1679 4568 1954 4616 secundam
1996 4582 2204 4617 securus
2241 4576 2375 4617 esset
2402 4568 2452 4632 (ἲ
2476 4570 2509 4618 l.
2534 4566 2675 4630 erit).
2718 4568 2817 4616 nisi
2843 4567 2975 4616 sorte

391 4645 508 4686 sunt
547 4637 755 4700 quidam
794 4639 1083 4704 indigentes
1112 4639 1282 4700 corde,
1314 4639 1398 4700 qui
1439 4638 1583 4702 prius
1610 4637 1758 4686 finem
1802 4639 1933 4686 uitae
1964 4637 2225 4686 inueniunt
2251 4654 2400 4701 quam
2436 4639 2806 4702 quaestionum.
2848 4652 2975 4701 quo-

391 4722 501 4756 rum
544 4721 675 4756 unus
716 4748 727 4760 .
761 4747 773 4760 .
799 4750 811 4761 ,
841 4750 852 4762 ,
967 4750 978 4762 ,
1006 4750 1017 4762 ,
1052 4710 1139 4773 ait,
1179 4723 1269 4773 pro
1306 4707 1452 4758 dolor
1488 4707 1690 4771 quando
1730 4708 1884 4774 incipi
1921 4707 1983 4770 (l.
2023 4707 2232 4773 incipio)
2271 4709 2400 4757 scire
2439 4718 2555 4758 tunc
2597 4708 2785 4773 incipio
2824 4707 2969 4761 mori,

391 4777 514 4824 tinit.
549 4778 704 4826 Prius
733 4777 1062 4842 fraymentum
1087 4795 1114 4827 e
1142 4779 1470 4842 praefatione
1492 4779 1829 4829 commentarit·
1851 4777 1914 4826 de
1938 4779 2186 4828 latinitate
2207 4781 2408 4839 petitum
2432 4796 2460 4828 e
2493 4780 2669 4830 codice
2705 4778 2976 4839 descripsit

391 4847 650 4898 Martinus
688 4847 962 4907 Hertzius;
1000 4851 1208 4900 alterum
1243 4850 1423 4901 editum
1460 4856 1535 4899 est
1577 4851 1717 4899 anal.
1750 4864 1955 4914 yramm.
2005 4847 2224 4902 Vindob.
2254 4864 2312 4912 p.
2353 4849 2455 4900 514
2609 4849 2675 4900 25
2713 4845 2966 4916 Valerius]
