<?xml version="1.0" encoding="UTF-8"?>
<!DOCTYPE html PUBLIC "-//W3C//DTD XHTML 1.0 Transitional//EN"
    "http://www.w3.org/TR/xhtml1/DTD/xhtml1-transitional.dtd">
<html xmlns="http://www.w3.org/1999/xhtml" xml:lang="en" lang="en">
 <head>
  <title>
</title>
<meta http-equiv="Content-Type" content="text/html;charset=utf-8" />
  <meta name='ocr-system' content='tesseract 3.04.00' />
  <meta name='ocr-capabilities' content='ocr_page ocr_carea ocr_par ocr_line ocrx_word'/>
</head>
<body>
  <div class='ocr_page' id='page_1' title='image "./grammaticilatin10keilgoog_0690.png"; bbox 0 0 3541 5564; ppageno 0'>
   <div class='ocr_carea' id='block_1_1' title="bbox 638 348 2095 412">
    <p class='ocr_par' dir='ltr' id='par_1_1' title="bbox 638 348 2095 412">
     <span class='ocr_line' id='line_1_1' title="bbox 638 348 2095 412; baseline -0.001 0"><span class='ocrx_word' id='word_1_1' title='bbox 638 348 762 412; x_wconf 74' lang='lat'><strong>682</strong></span> <span class='ocrx_word' id='word_1_2' title='bbox 1748 349 2095 411; x_wconf 80' lang='lat' dir='ltr'>ADDENDA</span> 
     </span>
    </p>
   </div>
   <div class='ocr_carea' id='block_1_2' title="bbox 643 536 3226 944">
    <p class='ocr_par' dir='ltr' id='par_1_2' title="bbox 643 536 3226 944">
     <span class='ocr_line' id='line_1_2' title="bbox 643 536 2837 603; baseline -0.002 -15"><span class='ocrx_word' id='word_1_3' title='bbox 643 540 720 597; x_wconf 82' lang='grc'><strong>15,</strong></span> <span class='ocrx_word' id='word_1_4' title='bbox 744 541 772 588; x_wconf 85' lang='grc'><strong>7</strong></span> <span class='ocrx_word' id='word_1_5' title='bbox 845 538 943 595; x_wconf 89' lang='lat' dir='ltr'><strong>hic,</strong></span> <span class='ocrx_word' id='word_1_6' title='bbox 970 538 1374 603; x_wconf 83' lang='lat' dir='ltr'><strong>lioc&#39;pronomen</strong></span> <span class='ocrx_word' id='word_1_7' title='bbox 1402 563 1463 573; x_wconf 91' lang='lat'>-</span> <span class='ocrx_word' id='word_1_8' title='bbox 1490 538 1786 587; x_wconf 84' lang='lat' dir='ltr'><strong>adverbium</strong></span> <span class='ocrx_word' id='word_1_9' title='bbox 1814 545 1892 586; x_wconf 91' lang='lat' dir='ltr'><strong>est</strong></span> <span class='ocrx_word' id='word_1_10' title='bbox 1917 539 2300 602; x_wconf 77' lang='lat' dir='ltr'><strong>transponenda</strong></span> <span class='ocrx_word' id='word_1_11' title='bbox 2323 545 2439 587; x_wconf 75' lang='lat' dir='ltr'><strong>sunt</strong></span> <span class='ocrx_word' id='word_1_12' title='bbox 2460 543 2580 602; x_wconf 76' lang='lat' dir='ltr'><strong>post</strong></span> <span class='ocrx_word' id='word_1_13' title='bbox 2606 538 2665 586; x_wconf 88' lang='lat'><strong>12</strong></span> <span class='ocrx_word' id='word_1_14' title='bbox 2691 536 2837 585; x_wconf 85' lang='lat' dir='ltr'><strong>audis</strong></span> 
     </span>
     <span class='ocr_line' id='line_1_3' title="bbox 744 603 3225 670; baseline -0.001 -16"><span class='ocrx_word' id='word_1_15' title='bbox 744 608 803 656; x_wconf 87' lang='grc'><strong>19</strong></span> <span class='ocrx_word' id='word_1_16' title='bbox 839 622 868 654; x_wconf 87' lang='lat' dir='ltr'><strong>a</strong></span> <span class='ocrx_word' id='word_1_17' title='bbox 894 622 994 667; x_wconf 89' lang='lat' dir='ltr'><strong>quo</strong></span> <span class='ocrx_word' id='word_1_18' title='bbox 1020 608 1097 654; x_wconf 90' lang='lat' dir='ltr'><strong>vel</strong></span> <span class='ocrx_word' id='word_1_19' title='bbox 1125 621 1153 654; x_wconf 88' lang='lat' dir='ltr'><strong>a</strong></span> <span class='ocrx_word' id='word_1_20' title='bbox 1179 607 1289 669; x_wconf 90' lang='lat' dir='ltr'><strong>qui:</strong></span> <span class='ocrx_word' id='word_1_21' title='bbox 1324 607 1575 656; x_wconf 83' lang='lat' dir='ltr'><strong>ablativus</strong></span> <span class='ocrx_word' id='word_1_22' title='bbox 1608 606 1881 670; x_wconf 83' lang='lat' dir='ltr'><strong>singularis</strong></span> <span class='ocrx_word' id='word_1_23' title='bbox 1917 606 2110 669; x_wconf 83' lang='lat' dir='ltr'>duplex</span> <span class='ocrx_word' id='word_1_24' title='bbox 2144 614 2235 658; x_wconf 86' lang='lat' dir='ltr'><strong>est.</strong></span> <span class='ocrx_word' id='word_1_25' title='bbox 2288 621 2443 667; x_wconf 83' lang='lat' dir='ltr'><strong>quare.</strong></span> <span class='ocrx_word' id='word_1_26' title='bbox 2478 614 2527 654; x_wconf 88' lang='lat' dir='ltr'><strong>et</strong></span> <span class='ocrx_word' id='word_1_27' title='bbox 2551 604 2821 654; x_wconf 82' lang='lat' dir='ltr'>ablativum</span> <span class='ocrx_word' id='word_1_28' title='bbox 2850 603 3098 669; x_wconf 79' lang='lat' dir='ltr'><strong>pluralem</strong></span> <span class='ocrx_word' id='word_1_29' title='bbox 3125 604 3225 651; x_wconf 88' lang='lat' dir='ltr'><strong>du-</strong></span> 
     </span>
     <span class='ocr_line' id='line_1_4' title="bbox 846 671 3226 740; baseline -0.002 -17"><span class='ocrx_word' id='word_1_30' title='bbox 846 674 1027 740; x_wconf 89' lang='lat' dir='ltr'><strong>plicem</strong></span> <span class='ocrx_word' id='word_1_31' title='bbox 1056 673 1227 729; x_wconf 78' lang='lat' dir='ltr'><strong>habet,</strong></span> <span class='ocrx_word' id='word_1_32' title='bbox 1253 689 1282 722; x_wconf 90' lang='lat' dir='ltr'><strong>a</strong></span> <span class='ocrx_word' id='word_1_33' title='bbox 1310 675 1422 735; x_wconf 87' lang='lat' dir='ltr'><strong>quis</strong></span> <span class='ocrx_word' id='word_1_34' title='bbox 1451 675 1527 722; x_wconf 84' lang='lat' dir='ltr'><strong>vel</strong></span> <span class='ocrx_word' id='word_1_35' title='bbox 1553 690 1581 722; x_wconf 92' lang='lat' dir='ltr'><strong>a</strong></span> <span class='ocrx_word' id='word_1_36' title='bbox 1608 675 1809 738; x_wconf 78' lang='lat' dir='ltr'><strong>quibus,</strong></span> <span class='ocrx_word' id='word_1_37' title='bbox 1838 675 1980 723; x_wconf 88' lang='lat' dir='ltr'><strong>cuins</strong></span> <span class='ocrx_word' id='word_1_38' title='bbox 2006 674 2123 724; x_wconf 87' lang='lat' dir='ltr'><strong>talis</strong></span> <span class='ocrx_word' id='word_1_39' title='bbox 2151 684 2228 723; x_wconf 80' lang='lat' dir='ltr'><strong>est</strong></span> <span class='ocrx_word' id='word_1_40' title='bbox 2253 674 2456 739; x_wconf 80' lang='lat' dir='ltr'><strong>regula:</strong></span> <span class='ocrx_word' id='word_1_41' title='bbox 2484 674 2547 723; x_wconf 88' lang='lat' dir='ltr'><strong>ab</strong></span> <span class='ocrx_word' id='word_1_42' title='bbox 2573 687 2632 721; x_wconf 87' lang='lat' dir='ltr'><strong>eo</strong></span> <span class='ocrx_word' id='word_1_43' title='bbox 2658 674 2793 736; x_wconf 91' lang='lat' dir='ltr'><strong>quod</strong></span> <span class='ocrx_word' id='word_1_44' title='bbox 2820 682 2896 721; x_wconf 84' lang='lat' dir='ltr'><strong>est</strong></span> <span class='ocrx_word' id='word_1_45' title='bbox 2920 687 2949 720; x_wconf 88' lang='lat' dir='ltr'><strong>a</strong></span> <span class='ocrx_word' id='word_1_46' title='bbox 2976 687 3072 733; x_wconf 92' lang='lat' dir='ltr'><strong>quo</strong></span> <span class='ocrx_word' id='word_1_47' title='bbox 3104 671 3226 720; x_wconf 85' lang='lat' dir='ltr'><strong>l&#39;aeit</strong></span> 
     </span>
     <span class='ocr_line' id='line_1_5' title="bbox 842 743 1412 807; baseline 0 -15"><span class='ocrx_word' id='word_1_48' title='bbox 842 758 873 791; x_wconf 87' lang='lat' dir='ltr'><strong>a</strong></span> <span class='ocrx_word' id='word_1_49' title='bbox 896 744 1027 807; x_wconf 89' lang='lat' dir='ltr'><strong>quis,</strong></span> <span class='ocrx_word' id='word_1_50' title='bbox 1052 744 1186 791; x_wconf 87' lang='lat' dir='ltr'><strong>sicut</strong></span> <span class='ocrx_word' id='word_1_51' title='bbox 1211 757 1241 790; x_wconf 91' lang='lat' dir='ltr'><strong>a</strong></span> <span class='ocrx_word' id='word_1_52' title='bbox 1266 743 1412 792; x_wconf 89' lang='lat' dir='ltr'><strong>docto</strong></span> 
     </span>
     <span class='ocr_line' id='line_1_6' title="bbox 749 809 3224 876; baseline -0.001 -16"><span class='ocrx_word' id='word_1_53' title='bbox 749 813 813 860; x_wconf 89' lang='grc'><strong>29</strong></span> <span class='ocrx_word' id='word_1_54' title='bbox 838 823 926 859; x_wconf 88' lang='lat' dir='ltr'><strong>aut</strong></span> <span class='ocrx_word' id='word_1_55' title='bbox 960 826 1025 860; x_wconf 85' lang='lat' dir='ltr'><strong>ex</strong></span> <span class='ocrx_word' id='word_1_56' title='bbox 1059 822 1273 873; x_wconf 89' lang='lat' dir='ltr'><strong>utraque</strong></span> <span class='ocrx_word' id='word_1_57' title='bbox 1307 821 1448 876; x_wconf 89' lang='lat' dir='ltr'><strong>parte</strong></span> <span class='ocrx_word' id='word_1_58' title='bbox 1483 810 1697 875; x_wconf 75' lang='lat' dir='ltr'>plurale,</span> <span class='ocrx_word' id='word_1_59' title='bbox 1737 820 1791 859; x_wconf 91' lang='grc' dir='ltr'><strong>ιιι</strong></span> <span class='ocrx_word' id='word_1_60' title='bbox 1828 812 2008 875; x_wconf 87' lang='lat' dir='ltr'><strong>nostri,</strong></span> <span class='ocrx_word' id='word_1_61' title='bbox 2043 821 2130 859; x_wconf 88' lang='lat' dir='ltr'><strong>aut</strong></span> <span class='ocrx_word' id='word_1_62' title='bbox 2164 827 2228 858; x_wconf 86' lang='lat' dir='ltr'><strong>ex</strong></span> <span class='ocrx_word' id='word_1_63' title='bbox 2265 819 2476 872; x_wconf 84' lang='lat' dir='ltr'><strong>utraque</strong></span> <span class='ocrx_word' id='word_1_64' title='bbox 2513 819 2654 876; x_wconf 86' lang='lat' dir='ltr'><strong>parte</strong></span> <span class='ocrx_word' id='word_1_65' title='bbox 2690 809 2965 873; x_wconf 78' lang='lat' dir='ltr'><strong>singulare,</strong></span> <span class='ocrx_word' id='word_1_66' title='bbox 2995 816 3049 857; x_wconf 90' lang='lat' dir='ltr'><strong>ut</strong></span> <span class='ocrx_word' id='word_1_67' title='bbox 3078 824 3224 857; x_wconf 88' lang='lat' dir='ltr'><strong>meus</strong></span> 
     </span>
     <span class='ocr_line' id='line_1_7' title="bbox 838 878 2515 944; baseline -0.001 -17"><span class='ocrx_word' id='word_1_68' title='bbox 838 879 1019 933; x_wconf 84' lang='lat' dir='ltr'><strong>codex.</strong></span> <span class='ocrx_word' id='word_1_69' title='bbox 1067 880 1366 944; x_wconf 85' lang='lat' dir='ltr'><strong>possessiva</strong></span> <span class='ocrx_word' id='word_1_70' title='bbox 1391 879 1456 928; x_wconf 90' lang='lat' dir='ltr'><strong>ad</strong></span> <span class='ocrx_word' id='word_1_71' title='bbox 1481 878 1669 940; x_wconf 87' lang='lat' dir='ltr'><strong>aliquid</strong></span> <span class='ocrx_word' id='word_1_72' title='bbox 1698 879 1859 928; x_wconf 87' lang='lat' dir='ltr'><strong>dicta:</strong></span> <span class='ocrx_word' id='word_1_73' title='bbox 1887 880 1952 927; x_wconf 86' lang='lat' dir='ltr'><strong>ad</strong></span> <span class='ocrx_word' id='word_1_74' title='bbox 1977 878 2170 940; x_wconf 90' lang='lat' dir='ltr'><strong>aliquid</strong></span> <span class='ocrx_word' id='word_1_75' title='bbox 2196 894 2252 927; x_wconf 87' lang='lat' dir='ltr'><strong>se</strong></span> <span class='ocrx_word' id='word_1_76' title='bbox 2278 878 2515 928; x_wconf 85' lang='lat' dir='ltr'><strong>habentia</strong></span> 
     </span>
    </p>
   </div>
   <div class='ocr_carea' id='block_1_3' title="bbox 641 964 3225 1372">
    <p class='ocr_par' dir='ltr' id='par_1_3' title="bbox 641 964 3225 1372">
     <span class='ocr_line' id='line_1_8' title="bbox 641 964 1782 1029; baseline -0.001 -15"><span class='ocrx_word' id='word_1_77' title='bbox 641 966 720 1028; x_wconf 83' lang='lat'><strong>17,</strong></span> <span class='ocrx_word' id='word_1_78' title='bbox 755 966 815 1013; x_wconf 86' lang='lat'><strong>12</strong></span> <span class='ocrx_word' id='word_1_79' title='bbox 842 964 889 1012; x_wconf 91' lang='lat' dir='ltr'><strong>in</strong></span> <span class='ocrx_word' id='word_1_80' title='bbox 918 965 1127 1029; x_wconf 84' lang='lat' dir='ltr'><strong>passivo</strong></span> <span class='ocrx_word' id='word_1_81' title='bbox 1153 964 1407 1013; x_wconf 87' lang='lat' dir='ltr'><strong>communi</strong></span> <span class='ocrx_word' id='word_1_82' title='bbox 1436 974 1483 1012; x_wconf 91' lang='lat' dir='ltr'><strong>et</strong></span> <span class='ocrx_word' id='word_1_83' title='bbox 1508 964 1782 1029; x_wconf 79' lang='lat' dir='ltr'><strong>deponenti</strong></span> 
     </span>
     <span class='ocr_line' id='line_1_9' title="bbox 750 1032 3225 1098; baseline -0 -18"><span class='ocrx_word' id='word_1_84' title='bbox 750 1035 811 1082; x_wconf 89' lang='lat'>14</span> <span class='ocrx_word' id='word_1_85' title='bbox 835 1042 952 1081; x_wconf 85' lang='lat' dir='ltr'><strong>ante</strong></span> <span class='ocrx_word' id='word_1_86' title='bbox 979 1033 1212 1087; x_wconf 76' lang='lat' dir='ltr'>litteram,</span> <span class='ocrx_word' id='word_1_87' title='bbox 1240 1033 1288 1081; x_wconf 90' lang='lat' dir='ltr'><strong>in</strong></span> <span class='ocrx_word' id='word_1_88' title='bbox 1316 1032 1520 1097; x_wconf 83' lang='lat' dir='ltr'><strong>passivo</strong></span> <span class='ocrx_word' id='word_1_89' title='bbox 1542 1034 1799 1081; x_wconf 90' lang='lat' dir='ltr'><strong>communi</strong></span> <span class='ocrx_word' id='word_1_90' title='bbox 1819 1042 1867 1081; x_wconf 88' lang='lat' dir='ltr'><strong>et</strong></span> <span class='ocrx_word' id='word_1_91' title='bbox 1886 1033 2159 1097; x_wconf 77' lang='lat' dir='ltr'><strong>deponenti</strong></span> <span class='ocrx_word' id='word_1_92' title='bbox 2185 1048 2211 1080; x_wconf 91' lang='lat' dir='ltr'><strong>e</strong></span> <span class='ocrx_word' id='word_1_93' title='bbox 2232 1041 2516 1098; x_wconf 76' lang='lat' dir='ltr'><strong>correptam</strong></span> <span class='ocrx_word' id='word_1_94' title='bbox 2543 1043 2660 1081; x_wconf 88' lang='lat' dir='ltr'><strong>ante</strong></span> <span class='ocrx_word' id='word_1_95' title='bbox 2685 1032 2945 1095; x_wconf 85' lang='lat' dir='ltr'><strong>syllabam,</strong></span> <span class='ocrx_word' id='word_1_96' title='bbox 2974 1041 3030 1079; x_wconf 88' lang='grc' dir='ltr'><strong>ιιι</strong></span> <span class='ocrx_word' id='word_1_97' title='bbox 3054 1033 3225 1080; x_wconf 84' lang='lat' dir='ltr'><strong>scribo</strong></span> 
     </span>
     <span class='ocr_line' id='line_1_10' title="bbox 840 1100 1508 1150; baseline 0.001 -1"><span class='ocrx_word' id='word_1_98' title='bbox 840 1101 1022 1149; x_wconf 89' lang='lat' dir='ltr'><strong>scribis</strong></span> <span class='ocrx_word' id='word_1_99' title='bbox 1048 1102 1244 1150; x_wconf 86' lang='lat' dir='ltr'><strong>scribor</strong></span> <span class='ocrx_word' id='word_1_100' title='bbox 1269 1100 1508 1150; x_wconf 88' lang='lat' dir='ltr'><strong>scriberis</strong></span> 
     </span>
     <span class='ocr_line' id='line_1_11' title="bbox 749 1169 1776 1234; baseline 0.001 -17"><span class='ocrx_word' id='word_1_101' title='bbox 749 1170 810 1218; x_wconf 90' lang='grc'><strong>16</strong></span> <span class='ocrx_word' id='word_1_102' title='bbox 837 1170 887 1217; x_wconf 90' lang='lat' dir='ltr'><strong>in</strong></span> <span class='ocrx_word' id='word_1_103' title='bbox 913 1169 1120 1232; x_wconf 87' lang='lat' dir='ltr'><strong>passivo</strong></span> <span class='ocrx_word' id='word_1_104' title='bbox 1148 1170 1403 1218; x_wconf 86' lang='lat' dir='ltr'><strong>communi</strong></span> <span class='ocrx_word' id='word_1_105' title='bbox 1430 1177 1478 1217; x_wconf 90' lang='lat' dir='ltr'><strong>et</strong></span> <span class='ocrx_word' id='word_1_106' title='bbox 1503 1170 1776 1234; x_wconf 80' lang='lat' dir='ltr'><strong>deponenti</strong></span> 
     </span>
     <span class='ocr_line' id='line_1_12' title="bbox 748 1237 1854 1302; baseline 0.001 -17"><span class='ocrx_word' id='word_1_107' title='bbox 748 1239 812 1286; x_wconf 89' lang='lat'><strong>22</strong></span> <span class='ocrx_word' id='word_1_108' title='bbox 838 1252 928 1302; x_wconf 88' lang='lat' dir='ltr'><strong>per</strong></span> <span class='ocrx_word' id='word_1_109' title='bbox 953 1238 1166 1286; x_wconf 85' lang='lat' dir='ltr'><strong>modos·</strong></span> <span class='ocrx_word' id='word_1_110' title='bbox 1193 1237 1466 1286; x_wconf 88' lang='lat' dir='ltr'><strong>indicativo</strong></span> <span class='ocrx_word' id='word_1_111' title='bbox 1495 1237 1643 1286; x_wconf 83' lang='lat' dir='ltr'><strong>modo</strong></span> <span class='ocrx_word' id='word_1_112' title='bbox 1669 1238 1854 1301; x_wconf 83' lang='lat' dir='ltr'><strong>legitur</strong></span> 
     </span>
     <span class='ocr_line' id='line_1_13' title="bbox 748 1304 1980 1372; baseline 0 -17"><span class='ocrx_word' id='word_1_113' title='bbox 748 1307 812 1355; x_wconf 85' lang='grc'><strong>37</strong></span> <span class='ocrx_word' id='word_1_114' title='bbox 838 1319 929 1369; x_wconf 89' lang='lat' dir='ltr'><strong>per</strong></span> <span class='ocrx_word' id='word_1_115' title='bbox 953 1306 1376 1368; x_wconf 79' lang='lat' dir='ltr'><strong>contrarietatem,</strong></span> <span class='ocrx_word' id='word_1_116' title='bbox 1403 1305 1541 1368; x_wconf 88' lang='lat' dir='ltr'><strong>quod</strong></span> <span class='ocrx_word' id='word_1_117' title='bbox 1569 1304 1690 1354; x_wconf 84' lang='lat' dir='ltr'><strong>nihil</strong></span> <span class='ocrx_word' id='word_1_118' title='bbox 1717 1307 1980 1372; x_wconf 82' lang='lat' dir='ltr'><strong>deponant</strong></span> 
     </span>
    </p>
   </div>
   <div class='ocr_carea' id='block_1_4' title="bbox 626 1390 3233 2137">
    <p class='ocr_par' dir='ltr' id='par_1_4' title="bbox 626 1390 3233 2137">
     <span class='ocr_line' id='line_1_14' title="bbox 626 1390 2340 1455; baseline -0.001 -15"><span class='ocrx_word' id='word_1_119' title='bbox 626 1392 778 1454; x_wconf 39' lang='grc' dir='ltr'><strong>ἢ19,4</strong></span> <span class='ocrx_word' id='word_1_120' title='bbox 839 1390 1053 1439; x_wconf 83' lang='lat' dir='ltr'><strong>dicimus</strong></span> <span class='ocrx_word' id='word_1_121' title='bbox 1082 1390 1214 1439; x_wconf 89' lang='lat' dir='ltr'><strong>enim</strong></span> <span class='ocrx_word' id='word_1_122' title='bbox 1241 1390 1444 1439; x_wconf 90' lang='lat' dir='ltr'><strong>osculor</strong></span> <span class='ocrx_word' id='word_1_123' title='bbox 1468 1401 1518 1439; x_wconf 90' lang='lat' dir='ltr'><strong>te</strong></span> <span class='ocrx_word' id='word_1_124' title='bbox 1543 1405 1634 1455; x_wconf 93' lang='lat' dir='ltr'><strong>pro</strong></span> <span class='ocrx_word' id='word_1_125' title='bbox 1662 1392 1835 1440; x_wconf 90' lang='lat' dir='ltr'><strong>osculo</strong></span> <span class='ocrx_word' id='word_1_126' title='bbox 1862 1401 1910 1440; x_wconf 90' lang='lat' dir='ltr'><strong>te</strong></span> <span class='ocrx_word' id='word_1_127' title='bbox 1936 1401 1985 1440; x_wconf 88' lang='lat' dir='ltr'><strong>et</strong></span> <span class='ocrx_word' id='word_1_128' title='bbox 2011 1392 2212 1441; x_wconf 86' lang='lat' dir='ltr'><strong>osculor</strong></span> <span class='ocrx_word' id='word_1_129' title='bbox 2237 1407 2267 1440; x_wconf 86' lang='lat' dir='ltr'><strong>a</strong></span> <span class='ocrx_word' id='word_1_130' title='bbox 2292 1399 2340 1440; x_wconf 90' lang='lat' dir='ltr'><strong>te</strong></span> 
     </span>
     <span class='ocr_line' id='line_1_15' title="bbox 751 1458 1088 1521; baseline -0.006 -14"><span class='ocrx_word' id='word_1_131' title='bbox 751 1459 811 1507; x_wconf 86' lang='lat'><strong>11</strong></span> <span class='ocrx_word' id='word_1_132' title='bbox 840 1474 941 1521; x_wconf 88' lang='lat' dir='ltr'><strong>quo</strong></span> <span class='ocrx_word' id='word_1_133' title='bbox 968 1458 1088 1507; x_wconf 88' lang='lat' dir='ltr'><strong>olim</strong></span> 
     </span>
     <span class='ocr_line' id='line_1_16' title="bbox 745 1526 3145 1592; baseline -0 -16"><span class='ocrx_word' id='word_1_134' title='bbox 745 1528 811 1577; x_wconf 82' lang='lat'><strong>36</strong></span> <span class='ocrx_word' id='word_1_135' title='bbox 839 1527 931 1576; x_wconf 88' lang='lat' dir='ltr'><strong>sed</strong></span> <span class='ocrx_word' id='word_1_136' title='bbox 957 1526 1137 1575; x_wconf 86' lang='lat' dir='ltr'><strong>melius</strong></span> <span class='ocrx_word' id='word_1_137' title='bbox 1165 1536 1241 1576; x_wconf 90' lang='lat' dir='ltr'><strong>est</strong></span> <span class='ocrx_word' id='word_1_138' title='bbox 1268 1534 1319 1576; x_wconf 88' lang='lat' dir='ltr'><strong>ut</strong></span> <span class='ocrx_word' id='word_1_139' title='bbox 1344 1526 1606 1592; x_wconf 86' lang='lat' dir='ltr'><strong>partieipia</strong></span> <span class='ocrx_word' id='word_1_140' title='bbox 1634 1528 1736 1576; x_wconf 87' lang='lat' dir='ltr'><strong>sint</strong></span> <span class='ocrx_word' id='word_1_141' title='bbox 1760 1529 1925 1591; x_wconf 77' lang='lat' dir='ltr'><strong>magis</strong></span> <span class='ocrx_word' id='word_1_142' title='bbox 1952 1543 2114 1589; x_wconf 89' lang='lat' dir='ltr'><strong>quam</strong></span> <span class='ocrx_word' id='word_1_143' title='bbox 2126 1527 2340 1591; x_wconf 84' lang='lat' dir='ltr'><strong>gerundi</strong></span> <span class='ocrx_word' id='word_1_144' title='bbox 2368 1528 2520 1576; x_wconf 84' lang='lat' dir='ltr'><strong>verba</strong></span> <span class='ocrx_word' id='word_1_145' title='bbox 3120 1566 3145 1587; x_wconf 76' lang='grc'><strong>,</strong></span> 
     </span>
     <span class='ocr_line' id='line_1_17' title="bbox 632 1594 3225 1662; baseline -0.001 -18.998"><span class='ocrx_word' id='word_1_146' title='bbox 632 1597 714 1659; x_wconf 84' lang='lat'><strong>20,</strong></span> <span class='ocrx_word' id='word_1_147' title='bbox 743 1596 776 1644; x_wconf 91' lang='lat'>4</span> <span class='ocrx_word' id='word_1_148' title='bbox 834 1595 953 1657; x_wconf 84' lang='lat' dir='ltr'><strong>qnia</strong></span> <span class='ocrx_word' id='word_1_149' title='bbox 979 1594 1079 1643; x_wconf 86' lang='lat' dir='ltr'><strong>dua</strong></span> <span class='ocrx_word' id='word_1_150' title='bbox 1105 1602 1334 1660; x_wconf 81' lang='lat' dir='ltr'><strong>tempoia</strong></span> <span class='ocrx_word' id='word_1_151' title='bbox 1361 1595 1549 1644; x_wconf 86' lang='lat' dir='ltr'><strong>babent</strong></span> <span class='ocrx_word' id='word_1_152' title='bbox 1577 1596 1785 1645; x_wconf 89' lang='lat' dir='ltr'><strong>ulterius</strong></span> <span class='ocrx_word' id='word_1_153' title='bbox 1812 1607 2030 1661; x_wconf 88' lang='lat' dir='ltr'><strong>tempus,</strong></span> <span class='ocrx_word' id='word_1_154' title='bbox 2056 1596 2380 1662; x_wconf 83' lang='lat' dir='ltr'><strong>praeteritum</strong></span> <span class='ocrx_word' id='word_1_155' title='bbox 2416 1595 2697 1661; x_wconf 81' lang='lat' dir='ltr'><strong>perfectum</strong></span> <span class='ocrx_word' id='word_1_156' title='bbox 2732 1595 2892 1644; x_wconf 91' lang='lat' dir='ltr'><strong>lectus</strong></span> <span class='ocrx_word' id='word_1_157' title='bbox 2920 1609 3032 1643; x_wconf 87' lang='lat' dir='ltr'><strong>sum</strong></span> <span class='ocrx_word' id='word_1_158' title='bbox 3059 1594 3225 1643; x_wconf 86' lang='lat' dir='ltr'><strong>lectus</strong></span> 
     </span>
     <span class='ocr_line' id='line_1_18' title="bbox 835 1661 3223 1729; baseline -0 -19"><span class='ocrx_word' id='word_1_159' title='bbox 835 1663 905 1711; x_wconf 88' lang='lat' dir='ltr'><strong>l&#39;ui</strong></span> <span class='ocrx_word' id='word_1_160' title='bbox 950 1672 1065 1711; x_wconf 89' lang='lat' dir='ltr'><strong>ante</strong></span> <span class='ocrx_word' id='word_1_161' title='bbox 1110 1661 1283 1711; x_wconf 88' lang='lat' dir='ltr'><strong>horam</strong></span> <span class='ocrx_word' id='word_1_162' title='bbox 1328 1671 1377 1712; x_wconf 87' lang='lat' dir='ltr'><strong>et</strong></span> <span class='ocrx_word' id='word_1_163' title='bbox 1418 1664 1638 1712; x_wconf 83' lang='lat' dir='ltr'><strong>ostendit</strong></span> <span class='ocrx_word' id='word_1_164' title='bbox 1680 1676 1954 1713; x_wconf 76' lang='lat' dir='ltr'><strong>retrorsum</strong></span> <span class='ocrx_word' id='word_1_165' title='bbox 1998 1674 2230 1729; x_wconf 74' lang='lat' dir='ltr'><strong>tempuS,</strong></span> <span class='ocrx_word' id='word_1_166' title='bbox 2285 1665 2607 1729; x_wconf 66' lang='lat' dir='ltr'><strong>praeteritum</strong></span> <span class='ocrx_word' id='word_1_167' title='bbox 2662 1662 3223 1728; x_wconf 73' lang='lat' dir='ltr'><strong>plusquamperfectum</strong></span> 
     </span>
     <span class='ocr_line' id='line_1_19' title="bbox 834 1731 2379 1782; baseline 0.001 -2"><span class='ocrx_word' id='word_1_168' title='bbox 834 1732 1018 1780; x_wconf 88' lang='lat' dir='ltr'><strong>lectum</strong></span> <span class='ocrx_word' id='word_1_169' title='bbox 1047 1731 1136 1780; x_wconf 90' lang='lat' dir='ltr'><strong>tibi</strong></span> <span class='ocrx_word' id='word_1_170' title='bbox 1160 1742 1266 1781; x_wconf 89' lang='lat' dir='ltr'><strong>erat</strong></span> <span class='ocrx_word' id='word_1_171' title='bbox 1294 1731 1476 1780; x_wconf 88' lang='lat' dir='ltr'><strong>lectum</strong></span> <span class='ocrx_word' id='word_1_172' title='bbox 1504 1732 1593 1781; x_wconf 91' lang='lat' dir='ltr'><strong>tibi</strong></span> <span class='ocrx_word' id='word_1_173' title='bbox 1619 1732 1820 1780; x_wconf 75' lang='lat' dir='ltr'><strong>fuerat*</strong></span> <span class='ocrx_word' id='word_1_174' title='bbox 1809 1747 1906 1780; x_wconf 79' lang='lat' dir='ltr'><strong>iarn</strong></span> <span class='ocrx_word' id='word_1_175' title='bbox 1931 1744 2048 1781; x_wconf 87' lang='lat' dir='ltr'><strong>ante</strong></span> <span class='ocrx_word' id='word_1_176' title='bbox 2073 1733 2202 1782; x_wconf 86' lang='lat' dir='ltr'><strong>duas</strong></span> <span class='ocrx_word' id='word_1_177' title='bbox 2227 1731 2379 1781; x_wconf 87' lang='lat' dir='ltr'><strong>horas</strong></span> 
     </span>
     <span class='ocr_line' id='line_1_20' title="bbox 740 1797 3224 1866; baseline -0 -18"><span class='ocrx_word' id='word_1_178' title='bbox 740 1801 806 1849; x_wconf 87' lang='lat'><strong>23</strong></span> <span class='ocrx_word' id='word_1_179' title='bbox 829 1799 1044 1848; x_wconf 88' lang='lat' dir='ltr'><strong>ulterius</strong></span> <span class='ocrx_word' id='word_1_180' title='bbox 1070 1798 1254 1848; x_wconf 87' lang='lat' dir='ltr'><strong>dicitur</strong></span> <span class='ocrx_word' id='word_1_181' title='bbox 1274 1800 1410 1861; x_wconf 89' lang='lat' dir='ltr'><strong>quod</strong></span> <span class='ocrx_word' id='word_1_182' title='bbox 1430 1809 1548 1865; x_wconf 89' lang='lat' dir='ltr'><strong>post</strong></span> <span class='ocrx_word' id='word_1_183' title='bbox 1572 1802 1901 1865; x_wconf 86' lang='lat' dir='ltr'><strong>praeteritum</strong></span> <span class='ocrx_word' id='word_1_184' title='bbox 1923 1801 2202 1866; x_wconf 78' lang='lat' dir='ltr'><strong>perfeetum</strong></span> <span class='ocrx_word' id='word_1_185' title='bbox 2231 1812 2279 1849; x_wconf 92' lang='lat' dir='ltr'><strong>et</strong></span> <span class='ocrx_word' id='word_1_186' title='bbox 2304 1801 2628 1866; x_wconf 85' lang='lat' dir='ltr'><strong>praeteritum</strong></span> <span class='ocrx_word' id='word_1_187' title='bbox 2655 1797 3224 1865; x_wconf 72' lang='lat' dir='ltr'><strong>plusquamperfectum</strong></span> 
     </span>
     <span class='ocr_line' id='line_1_21' title="bbox 833 1867 3228 1932; baseline -0.001 -16"><span class='ocrx_word' id='word_1_188' title='bbox 833 1882 945 1925; x_wconf 83' lang='lat' dir='ltr'><strong>esse</strong></span> <span class='ocrx_word' id='word_1_189' title='bbox 979 1867 1317 1931; x_wconf 83' lang='lat' dir='ltr'><strong>cognoscitur.</strong></span> <span class='ocrx_word' id='word_1_190' title='bbox 1367 1868 1612 1932; x_wconf 87' lang='lat' dir='ltr'><strong>temporis</strong></span> <span class='ocrx_word' id='word_1_191' title='bbox 1649 1869 1935 1932; x_wconf 87' lang='lat' dir='ltr'><strong>praesentis</strong></span> <span class='ocrx_word' id='word_1_192' title='bbox 1973 1869 2153 1918; x_wconf 90' lang='lat' dir='ltr'><strong>modus</strong></span> <span class='ocrx_word' id='word_1_193' title='bbox 2187 1870 2542 1919; x_wconf 88' lang='lat' dir='ltr'><strong>coniunctivus</strong></span> <span class='ocrx_word' id='word_1_194' title='bbox 2567 1868 2699 1917; x_wconf 90' lang='lat' dir='ltr'><strong>idem</strong></span> <span class='ocrx_word' id='word_1_195' title='bbox 2725 1878 2804 1917; x_wconf 85' lang='lat' dir='ltr'><strong>est</strong></span> <span class='ocrx_word' id='word_1_196' title='bbox 2827 1868 2964 1931; x_wconf 86' lang='lat' dir='ltr'><strong>quod</strong></span> <span class='ocrx_word' id='word_1_197' title='bbox 2992 1880 3070 1916; x_wconf 86' lang='lat' dir='ltr'><strong>est</strong></span> <span class='ocrx_word' id='word_1_198' title='bbox 3095 1878 3228 1915; x_wconf 84' lang='lat' dir='ltr'><strong>tem·</strong></span> 
     </span>
     <span class='ocr_line' id='line_1_22' title="bbox 838 1934 1802 2001; baseline 0 -17"><span class='ocrx_word' id='word_1_199' title='bbox 838 1935 978 2000; x_wconf 90' lang='lat' dir='ltr'><strong>poris</strong></span> <span class='ocrx_word' id='word_1_200' title='bbox 1003 1934 1160 1984; x_wconf 77' lang='lat' dir='ltr'><strong>futuri</strong></span> <span class='ocrx_word' id='word_1_201' title='bbox 1188 1936 1445 2001; x_wconf 82' lang='lat' dir='ltr'><strong>optativus</strong></span> <span class='ocrx_word' id='word_1_202' title='bbox 1793 1973 1802 1984; x_wconf 90' lang='lat'><em>.</em></span> 
     </span>
     <span class='ocr_line' id='line_1_23' title="bbox 741 2002 3233 2069; baseline -0.002 -16"><span class='ocrx_word' id='word_1_203' title='bbox 741 2006 805 2053; x_wconf 91' lang='grc'><strong>32</strong></span> <span class='ocrx_word' id='word_1_204' title='bbox 831 2003 1133 2068; x_wconf 87' lang='lat' dir='ltr'><strong>significatio</strong></span> <span class='ocrx_word' id='word_1_205' title='bbox 1171 2014 1249 2052; x_wconf 89' lang='lat' dir='ltr'><strong>est</strong></span> <span class='ocrx_word' id='word_1_206' title='bbox 1283 2018 1410 2065; x_wconf 85' lang='lat' dir='ltr'><strong>quae</strong></span> <span class='ocrx_word' id='word_1_207' title='bbox 1449 2005 1643 2067; x_wconf 89' lang='lat' dir='ltr'><strong>probat,</strong></span> <span class='ocrx_word' id='word_1_208' title='bbox 1681 2006 1826 2053; x_wconf 89' lang='lat' dir='ltr'><strong>cuius</strong></span> <span class='ocrx_word' id='word_1_209' title='bbox 1864 2005 2249 2069; x_wconf 83' lang='lat' dir='ltr'><strong>significationis</strong></span> <span class='ocrx_word' id='word_1_210' title='bbox 2284 2006 2526 2054; x_wconf 88' lang='lat' dir='ltr'><strong>adverbia</strong></span> <span class='ocrx_word' id='word_1_211' title='bbox 2554 2005 2673 2064; x_wconf 88' lang='lat' dir='ltr'><strong>sint,</strong></span> <span class='ocrx_word' id='word_1_212' title='bbox 2698 2011 2752 2053; x_wconf 77' lang='lat' dir='ltr'><strong>ut</strong></span> <span class='ocrx_word' id='word_1_213' title='bbox 2775 2021 2819 2053; x_wconf 87' lang='grc' dir='ltr'><strong>υ.</strong></span> <span class='ocrx_word' id='word_1_214' title='bbox 2850 2018 2878 2051; x_wconf 86' lang='lat' dir='ltr'><strong>a</strong></span> <span class='ocrx_word' id='word_1_215' title='bbox 2906 2018 2960 2052; x_wconf 83' lang='lat' dir='ltr'><strong>se</strong></span> <span class='ocrx_word' id='word_1_216' title='bbox 2986 2002 3233 2052; x_wconf 76' lang='lat' dir='ltr'><strong>adverbia</strong></span> 
     </span>
     <span class='ocr_line' id='line_1_24' title="bbox 746 2071 1920 2137; baseline 0 -16"><span class='ocrx_word' id='word_1_217' title='bbox 746 2072 747 2075; x_wconf 71' lang='grc'>’</span> <span class='ocrx_word' id='word_1_218' title='bbox 834 2071 1146 2121; x_wconf 85' lang='lat' dir='ltr'><strong>descendere</strong></span> <span class='ocrx_word' id='word_1_219' title='bbox 1171 2074 1243 2122; x_wconf 81' lang='lat' dir='ltr'><strong>ad</strong></span> <span class='ocrx_word' id='word_1_220' title='bbox 1264 2072 1396 2123; x_wconf 81' lang='lat' dir='ltr'><strong>Don.</strong></span> <span class='ocrx_word' id='word_1_221' title='bbox 1425 2074 1541 2131; x_wconf 85' lang='lat'>363,</span> <span class='ocrx_word' id='word_1_222' title='bbox 1569 2075 1600 2123; x_wconf 87' lang='grc'>5</span> <span class='ocrx_word' id='word_1_223' title='bbox 1621 2077 1920 2137; x_wconf 72' lang='lat' dir='ltr'><strong>pertineant</strong></span> 
     </span>
    </p>
   </div>
   <div class='ocr_carea' id='block_1_5' title="bbox 634 2155 3232 2422">
    <p class='ocr_par' dir='ltr' id='par_1_5' title="bbox 635 2155 3232 2341">
     <span class='ocr_line' id='line_1_25' title="bbox 635 2155 3232 2220; baseline -0.001 -13"><span class='ocrx_word' id='word_1_224' title='bbox 635 2160 719 2220; x_wconf 84' lang='lat'><strong>21,</strong></span> <span class='ocrx_word' id='word_1_225' title='bbox 752 2158 812 2206; x_wconf 90' lang='grc'><strong>16</strong></span> <span class='ocrx_word' id='word_1_226' title='bbox 840 2156 937 2205; x_wconf 85' lang='lat' dir='ltr'><strong>huc</strong></span> <span class='ocrx_word' id='word_1_227' title='bbox 962 2156 1082 2204; x_wconf 91' lang='lat' dir='ltr'><strong>illuc</strong></span> <span class='ocrx_word' id='word_1_228' title='bbox 1106 2155 1192 2205; x_wconf 92' lang='lat' dir='ltr'><strong>illo</strong></span> <span class='ocrx_word' id='word_1_229' title='bbox 1220 2172 1318 2219; x_wconf 90' lang='lat' dir='ltr'><strong>quo</strong></span> <span class='ocrx_word' id='word_1_230' title='bbox 1348 2172 1405 2213; x_wconf 87' lang='lat' dir='ltr'><strong>eo</strong></span> <span class='ocrx_word' id='word_1_231' title='bbox 1432 2158 1588 2217; x_wconf 87' lang='lat' dir='ltr'><strong>istuc;</strong></span> <span class='ocrx_word' id='word_1_232' title='bbox 1618 2158 1665 2206; x_wconf 90' lang='lat' dir='ltr'><strong>iu</strong></span> <span class='ocrx_word' id='word_1_233' title='bbox 1697 2158 1806 2208; x_wconf 93' lang='lat' dir='ltr'><strong>loco</strong></span> <span class='ocrx_word' id='word_1_234' title='bbox 1835 2158 1930 2207; x_wconf 84' lang='lat' dir='ltr'><strong>ista</strong></span> <span class='ocrx_word' id='word_1_235' title='bbox 1956 2166 2093 2217; x_wconf 88' lang='lat' dir='ltr'><strong>sunt,</strong></span> <span class='ocrx_word' id='word_1_236' title='bbox 2120 2157 2202 2207; x_wconf 85' lang='lat' dir='ltr'><strong>hic</strong></span> <span class='ocrx_word' id='word_1_237' title='bbox 2226 2158 2326 2207; x_wconf 91' lang='lat' dir='ltr'><strong>illie</strong></span> <span class='ocrx_word' id='word_1_238' title='bbox 2353 2160 2437 2208; x_wconf 88' lang='lat' dir='ltr'><strong>ubi</strong></span> <span class='ocrx_word' id='word_1_239' title='bbox 2464 2159 2528 2206; x_wconf 89' lang='lat' dir='ltr'><strong>ibi</strong></span> <span class='ocrx_word' id='word_1_240' title='bbox 2558 2157 2699 2218; x_wconf 87' lang='lat' dir='ltr'><strong>istie;</strong></span> <span class='ocrx_word' id='word_1_241' title='bbox 2736 2157 2799 2205; x_wconf 90' lang='lat' dir='ltr'><strong>de</strong></span> <span class='ocrx_word' id='word_1_242' title='bbox 2827 2157 2937 2206; x_wconf 90' lang='lat' dir='ltr'><strong>loeo</strong></span> <span class='ocrx_word' id='word_1_243' title='bbox 2965 2156 3062 2206; x_wconf 82' lang='lat' dir='ltr'><strong>ista</strong></span> <span class='ocrx_word' id='word_1_244' title='bbox 3090 2166 3232 2209; x_wconf 81' lang='lat' dir='ltr'><strong>snut.</strong></span> 
     </span>
     <span class='ocr_line' id='line_1_26' title="bbox 834 2224 3232 2291; baseline -0.001 -18"><span class='ocrx_word' id='word_1_245' title='bbox 834 2225 953 2274; x_wconf 89' lang='lat' dir='ltr'><strong>hinc</strong></span> <span class='ocrx_word' id='word_1_246' title='bbox 990 2224 1125 2273; x_wconf 89' lang='lat' dir='ltr'><strong>illinc</strong></span> <span class='ocrx_word' id='word_1_247' title='bbox 1164 2226 1296 2275; x_wconf 88' lang='lat' dir='ltr'><strong>unde</strong></span> <span class='ocrx_word' id='word_1_248' title='bbox 1332 2226 1449 2274; x_wconf 86' lang='lat' dir='ltr'><strong>inde</strong></span> <span class='ocrx_word' id='word_1_249' title='bbox 1486 2225 1633 2274; x_wconf 88' lang='lat' dir='ltr'><strong>istinc</strong></span> <span class='ocrx_word' id='word_1_250' title='bbox 1669 2226 1788 2275; x_wconf 85' lang='lat' dir='ltr'><strong>alibi</strong></span> <span class='ocrx_word' id='word_1_251' title='bbox 1826 2238 1873 2275; x_wconf 85' lang='lat' dir='ltr'><strong>et</strong></span> <span class='ocrx_word' id='word_1_252' title='bbox 1909 2227 2057 2288; x_wconf 81' lang='lat' dir='ltr'><strong>illim3</strong></span> <span class='ocrx_word' id='word_1_253' title='bbox 2094 2242 2183 2291; x_wconf 87' lang='lat' dir='ltr'><strong>per</strong></span> <span class='ocrx_word' id='word_1_254' title='bbox 2218 2227 2382 2276; x_wconf 89' lang='lat' dir='ltr'><strong>locum</strong></span> <span class='ocrx_word' id='word_1_255' title='bbox 2417 2227 2515 2275; x_wconf 89' lang='lat' dir='ltr'><strong>ista</strong></span> <span class='ocrx_word' id='word_1_256' title='bbox 2550 2239 2698 2286; x_wconf 86' lang='lat' dir='ltr'><strong>sunt,</strong></span> <span class='ocrx_word' id='word_1_257' title='bbox 2733 2225 2830 2273; x_wconf 82' lang='lat' dir='ltr'><strong>liae</strong></span> <span class='ocrx_word' id='word_1_258' title='bbox 2863 2225 2976 2274; x_wconf 89' lang='lat' dir='ltr'><strong>illac</strong></span> <span class='ocrx_word' id='word_1_259' title='bbox 3019 2225 3102 2274; x_wconf 85' lang='lat' dir='ltr'><strong>illa</strong></span> <span class='ocrx_word' id='word_1_260' title='bbox 3131 2238 3232 2287; x_wconf 81' lang='lat' dir='ltr'><strong>qna</strong></span> 
     </span>
     <span class='ocr_line' id='line_1_27' title="bbox 838 2295 1046 2341; baseline 0 0"><span class='ocrx_word' id='word_1_261' title='bbox 838 2309 894 2341; x_wconf 84' lang='lat' dir='ltr'><strong>ea</strong></span> <span class='ocrx_word' id='word_1_262' title='bbox 920 2295 1046 2341; x_wconf 89' lang='lat' dir='ltr'><strong>istac</strong></span> 
     </span>
    </p>

    <p class='ocr_par' dir='ltr' id='par_1_6' title="bbox 634 2362 1437 2422">
     <span class='ocr_line' id='line_1_28' title="bbox 634 2362 1437 2422; baseline 0 -11"><span class='ocrx_word' id='word_1_263' title='bbox 634 2364 718 2422; x_wconf 91' lang='grc'><strong>22,</strong></span> <span class='ocrx_word' id='word_1_264' title='bbox 749 2363 809 2412; x_wconf 91' lang='grc'><strong>19</strong></span> <span class='ocrx_word' id='word_1_265' title='bbox 837 2362 977 2409; x_wconf 83' lang='lat' dir='ltr'><strong>varia</strong></span> <span class='ocrx_word' id='word_1_266' title='bbox 1003 2372 1167 2410; x_wconf 88' lang='lat' dir='ltr'><strong>tamen</strong></span> <span class='ocrx_word' id='word_1_267' title='bbox 1196 2362 1437 2411; x_wconf 83' lang='lat' dir='ltr'><strong>adverbia</strong></span> 
     </span>
    </p>
   </div>
   <div class='ocr_carea' id='block_1_6' title="bbox 630 2446 3233 3058">
    <p class='ocr_par' dir='ltr' id='par_1_7' title="bbox 630 2446 3233 3058">
     <span class='ocr_line' id='line_1_29' title="bbox 630 2446 3233 2513; baseline -0.001 -17"><span class='ocrx_word' id='word_1_268' title='bbox 630 2450 712 2510; x_wconf 87' lang='grc'><strong>23,</strong></span> <span class='ocrx_word' id='word_1_269' title='bbox 744 2448 806 2496; x_wconf 93' lang='grc'><strong>14</strong></span> <span class='ocrx_word' id='word_1_270' title='bbox 831 2446 1032 2497; x_wconf 90' lang='lat' dir='ltr'><strong>duabus</strong></span> <span class='ocrx_word' id='word_1_271' title='bbox 1069 2447 1260 2511; x_wconf 85' lang='lat' dir='ltr'><strong>regulis</strong></span> <span class='ocrx_word' id='word_1_272' title='bbox 1295 2449 1609 2507; x_wconf 88' lang='lat' dir='ltr'><strong>terminatur,</strong></span> <span class='ocrx_word' id='word_1_273' title='bbox 1646 2448 1697 2497; x_wconf 91' lang='lat' dir='ltr'><strong>in</strong></span> <span class='ocrx_word' id='word_1_274' title='bbox 1724 2448 1821 2497; x_wconf 89' lang='lat' dir='ltr'><strong>dus</strong></span> <span class='ocrx_word' id='word_1_275' title='bbox 1847 2464 1875 2497; x_wconf 85' lang='lat' dir='ltr'><strong>a</strong></span> <span class='ocrx_word' id='word_1_276' title='bbox 1902 2450 2168 2511; x_wconf 81' lang='lat' dir='ltr'><strong>praesenti,</strong></span> <span class='ocrx_word' id='word_1_277' title='bbox 2206 2458 2261 2497; x_wconf 87' lang='lat' dir='ltr'><strong>ut</strong></span> <span class='ocrx_word' id='word_1_278' title='bbox 2288 2448 2461 2513; x_wconf 85' lang='lat' dir='ltr'><strong>legens</strong></span> <span class='ocrx_word' id='word_1_279' title='bbox 2488 2447 2752 2513; x_wconf 80' lang='lat' dir='ltr'><strong>legenduS,</strong></span> <span class='ocrx_word' id='word_1_280' title='bbox 2779 2447 2832 2495; x_wconf 89' lang='lat' dir='ltr'><strong>in</strong></span> <span class='ocrx_word' id='word_1_281' title='bbox 2860 2462 2947 2496; x_wconf 89' lang='lat' dir='ltr'><strong>rus</strong></span> <span class='ocrx_word' id='word_1_282' title='bbox 2972 2462 3002 2495; x_wconf 89' lang='lat' dir='ltr'><strong>a</strong></span> <span class='ocrx_word' id='word_1_283' title='bbox 3027 2454 3233 2511; x_wconf 83' lang='lat' dir='ltr'><strong>praete·</strong></span> 
     </span>
     <span class='ocr_line' id='line_1_30' title="bbox 834 2515 1503 2572; baseline 0 -7"><span class='ocrx_word' id='word_1_284' title='bbox 834 2516 947 2572; x_wconf 85' lang='lat' dir='ltr'><strong>rito,</strong></span> <span class='ocrx_word' id='word_1_285' title='bbox 977 2525 1034 2563; x_wconf 89' lang='grc' dir='ltr'><strong>ιιι</strong></span> <span class='ocrx_word' id='word_1_286' title='bbox 1058 2515 1218 2565; x_wconf 88' lang='lat' dir='ltr'><strong>lectus</strong></span> <span class='ocrx_word' id='word_1_287' title='bbox 1248 2516 1468 2565; x_wconf 89' lang='lat' dir='ltr'><strong>lecturus</strong></span> <span class='ocrx_word' id='word_1_288' title='bbox 1498 2516 1503 2525; x_wconf 83' lang='lat'>&#39;</span> 
     </span>
     <span class='ocr_line' id='line_1_31' title="bbox 630 2583 3226 2663; baseline 0 -31"><span class='ocrx_word' id='word_1_289' title='bbox 630 2586 713 2647; x_wconf 87' lang='lat'><strong>24,</strong></span> <span class='ocrx_word' id='word_1_290' title='bbox 745 2586 805 2632; x_wconf 87' lang='lat'><strong>12</strong></span> <span class='ocrx_word' id='word_1_291' title='bbox 833 2583 1141 2663; x_wconf 76' lang='lat' dir='ltr'><strong>expletivas:</strong></span> <span class='ocrx_word' id='word_1_292' title='bbox 1171 2584 1214 2632; x_wconf 89' lang='lat' dir='ltr'><strong>si</strong></span> <span class='ocrx_word' id='word_1_293' title='bbox 1242 2598 1340 2633; x_wconf 89' lang='lat' dir='ltr'><strong>non</strong></span> <span class='ocrx_word' id='word_1_294' title='bbox 1369 2584 1526 2648; x_wconf 74' lang='lat' dir='ltr'><strong>legeS,</strong></span> <span class='ocrx_word' id='word_1_295' title='bbox 1554 2584 1734 2634; x_wconf 86' lang='lat' dir='ltr'><strong>saltem</strong></span> <span class='ocrx_word' id='word_1_296' title='bbox 1763 2585 2049 2650; x_wconf 83' lang='lat' dir='ltr'><strong>vapulabis.</strong></span> <span class='ocrx_word' id='word_1_297' title='bbox 2086 2585 2384 2634; x_wconf 83' lang='lat' dir='ltr'><strong>rationales:</strong></span> <span class='ocrx_word' id='word_1_298' title='bbox 2422 2600 2520 2634; x_wconf 90' lang='lat' dir='ltr'><strong>non</strong></span> <span class='ocrx_word' id='word_1_299' title='bbox 2551 2584 2779 2648; x_wconf 85' lang='lat' dir='ltr'><strong>vapulas,</strong></span> <span class='ocrx_word' id='word_1_300' title='bbox 2810 2598 2925 2632; x_wconf 89' lang='lat' dir='ltr'><strong>nam</strong></span> <span class='ocrx_word' id='word_1_301' title='bbox 2955 2583 3086 2647; x_wconf 87' lang='lat' dir='ltr'><strong>legis</strong></span> <span class='ocrx_word' id='word_1_302' title='bbox 3111 2597 3226 2633; x_wconf 85' lang='lat' dir='ltr'><strong>eum</strong></span> 
     </span>
     <span class='ocr_line' id='line_1_32' title="bbox 834 2651 1247 2716; baseline 0.007 -17"><span class='ocrx_word' id='word_1_303' title='bbox 834 2651 1247 2716; x_wconf 82' lang='lat' dir='ltr'><strong>pronuntiatione</strong></span> 
     </span>
     <span class='ocr_line' id='line_1_33' title="bbox 630 2718 1907 2785; baseline 0.001 -16.002"><span class='ocrx_word' id='word_1_304' title='bbox 630 2722 711 2778; x_wconf 79' lang='grc'><strong>25,</strong></span> <span class='ocrx_word' id='word_1_305' title='bbox 738 2721 769 2768; x_wconf 90' lang='grc'>6</span> <span class='ocrx_word' id='word_1_306' title='bbox 829 2718 968 2768; x_wconf 86' lang='lat' dir='ltr'><strong>aliud</strong></span> <span class='ocrx_word' id='word_1_307' title='bbox 995 2718 1189 2781; x_wconf 89' lang='lat' dir='ltr'><strong>minuit,</strong></span> <span class='ocrx_word' id='word_1_308' title='bbox 1219 2720 1267 2768; x_wconf 91' lang='lat' dir='ltr'><strong>id</strong></span> <span class='ocrx_word' id='word_1_309' title='bbox 1297 2728 1372 2769; x_wconf 91' lang='lat' dir='ltr'><strong>est</strong></span> <span class='ocrx_word' id='word_1_310' title='bbox 1400 2720 1633 2785; x_wconf 85' lang='lat' dir='ltr'><strong>detrahit,</strong></span> <span class='ocrx_word' id='word_1_311' title='bbox 1660 2730 1714 2768; x_wconf 92' lang='lat' dir='ltr'><strong>nt</strong></span> <span class='ocrx_word' id='word_1_312' title='bbox 1739 2721 1907 2770; x_wconf 89' lang='lat' dir='ltr'><strong>illisus</strong></span> 
     </span>
     <span class='ocr_line' id='line_1_34' title="bbox 742 2787 1078 2838; baseline -0.006 0"><span class='ocrx_word' id='word_1_313' title='bbox 742 2790 809 2838; x_wconf 90' lang='lat'>34</span> <span class='ocrx_word' id='word_1_314' title='bbox 834 2787 1078 2836; x_wconf 86' lang='lat' dir='ltr'><strong>transitur</strong></span> 
     </span>
     <span class='ocr_line' id='line_1_35' title="bbox 631 2855 3231 2951; baseline 0 -46"><span class='ocrx_word' id='word_1_315' title='bbox 631 2859 772 2921; x_wconf 88' lang='grc'><strong>26,1</strong></span> <span class='ocrx_word' id='word_1_316' title='bbox 836 2855 1036 2917; x_wconf 88' lang='lat' dir='ltr'><strong>quando</strong></span> <span class='ocrx_word' id='word_1_317' title='bbox 1066 2857 1238 2906; x_wconf 88' lang='lat' dir='ltr'><strong>localis</strong></span> <span class='ocrx_word' id='word_1_318' title='bbox 1265 2856 1433 2918; x_wconf 79' lang='lat' dir='ltr'><strong>fuerit,</strong></span> <span class='ocrx_word' id='word_1_319' title='bbox 1461 2859 1752 2907; x_wconf 87' lang='lat' dir='ltr'><strong>accusativo</strong></span> <span class='ocrx_word' id='word_1_320' title='bbox 1781 2859 1958 2920; x_wconf 81' lang='lat' dir='ltr'><strong>servit3</strong></span> <span class='ocrx_word' id='word_1_321' title='bbox 1989 2860 2188 2920; x_wconf 89' lang='lat' dir='ltr'><strong>quando</strong></span> <span class='ocrx_word' id='word_1_322' title='bbox 2217 2857 2478 2916; x_wconf 74' lang='lat' dir='ltr'><strong>itineraliS,</strong></span> <span class='ocrx_word' id='word_1_323' title='bbox 2518 2857 2736 2951; x_wconf 84' lang='lat' dir='ltr'><strong>ablativo</strong></span> <span class='ocrx_word' id='word_1_324' title='bbox 2763 2883 2828 2893; x_wconf 90' lang='lat'><strong>—</strong></span> <span class='ocrx_word' id='word_1_325' title='bbox 2855 2858 2991 2918; x_wconf 85' lang='lat' dir='ltr'><strong>qnia,</strong></span> <span class='ocrx_word' id='word_1_326' title='bbox 3022 2867 3078 2905; x_wconf 88' lang='lat' dir='ltr'><strong>nt</strong></span> <span class='ocrx_word' id='word_1_327' title='bbox 3103 2857 3231 2919; x_wconf 77' lang='lat' dir='ltr'><strong>dixi,</strong></span> 
     </span>
     <span class='ocr_line' id='line_1_36' title="bbox 835 2924 1628 2986; baseline 0 -13"><span class='ocrx_word' id='word_1_328' title='bbox 835 2924 1013 2974; x_wconf 87' lang='lat' dir='ltr'><strong>localis</strong></span> <span class='ocrx_word' id='word_1_329' title='bbox 1041 2951 1104 2961; x_wconf 94' lang='lat'><strong>—-</strong></span> <span class='ocrx_word' id='word_1_330' title='bbox 1132 2926 1249 2986; x_wconf 89' lang='lat' dir='ltr'><strong>quia</strong></span> <span class='ocrx_word' id='word_1_331' title='bbox 1274 2925 1523 2974; x_wconf 86' lang='lat' dir='ltr'><strong>itineralis</strong></span> <span class='ocrx_word' id='word_1_332' title='bbox 1551 2937 1628 2975; x_wconf 88' lang='lat' dir='ltr'><strong>est</strong></span> 
     </span>
     <span class='ocr_line' id='line_1_37' title="bbox 745 2991 1212 3058; baseline 0 -16"><span class='ocrx_word' id='word_1_333' title='bbox 745 2995 809 3043; x_wconf 87' lang='grc'><strong>23</strong></span> <span class='ocrx_word' id='word_1_334' title='bbox 834 2993 886 3042; x_wconf 89' lang='lat' dir='ltr'><strong>id</strong></span> <span class='ocrx_word' id='word_1_335' title='bbox 913 2991 1007 3058; x_wconf 84' lang='lat' dir='ltr'><strong>est]</strong></span> <span class='ocrx_word' id='word_1_336' title='bbox 1034 2997 1068 3044; x_wconf 85' lang='lat'><strong>1.</strong></span> <span class='ocrx_word' id='word_1_337' title='bbox 1097 2995 1212 3043; x_wconf 87' lang='lat' dir='ltr'><strong>ideo</strong></span> 
     </span>
    </p>
   </div>
   <div class='ocr_carea' id='block_1_7' title="bbox 632 3079 3234 3756">
    <p class='ocr_par' dir='ltr' id='par_1_8' title="bbox 632 3079 3234 3756">
     <span class='ocr_line' id='line_1_38' title="bbox 636 3079 3226 3144; baseline -0.001 -16"><span class='ocrx_word' id='word_1_338' title='bbox 636 3080 719 3136; x_wconf 84' lang='grc'><strong>27,</strong></span> <span class='ocrx_word' id='word_1_339' title='bbox 748 3080 776 3128; x_wconf 79' lang='grc'><strong>7</strong></span> <span class='ocrx_word' id='word_1_340' title='bbox 843 3093 933 3144; x_wconf 87' lang='lat' dir='ltr'><strong>pro</strong></span> <span class='ocrx_word' id='word_1_341' title='bbox 959 3094 1016 3128; x_wconf 83' lang='lat' dir='ltr'><strong>se</strong></span> <span class='ocrx_word' id='word_1_342' title='bbox 1043 3079 1254 3127; x_wconf 87' lang='lat' dir='ltr'><strong>invicem</strong></span> <span class='ocrx_word' id='word_1_343' title='bbox 1285 3087 1556 3142; x_wconf 86' lang='lat' dir='ltr'><strong>ponuntur,</strong></span> <span class='ocrx_word' id='word_1_344' title='bbox 1593 3089 1647 3127; x_wconf 90' lang='lat' dir='ltr'><strong>ut</strong></span> <span class='ocrx_word' id='word_1_345' title='bbox 1672 3093 1910 3128; x_wconf 85' lang='lat' dir='ltr'><strong>maxume</strong></span> <span class='ocrx_word' id='word_1_346' title='bbox 1937 3094 2026 3144; x_wconf 91' lang='lat' dir='ltr'><strong>pro</strong></span> <span class='ocrx_word' id='word_1_347' title='bbox 2055 3080 2290 3138; x_wconf 82' lang='lat' dir='ltr'><strong>maxime,</strong></span> <span class='ocrx_word' id='word_1_348' title='bbox 2325 3079 2403 3128; x_wconf 86' lang='lat' dir='ltr'><strong>vel</strong></span> <span class='ocrx_word' id='word_1_349' title='bbox 2434 3081 2552 3141; x_wconf 86' lang='lat' dir='ltr'><strong>quia</strong></span> <span class='ocrx_word' id='word_1_350' title='bbox 2587 3093 2887 3144; x_wconf 84' lang='lat' dir='ltr'><strong>expressum</strong></span> <span class='ocrx_word' id='word_1_351' title='bbox 2913 3093 3097 3127; x_wconf 85' lang='lat' dir='ltr'><strong>sonum</strong></span> <span class='ocrx_word' id='word_1_352' title='bbox 3129 3093 3226 3127; x_wconf 91' lang='lat' dir='ltr'><strong>non</strong></span> 
     </span>
     <span class='ocr_line' id='line_1_39' title="bbox 835 3145 2259 3207; baseline 0.002 -13"><span class='ocrx_word' id='word_1_353' title='bbox 835 3145 1055 3196; x_wconf 88' lang='lat' dir='ltr'><strong>habent</strong></span> <span class='ocrx_word' id='word_1_354' title='bbox 1045 3162 1095 3195; x_wconf 89' lang='grc' dir='ltr'><strong>ιιι</strong></span> <span class='ocrx_word' id='word_1_355' title='bbox 1123 3146 1381 3207; x_wconf 77' lang='lat' dir='ltr'><strong>aliquibus</strong></span> <span class='ocrx_word' id='word_1_356' title='bbox 1407 3146 1732 3206; x_wconf 85' lang='lat' dir='ltr'><strong>dictionibus,</strong></span> <span class='ocrx_word' id='word_1_357' title='bbox 1758 3157 1816 3196; x_wconf 90' lang='lat' dir='ltr'><strong>ut</strong></span> <span class='ocrx_word' id='word_1_358' title='bbox 1838 3148 1919 3195; x_wconf 86' lang='lat' dir='ltr'><strong>vir</strong></span> <span class='ocrx_word' id='word_1_359' title='bbox 1948 3155 1996 3196; x_wconf 88' lang='lat' dir='ltr'><strong>et</strong></span> <span class='ocrx_word' id='word_1_360' title='bbox 2024 3162 2259 3197; x_wconf 85' lang='lat' dir='ltr'><strong>maxume</strong></span> 
     </span>
     <span class='ocr_line' id='line_1_40' title="bbox 742 3199 3232 3281; baseline -0.002 -15"><span class='ocrx_word' id='word_1_361' title='bbox 742 3218 807 3266; x_wconf 85' lang='lat'><strong>33</strong></span> <span class='ocrx_word' id='word_1_362' title='bbox 837 3229 954 3263; x_wconf 86' lang='lat' dir='ltr'><strong>nam</strong></span> <span class='ocrx_word' id='word_1_363' title='bbox 989 3215 1222 3277; x_wconf 86' lang='lat' dir='ltr'><strong>quotiens</strong></span> <span class='ocrx_word' id='word_1_364' title='bbox 1258 3230 1372 3263; x_wconf 85' lang='lat' dir='ltr'><strong>cum</strong></span> <span class='ocrx_word' id='word_1_365' title='bbox 1410 3225 1545 3264; x_wconf 90' lang='lat' dir='ltr'><strong>muta</strong></span> <span class='ocrx_word' id='word_1_366' title='bbox 1581 3217 1786 3264; x_wconf 86' lang='lat' dir='ltr'><strong>iunctae</strong></span> <span class='ocrx_word' id='word_1_367' title='bbox 1819 3212 2025 3278; x_wconf 83' lang='lat' dir='ltr'><strong>fuerint,</strong></span> <span class='ocrx_word' id='word_1_368' title='bbox 2062 3218 2378 3281; x_wconf 82' lang='lat' dir='ltr'><strong>antepositae</strong></span> <span class='ocrx_word' id='word_1_369' title='bbox 2415 3199 2638 3264; x_wconf 80' lang='lat' dir='ltr'><strong>vocalem</strong></span> <span class='ocrx_word' id='word_1_370' title='bbox 2675 3214 2880 3279; x_wconf 80' lang='lat' dir='ltr'><strong>longam</strong></span> <span class='ocrx_word' id='word_1_371' title='bbox 2919 3213 3141 3272; x_wconf 74' lang='lat' dir='ltr'><strong>faciunt,</strong></span> <span class='ocrx_word' id='word_1_372' title='bbox 3180 3223 3232 3262; x_wconf 88' lang='lat' dir='ltr'><strong>ut</strong></span> 
     </span>
     <span class='ocr_line' id='line_1_41' title="bbox 832 3283 2494 3349; baseline 0 -16"><span class='ocrx_word' id='word_1_373' title='bbox 832 3286 1025 3343; x_wconf 89' lang='lat' dir='ltr'><strong>urbem,</strong></span> <span class='ocrx_word' id='word_1_374' title='bbox 1054 3284 1355 3349; x_wconf 87' lang='lat' dir='ltr'><strong>postposita,</strong></span> <span class='ocrx_word' id='word_1_375' title='bbox 1387 3293 1440 3331; x_wconf 90' lang='grc' dir='ltr'><strong>ιιι</strong></span> <span class='ocrx_word' id='word_1_376' title='bbox 1466 3284 1666 3345; x_wconf 78' lang='lat' dir='ltr'><strong>Atrida,</strong></span> <span class='ocrx_word' id='word_1_377' title='bbox 1693 3299 1723 3331; x_wconf 86' lang='lat' dir='ltr'><strong>a</strong></span> <span class='ocrx_word' id='word_1_378' title='bbox 1748 3299 2068 3333; x_wconf 88' lang='lat' dir='ltr'><strong>communem</strong></span> <span class='ocrx_word' id='word_1_379' title='bbox 2099 3285 2345 3348; x_wconf 82' lang='lat' dir='ltr'><strong>syllabam</strong></span> <span class='ocrx_word' id='word_1_380' title='bbox 2374 3283 2494 3333; x_wconf 80' lang='lat' dir='ltr'><strong>facit</strong></span> 
     </span>
     <span class='ocr_line' id='line_1_42' title="bbox 632 3352 1898 3416; baseline -0.002 -14"><span class='ocrx_word' id='word_1_381' title='bbox 632 3353 717 3414; x_wconf 87' lang='grc'><strong>28,</strong></span> <span class='ocrx_word' id='word_1_382' title='bbox 743 3353 776 3400; x_wconf 90' lang='lat'>4</span> <span class='ocrx_word' id='word_1_383' title='bbox 835 3353 968 3400; x_wconf 86' lang='lat' dir='ltr'><strong>sicut</strong></span> <span class='ocrx_word' id='word_1_384' title='bbox 992 3361 1130 3401; x_wconf 87' lang='lat' dir='ltr'><strong>muta</strong></span> <span class='ocrx_word' id='word_1_385' title='bbox 1158 3365 1475 3400; x_wconf 88' lang='lat' dir='ltr'><strong>communem</strong></span> <span class='ocrx_word' id='word_1_386' title='bbox 1502 3352 1749 3416; x_wconf 74' lang='lat' dir='ltr'><strong>syllabam</strong></span> <span class='ocrx_word' id='word_1_387' title='bbox 1780 3352 1898 3402; x_wconf 77' lang='lat' dir='ltr'><strong>facit</strong></span> 
     </span>
     <span class='ocr_line' id='line_1_43' title="bbox 747 3421 1326 3485; baseline -0.002 -17"><span class='ocrx_word' id='word_1_388' title='bbox 747 3421 809 3468; x_wconf 88' lang='lat'><strong>12</strong></span> <span class='ocrx_word' id='word_1_389' title='bbox 834 3421 846 3469; x_wconf 97' lang='lat' dir='ltr'>l</span> <span class='ocrx_word' id='word_1_390' title='bbox 875 3431 924 3469; x_wconf 91' lang='lat' dir='ltr'><strong>et</strong></span> <span class='ocrx_word' id='word_1_391' title='bbox 950 3437 972 3468; x_wconf 90' lang='lat' dir='ltr'><strong>r</strong></span> <span class='ocrx_word' id='word_1_392' title='bbox 996 3431 1084 3468; x_wconf 89' lang='lat' dir='ltr'><strong>ant</strong></span> <span class='ocrx_word' id='word_1_393' title='bbox 1109 3430 1326 3485; x_wconf 87' lang='lat' dir='ltr'><strong>pereunt</strong></span> 
     </span>
     <span class='ocr_line' id='line_1_44' title="bbox 745 3486 3234 3553; baseline -0.001 -16"><span class='ocrx_word' id='word_1_394' title='bbox 745 3490 812 3537; x_wconf 87' lang='grc'><strong>23</strong></span> <span class='ocrx_word' id='word_1_395' title='bbox 839 3504 897 3537; x_wconf 83' lang='lat' dir='ltr'><strong>eo</strong></span> <span class='ocrx_word' id='word_1_396' title='bbox 926 3489 1063 3551; x_wconf 86' lang='lat' dir='ltr'><strong>quod</strong></span> <span class='ocrx_word' id='word_1_397' title='bbox 1090 3488 1260 3552; x_wconf 89' lang='lat' dir='ltr'><strong>plures</strong></span> <span class='ocrx_word' id='word_1_398' title='bbox 1288 3488 1481 3536; x_wconf 86' lang='lat' dir='ltr'><strong>litterae</strong></span> <span class='ocrx_word' id='word_1_399' title='bbox 1508 3487 1906 3552; x_wconf 79' lang='lat' dir='ltr'><strong>comprehensae</strong></span> <span class='ocrx_word' id='word_1_400' title='bbox 1932 3488 2182 3553; x_wconf 74' lang='lat' dir='ltr'><strong>syllabam</strong></span> <span class='ocrx_word' id='word_1_401' title='bbox 2212 3505 2360 3539; x_wconf 90' lang='lat' dir='ltr'><strong>unam</strong></span> <span class='ocrx_word' id='word_1_402' title='bbox 2388 3489 2595 3540; x_wconf 79' lang='lat' dir='ltr'><strong>l&#39;acinnt.</strong></span> <span class='ocrx_word' id='word_1_403' title='bbox 2648 3502 2760 3536; x_wconf 91' lang='lat' dir='ltr'><strong>cum</strong></span> <span class='ocrx_word' id='word_1_404' title='bbox 2788 3502 2820 3534; x_wconf 86' lang='lat' dir='ltr'><strong>a</strong></span> <span class='ocrx_word' id='word_1_405' title='bbox 2845 3486 3074 3552; x_wconf 88' lang='lat' dir='ltr'><strong>pluribus</strong></span> <span class='ocrx_word' id='word_1_406' title='bbox 3099 3487 3234 3537; x_wconf 89' lang='lat' dir='ltr'><strong>litte-</strong></span> 
     </span>
     <span class='ocr_line' id='line_1_45' title="bbox 835 3556 1290 3614; baseline -0.002 -9"><span class='ocrx_word' id='word_1_407' title='bbox 835 3558 903 3606; x_wconf 89' lang='lat' dir='ltr'><strong>ris</strong></span> <span class='ocrx_word' id='word_1_408' title='bbox 930 3558 997 3605; x_wconf 90' lang='lat' dir='ltr'><strong>sit</strong></span> <span class='ocrx_word' id='word_1_409' title='bbox 1022 3556 1173 3614; x_wconf 88' lang='lat' dir='ltr'><strong>dicta,</strong></span> <span class='ocrx_word' id='word_1_410' title='bbox 1200 3572 1290 3604; x_wconf 87' lang='lat' dir='ltr'><strong>cur</strong></span> 
     </span>
     <span class='ocr_line' id='line_1_46' title="bbox 632 3625 2517 3689; baseline 0 -16"><span class='ocrx_word' id='word_1_411' title='bbox 632 3627 719 3682; x_wconf 85' lang='grc'><strong>29,</strong></span> <span class='ocrx_word' id='word_1_412' title='bbox 748 3625 811 3672; x_wconf 90' lang='grc'><strong>12</strong></span> <span class='ocrx_word' id='word_1_413' title='bbox 838 3625 1020 3688; x_wconf 87' lang='lat' dir='ltr'><strong>longae</strong></span> <span class='ocrx_word' id='word_1_414' title='bbox 1046 3634 1185 3687; x_wconf 89' lang='lat' dir='ltr'><strong>sunt,</strong></span> <span class='ocrx_word' id='word_1_415' title='bbox 1213 3639 1273 3672; x_wconf 88' lang='lat' dir='ltr'><strong>ae</strong></span> <span class='ocrx_word' id='word_1_416' title='bbox 1297 3638 1359 3672; x_wconf 88' lang='lat' dir='ltr'><strong>oc</strong></span> <span class='ocrx_word' id='word_1_417' title='bbox 1381 3638 1448 3672; x_wconf 87' lang='lat' dir='ltr'><strong>au</strong></span> <span class='ocrx_word' id='word_1_418' title='bbox 1476 3639 1535 3671; x_wconf 90' lang='lat' dir='ltr'><strong>en</strong></span> <span class='ocrx_word' id='word_1_419' title='bbox 1564 3625 1625 3672; x_wconf 89' lang='lat' dir='ltr'><strong>ei.</strong></span> <span class='ocrx_word' id='word_1_420' title='bbox 1676 3626 1901 3689; x_wconf 83' lang='lat' dir='ltr'><strong>exceptis</strong></span> <span class='ocrx_word' id='word_1_421' title='bbox 1926 3650 1993 3660; x_wconf 88' lang='lat'>-</span> <span class='ocrx_word' id='word_1_422' title='bbox 2018 3626 2200 3675; x_wconf 89' lang='lat' dir='ltr'><strong>breves</strong></span> <span class='ocrx_word' id='word_1_423' title='bbox 2235 3636 2370 3678; x_wconf 88' lang='lat' dir='ltr'><strong>sunt.</strong></span> <span class='ocrx_word' id='word_1_424' title='bbox 2420 3626 2517 3675; x_wconf 89' lang='lat' dir='ltr'><strong>itur</strong></span> 
     </span>
     <span class='ocr_line' id='line_1_47' title="bbox 748 3690 1635 3756; baseline -0.001 -15"><span class='ocrx_word' id='word_1_425' title='bbox 748 3690 813 3741; x_wconf 85' lang='grc'><strong>32</strong></span> <span class='ocrx_word' id='word_1_426' title='bbox 840 3694 1162 3742; x_wconf 86' lang='lat' dir='ltr'><strong>terminatum</strong></span> <span class='ocrx_word' id='word_1_427' title='bbox 1191 3692 1382 3742; x_wconf 85' lang='lat' dir='ltr'><strong>vocalis</strong></span> <span class='ocrx_word' id='word_1_428' title='bbox 1409 3692 1635 3756; x_wconf 90' lang='lat' dir='ltr'><strong>sequitur</strong></span> 
     </span>
    </p>
   </div>
   <div class='ocr_carea' id='block_1_8' title="bbox 633 3778 2720 3843">
    <p class='ocr_par' dir='ltr' id='par_1_9' title="bbox 633 3778 2720 3843">
     <span class='ocr_line' id='line_1_48' title="bbox 633 3778 2720 3843; baseline -0.002 -14"><span class='ocrx_word' id='word_1_429' title='bbox 633 3781 717 3837; x_wconf 87' lang='grc'><strong>30,</strong></span> <span class='ocrx_word' id='word_1_430' title='bbox 744 3779 809 3826; x_wconf 89' lang='grc'><strong>26</strong></span> <span class='ocrx_word' id='word_1_431' title='bbox 836 3778 877 3827; x_wconf 77' lang='lat' dir='ltr'><strong>is</strong></span> <span class='ocrx_word' id='word_1_432' title='bbox 902 3779 1055 3825; x_wconf 84' lang='lat' dir='ltr'><strong>etiam</strong></span> <span class='ocrx_word' id='word_1_433' title='bbox 1082 3778 1298 3826; x_wconf 83' lang='lat' dir='ltr'><strong>creticus</strong></span> <span class='ocrx_word' id='word_1_434' title='bbox 1323 3778 1507 3826; x_wconf 87' lang='lat' dir='ltr'><strong>dicitur</strong></span> <span class='ocrx_word' id='word_1_435' title='bbox 1532 3780 1917 3842; x_wconf 77' lang='lat' dir='ltr'><strong>transponenda</strong></span> <span class='ocrx_word' id='word_1_436' title='bbox 1940 3786 2056 3827; x_wconf 78' lang='lat' dir='ltr'><strong>sunt</strong></span> <span class='ocrx_word' id='word_1_437' title='bbox 2076 3785 2197 3843; x_wconf 80' lang='lat' dir='ltr'><strong>post</strong></span> <span class='ocrx_word' id='word_1_438' title='bbox 2222 3781 2286 3829; x_wconf 84' lang='grc'><strong>27</strong></span> <span class='ocrx_word' id='word_1_439' title='bbox 2313 3778 2494 3843; x_wconf 82' lang='lat' dir='ltr'><strong>longae</strong></span> <span class='ocrx_word' id='word_1_440' title='bbox 2519 3778 2720 3840; x_wconf 81' lang='lat' dir='ltr'><strong>cingant</strong></span> 
     </span>
    </p>
   </div>
   <div class='ocr_carea' id='block_1_9' title="bbox 631 3859 3233 4594">
    <p class='ocr_par' dir='ltr' id='par_1_10' title="bbox 631 3859 3233 4594">
     <span class='ocr_line' id='line_1_49' title="bbox 631 3859 3230 3928; baseline -0.001 -15"><span class='ocrx_word' id='word_1_441' title='bbox 631 3867 716 3924; x_wconf 89' lang='grc'><strong>31,</strong></span> <span class='ocrx_word' id='word_1_442' title='bbox 746 3865 775 3912; x_wconf 82' lang='grc'><strong>7</strong></span> <span class='ocrx_word' id='word_1_443' title='bbox 836 3862 1080 3925; x_wconf 81' lang='lat' dir='ltr'><strong>trisyllabi</strong></span> <span class='ocrx_word' id='word_1_444' title='bbox 1116 3871 1260 3924; x_wconf 82' lang='lat' dir='ltr'><strong>octo,</strong></span> <span class='ocrx_word' id='word_1_445' title='bbox 1295 3862 1604 3926; x_wconf 74' lang='lat' dir='ltr'><strong>tetrasyllabi</strong></span> <span class='ocrx_word' id='word_1_446' title='bbox 1640 3863 1863 3912; x_wconf 84' lang='lat' dir='ltr'><strong>sedecim</strong></span> <span class='ocrx_word' id='word_1_447' title='bbox 1900 3864 2057 3928; x_wconf 86' lang='lat' dir='ltr'><strong>pedes</strong></span> <span class='ocrx_word' id='word_1_448' title='bbox 2095 3878 2184 3928; x_wconf 90' lang='lat' dir='ltr'><strong>per</strong></span> <span class='ocrx_word' id='word_1_449' title='bbox 2220 3865 2494 3913; x_wconf 85' lang='lat' dir='ltr'><strong>varietates</strong></span> <span class='ocrx_word' id='word_1_450' title='bbox 2528 3862 2717 3911; x_wconf 87' lang='lat' dir='ltr'><strong>similes</strong></span> <span class='ocrx_word' id='word_1_451' title='bbox 2745 3859 2955 3922; x_wconf 70' lang='lat' dir='ltr'><strong>faciunt,</strong></span> <span class='ocrx_word' id='word_1_452' title='bbox 2987 3861 3230 3925; x_wconf 78' lang='lat' dir='ltr'><strong>disyllabi</strong></span> 
     </span>
     <span class='ocr_line' id='line_1_50' title="bbox 712 3929 3230 3997; baseline 0 -18"><span class='ocrx_word' id='word_1_453' title='bbox 712 3937 713 3940; x_wconf 78' lang='grc'>’</span> <span class='ocrx_word' id='word_1_454' title='bbox 835 3929 1031 3979; x_wconf 73' lang='lat' dir='ltr'><strong>xxxii</strong></span> <span class='ocrx_word' id='word_1_455' title='bbox 1075 3945 1189 3978; x_wconf 87' lang='lat' dir='ltr'><strong>cum</strong></span> <span class='ocrx_word' id='word_1_456' title='bbox 1235 3930 1508 3996; x_wconf 73' lang='lat' dir='ltr'><strong>trisyllabis</strong></span> <span class='ocrx_word' id='word_1_457' title='bbox 1552 3932 1735 3991; x_wconf 79' lang='lat' dir='ltr'><strong>iuncti,</strong></span> <span class='ocrx_word' id='word_1_458' title='bbox 1788 3932 2034 3994; x_wconf 71' lang='lat' dir='ltr'><strong>trisyllabi</strong></span> <span class='ocrx_word' id='word_1_459' title='bbox 2087 3934 2356 3997; x_wconf 84' lang='lat' dir='ltr'><strong>sexaginta</strong></span> <span class='ocrx_word' id='word_1_460' title='bbox 2411 3941 2459 3980; x_wconf 90' lang='lat' dir='ltr'><strong>et</strong></span> <span class='ocrx_word' id='word_1_461' title='bbox 2506 3940 2741 3994; x_wconf 87' lang='lat' dir='ltr'><strong>quattuor</strong></span> <span class='ocrx_word' id='word_1_462' title='bbox 2785 3944 2901 3977; x_wconf 89' lang='lat' dir='ltr'><strong>cum</strong></span> <span class='ocrx_word' id='word_1_463' title='bbox 2953 3930 3230 3995; x_wconf 72' lang='lat' dir='ltr'><strong>trisyllabis</strong></span> 
     </span>
     <span class='ocr_line' id='line_1_51' title="bbox 835 3999 1076 4062; baseline -0.004 -15"><span class='ocrx_word' id='word_1_464' title='bbox 835 3999 1076 4062; x_wconf 82' lang='lat' dir='ltr'><strong>geminati</strong></span> 
     </span>
     <span class='ocr_line' id='line_1_52' title="bbox 749 4066 3231 4133; baseline -0.001 -18"><span class='ocrx_word' id='word_1_465' title='bbox 749 4068 810 4115; x_wconf 88' lang='grc'><strong>12</strong></span> <span class='ocrx_word' id='word_1_466' title='bbox 838 4075 887 4115; x_wconf 89' lang='lat' dir='ltr'><strong>et</strong></span> <span class='ocrx_word' id='word_1_467' title='bbox 920 4081 1143 4132; x_wconf 82' lang='lat' dir='ltr'><strong>paeones</strong></span> <span class='ocrx_word' id='word_1_468' title='bbox 1178 4068 1357 4129; x_wconf 85' lang='lat' dir='ltr'><strong>quina,</strong></span> <span class='ocrx_word' id='word_1_469' title='bbox 1396 4067 1505 4115; x_wconf 85' lang='lat' dir='ltr'><strong>sive</strong></span> <span class='ocrx_word' id='word_1_470' title='bbox 1541 4068 1660 4128; x_wconf 87' lang='lat' dir='ltr'><strong>quia</strong></span> <span class='ocrx_word' id='word_1_471' title='bbox 1696 4083 1787 4116; x_wconf 90' lang='lat' dir='ltr'><strong>nec</strong></span> <span class='ocrx_word' id='word_1_472' title='bbox 1823 4082 1984 4129; x_wconf 86' lang='lat' dir='ltr'><strong>aequa</strong></span> <span class='ocrx_word' id='word_1_473' title='bbox 2019 4068 2203 4117; x_wconf 83' lang='lat' dir='ltr'><strong>divisio</strong></span> <span class='ocrx_word' id='word_1_474' title='bbox 2239 4069 2370 4116; x_wconf 90' lang='lat' dir='ltr'><strong>iuter</strong></span> <span class='ocrx_word' id='word_1_475' title='bbox 2405 4068 2546 4133; x_wconf 88' lang='lat' dir='ltr'><strong>ipsos</strong></span> <span class='ocrx_word' id='word_1_476' title='bbox 2574 4081 2665 4115; x_wconf 81' lang='lat' dir='ltr'><strong>nec</strong></span> <span class='ocrx_word' id='word_1_477' title='bbox 2691 4066 2846 4130; x_wconf 91' lang='lat' dir='ltr'><strong>dupla</strong></span> <span class='ocrx_word' id='word_1_478' title='bbox 2876 4081 2963 4114; x_wconf 89' lang='lat' dir='ltr'><strong>nec</strong></span> <span class='ocrx_word' id='word_1_479' title='bbox 2992 4067 3231 4131; x_wconf 72' lang='lat' dir='ltr'><strong>sescupla</strong></span> 
     </span>
     <span class='ocr_line' id='line_1_53' title="bbox 839 4145 1144 4200; baseline 0.003 -18"><span class='ocrx_word' id='word_1_480' title='bbox 839 4149 952 4183; x_wconf 88' lang='lat' dir='ltr'><strong>esse</strong></span> <span class='ocrx_word' id='word_1_481' title='bbox 977 4145 1144 4200; x_wconf 90' lang='lat' dir='ltr'><strong>potest</strong></span> 
     </span>
     <span class='ocr_line' id='line_1_54' title="bbox 746 4202 3233 4269; baseline -0.001 -17"><span class='ocrx_word' id='word_1_482' title='bbox 746 4205 812 4252; x_wconf 84' lang='lat'><strong>22</strong></span> <span class='ocrx_word' id='word_1_483' title='bbox 840 4204 983 4251; x_wconf 87' lang='lat' dir='ltr'><strong>metri</strong></span> <span class='ocrx_word' id='word_1_484' title='bbox 1008 4203 1166 4268; x_wconf 88' lang='lat' dir='ltr'><strong>pedes</strong></span> <span class='ocrx_word' id='word_1_485' title='bbox 1193 4202 1425 4267; x_wconf 82' lang='lat' dir='ltr'><strong>legitimi:</strong></span> <span class='ocrx_word' id='word_1_486' title='bbox 1466 4205 1550 4264; x_wconf 92' lang='lat' dir='ltr'><strong>qui</strong></span> <span class='ocrx_word' id='word_1_487' title='bbox 1578 4214 1698 4253; x_wconf 88' lang='lat' dir='ltr'><strong>sunt</strong></span> <span class='ocrx_word' id='word_1_488' title='bbox 1724 4203 1994 4261; x_wconf 85' lang='lat' dir='ltr'><strong>naturales,</strong></span> <span class='ocrx_word' id='word_1_489' title='bbox 2030 4204 2080 4251; x_wconf 93' lang='lat' dir='ltr'><strong>in</strong></span> <span class='ocrx_word' id='word_1_490' title='bbox 2110 4202 2309 4253; x_wconf 86' lang='lat' dir='ltr'><strong>heroico</strong></span> <span class='ocrx_word' id='word_1_491' title='bbox 2335 4205 2601 4269; x_wconf 86' lang='lat' dir='ltr'><strong>spondius.</strong></span> <span class='ocrx_word' id='word_1_492' title='bbox 2654 4202 2819 4252; x_wconf 88' lang='lat' dir='ltr'><strong>nothi:</strong></span> <span class='ocrx_word' id='word_1_493' title='bbox 2847 4204 3148 4267; x_wconf 79' lang='lat' dir='ltr'><strong>degeneres,</strong></span> <span class='ocrx_word' id='word_1_494' title='bbox 3177 4213 3233 4250; x_wconf 90' lang='lat' dir='ltr'><strong>ut</strong></span> 
     </span>
     <span class='ocr_line' id='line_1_55' title="bbox 837 4270 3229 4337; baseline -0.001 -18"><span class='ocrx_word' id='word_1_495' title='bbox 837 4272 878 4320; x_wconf 87' lang='lat' dir='ltr'><strong>si</strong></span> <span class='ocrx_word' id='word_1_496' title='bbox 915 4270 1057 4320; x_wconf 86' lang='lat' dir='ltr'><strong>dicas</strong></span> <span class='ocrx_word' id='word_1_497' title='bbox 1094 4271 1276 4320; x_wconf 87' lang='lat' dir='ltr'><strong>nothus</strong></span> <span class='ocrx_word' id='word_1_498' title='bbox 1310 4273 1373 4321; x_wconf 88' lang='lat' dir='ltr'><strong>de</strong></span> <span class='ocrx_word' id='word_1_499' title='bbox 1408 4282 1551 4337; x_wconf 88' lang='lat' dir='ltr'><strong>patre</strong></span> <span class='ocrx_word' id='word_1_500' title='bbox 1589 4272 1740 4321; x_wconf 92' lang='lat' dir='ltr'><strong>nobili</strong></span> <span class='ocrx_word' id='word_1_501' title='bbox 1780 4283 1828 4321; x_wconf 86' lang='lat' dir='ltr'><strong>et</strong></span> <span class='ocrx_word' id='word_1_502' title='bbox 1865 4281 2023 4320; x_wconf 87' lang='lat' dir='ltr'><strong>matre</strong></span> <span class='ocrx_word' id='word_1_503' title='bbox 2047 4273 2274 4337; x_wconf 82' lang='lat' dir='ltr'><strong>ignobili,</strong></span> <span class='ocrx_word' id='word_1_504' title='bbox 2305 4283 2359 4321; x_wconf 91' lang='lat' dir='ltr'><strong>ut</strong></span> <span class='ocrx_word' id='word_1_505' title='bbox 2385 4272 2636 4336; x_wconf 83' lang='lat' dir='ltr'><strong>Vergilius</strong></span> <span class='ocrx_word' id='word_1_506' title='bbox 2663 4298 2723 4305; x_wconf 91' lang='lat'><em>—</em></span> <span class='ocrx_word' id='word_1_507' title='bbox 2752 4273 2963 4322; x_wconf 87' lang='lat' dir='ltr'><strong>creavit.</strong></span> <span class='ocrx_word' id='word_1_508' title='bbox 3018 4271 3229 4334; x_wconf 79' lang='lat' dir='ltr'><strong>legitimi</strong></span> 
     </span>
     <span class='ocr_line' id='line_1_56' title="bbox 835 4339 3230 4404; baseline -0.001 -16"><span class='ocrx_word' id='word_1_509' title='bbox 835 4353 956 4388; x_wconf 90' lang='lat' dir='ltr'><strong>sunt</strong></span> <span class='ocrx_word' id='word_1_510' title='bbox 990 4340 1205 4403; x_wconf 88' lang='lat' dir='ltr'><strong>spondei</strong></span> <span class='ocrx_word' id='word_1_511' title='bbox 1232 4367 1293 4374; x_wconf 94' lang='lat'><strong>—</strong></span> <span class='ocrx_word' id='word_1_512' title='bbox 1323 4339 1437 4388; x_wconf 80' lang='lat' dir='ltr'><strong>facti</strong></span> <span class='ocrx_word' id='word_1_513' title='bbox 1476 4340 1635 4390; x_wconf 86' lang='lat' dir='ltr'><strong>nothi.</strong></span> <span class='ocrx_word' id='word_1_514' title='bbox 1687 4339 1826 4389; x_wconf 87' lang='lat' dir='ltr'><strong>nothi</strong></span> <span class='ocrx_word' id='word_1_515' title='bbox 1862 4340 2076 4402; x_wconf 78' lang='lat' dir='ltr'><strong>(laetali,</strong></span> <span class='ocrx_word' id='word_1_516' title='bbox 2116 4342 2234 4404; x_wconf 86' lang='lat' dir='ltr'><strong>quia</strong></span> <span class='ocrx_word' id='word_1_517' title='bbox 2272 4341 2431 4389; x_wconf 76' lang='lat' dir='ltr'><strong>fracta</strong></span> <span class='ocrx_word' id='word_1_518' title='bbox 2466 4340 2652 4404; x_wconf 78' lang='lat' dir='ltr'><strong>syllaba</strong></span> <span class='ocrx_word' id='word_1_519' title='bbox 2690 4341 2908 4404; x_wconf 88' lang='lat' dir='ltr'><strong>spondei</strong></span> <span class='ocrx_word' id='word_1_520' title='bbox 2947 4339 3114 4388; x_wconf 65' lang='lat' dir='ltr'><strong>hactus</strong></span> <span class='ocrx_word' id='word_1_521' title='bbox 3155 4345 3230 4386; x_wconf 87' lang='lat' dir='ltr'><strong>est</strong></span> 
     </span>
     <span class='ocr_line' id='line_1_57' title="bbox 843 4408 1468 4469; baseline 0.002 -13"><span class='ocrx_word' id='word_1_522' title='bbox 843 4408 1042 4469; x_wconf 86' lang='lat' dir='ltr'><strong>nothus</strong></span> <span class='ocrx_word' id='word_1_523' title='bbox 1069 4408 1190 4456; x_wconf 92' lang='lat' dir='ltr'><strong>inde</strong></span> <span class='ocrx_word' id='word_1_524' title='bbox 1214 4408 1468 4458; x_wconf 79' lang='lat' dir='ltr'><strong>dactuluS.</strong></span> 
     </span>
     <span class='ocr_line' id='line_1_58' title="bbox 744 4474 3227 4542; baseline -0.002 -16"><span class='ocrx_word' id='word_1_525' title='bbox 744 4480 808 4527; x_wconf 89' lang='grc'><strong>29</strong></span> <span class='ocrx_word' id='word_1_526' title='bbox 834 4486 1072 4526; x_wconf 85' lang='lat' dir='ltr'><strong>accentus</strong></span> <span class='ocrx_word' id='word_1_527' title='bbox 1109 4477 1291 4525; x_wconf 87' lang='lat' dir='ltr'><strong>dicitnr</strong></span> <span class='ocrx_word' id='word_1_528' title='bbox 1329 4477 1543 4542; x_wconf 86' lang='lat' dir='ltr'><strong>partium</strong></span> <span class='ocrx_word' id='word_1_529' title='bbox 1585 4478 1828 4526; x_wconf 88' lang='lat' dir='ltr'><strong>orationis</strong></span> <span class='ocrx_word' id='word_1_530' title='bbox 1855 4478 2002 4538; x_wconf 87' lang='lat' dir='ltr'><strong>quasi</strong></span> <span class='ocrx_word' id='word_1_531' title='bbox 2029 4477 2293 4526; x_wconf 83' lang='lat' dir='ltr'><strong>adcantus.</strong></span> <span class='ocrx_word' id='word_1_532' title='bbox 2344 4485 2584 4525; x_wconf 87' lang='lat' dir='ltr'><strong>accentus</strong></span> <span class='ocrx_word' id='word_1_533' title='bbox 2620 4474 2862 4525; x_wconf 88' lang='lat' dir='ltr'><strong>dicuntur</strong></span> <span class='ocrx_word' id='word_1_534' title='bbox 2896 4483 2945 4523; x_wconf 92' lang='lat' dir='ltr'><strong>et</strong></span> <span class='ocrx_word' id='word_1_535' title='bbox 2979 4476 3112 4536; x_wconf 89' lang='lat' dir='ltr'><strong>toni,</strong></span> <span class='ocrx_word' id='word_1_536' title='bbox 3150 4475 3227 4522; x_wconf 90' lang='lat' dir='ltr'><strong>di·</strong></span> 
     </span>
     <span class='ocr_line' id='line_1_59' title="bbox 835 4554 1321 4594; baseline 0.002 -2"><span class='ocrx_word' id='word_1_537' title='bbox 835 4554 1018 4594; x_wconf 90' lang='lat' dir='ltr'><strong>cuntur</strong></span> <span class='ocrx_word' id='word_1_538' title='bbox 1044 4554 1092 4593; x_wconf 90' lang='lat' dir='ltr'><strong>et</strong></span> <span class='ocrx_word' id='word_1_539' title='bbox 1121 4555 1321 4594; x_wconf 87' lang='lat' dir='ltr'><strong>tenores</strong></span> 
     </span>
    </p>
   </div>
   <div class='ocr_carea' id='block_1_10' title="bbox 631 4629 3229 4900">
    <p class='ocr_par' dir='ltr' id='par_1_11' title="bbox 631 4629 3229 4900">
     <span class='ocr_line' id='line_1_60' title="bbox 631 4629 1196 4696; baseline -0.002 -15"><span class='ocrx_word' id='word_1_540' title='bbox 631 4633 715 4696; x_wconf 87' lang='grc'><strong>32,</strong></span> <span class='ocrx_word' id='word_1_541' title='bbox 743 4632 772 4680; x_wconf 86' lang='grc'><strong>’1</strong></span> <span class='ocrx_word' id='word_1_542' title='bbox 831 4632 895 4680; x_wconf 87' lang='lat' dir='ltr'><strong>ab</strong></span> <span class='ocrx_word' id='word_1_543' title='bbox 920 4629 1196 4680; x_wconf 88' lang='lat' dir='ltr'><strong>accinendo</strong></span> 
     </span>
     <span class='ocr_line' id='line_1_61' title="bbox 742 4675 2301 4766; baseline 0.001 -19"><span class='ocrx_word' id='word_1_544' title='bbox 742 4702 806 4749; x_wconf 88' lang='lat'><strong>23</strong></span> <span class='ocrx_word' id='word_1_545' title='bbox 837 4707 997 4748; x_wconf 86' lang='lat' dir='ltr'><strong>mutat</strong></span> <span class='ocrx_word' id='word_1_546' title='bbox 1022 4707 1284 4748; x_wconf 88' lang='lat' dir='ltr'><strong>accentum</strong></span> <span class='ocrx_word' id='word_1_547' title='bbox 1314 4708 1363 4747; x_wconf 92' lang='lat' dir='ltr'><strong>et</strong></span> <span class='ocrx_word' id='word_1_548' title='bbox 1387 4700 1435 4747; x_wconf 90' lang='lat' dir='ltr'><strong>in</strong></span> <span class='ocrx_word' id='word_1_549' title='bbox 1464 4700 1864 4766; x_wconf 85' lang='lat' dir='ltr'><strong>antepenultima</strong></span> <span class='ocrx_word' id='word_1_550' title='bbox 1887 4707 2094 4748; x_wconf 87' lang='lat' dir='ltr'><strong>acutum</strong></span> <span class='ocrx_word' id='word_1_551' title='bbox 2121 4675 2301 4764; x_wconf 85' lang='lat' dir='ltr'><strong>recipit</strong></span> 
     </span>
     <span class='ocr_line' id='line_1_62' title="bbox 741 4765 3229 4900; baseline -0.001 -81.998"><span class='ocrx_word' id='word_1_552' title='bbox 741 4772 806 4818; x_wconf 84' lang='lat'><strong>30</strong></span> <span class='ocrx_word' id='word_1_553' title='bbox 828 4769 878 4816; x_wconf 90' lang='lat' dir='ltr'><strong>in</strong></span> <span class='ocrx_word' id='word_1_554' title='bbox 914 4767 1337 4900; x_wconf 51' lang='lat' dir='ltr'><strong>antepeniiltima:</strong></span> <span class='ocrx_word' id='word_1_555' title='bbox 1381 4769 1451 4828; x_wconf 77' lang='lat' dir='ltr'><strong>ef.</strong></span> <span class='ocrx_word' id='word_1_556' title='bbox 1491 4771 1572 4826; x_wconf 90' lang='grc'><strong>33,</strong></span> <span class='ocrx_word' id='word_1_557' title='bbox 1609 4771 1639 4817; x_wconf 90' lang='grc'><strong>3</strong></span> <span class='ocrx_word' id='word_1_558' title='bbox 1679 4765 1898 4833; x_wconf 78' lang='lat' dir='ltr'><strong>[codicis</strong></span> <span class='ocrx_word' id='word_1_559' title='bbox 1934 4769 2240 4831; x_wconf 74' lang='lat' dir='ltr'><strong>scripturam</strong></span> <span class='ocrx_word' id='word_1_560' title='bbox 2275 4770 2387 4831; x_wconf 82' lang='lat' dir='ltr'><strong>ipso</strong></span> <span class='ocrx_word' id='word_1_561' title='bbox 2426 4767 2641 4831; x_wconf 74' lang='lat' dir='ltr'><strong>Hayeno</strong></span> <span class='ocrx_word' id='word_1_562' title='bbox 2677 4775 2911 4816; x_wconf 79' lang='lat' dir='ltr'><strong>monente</strong></span> <span class='ocrx_word' id='word_1_563' title='bbox 2955 4783 3054 4816; x_wconf 80' lang='lat' dir='ltr'><strong>non</strong></span> <span class='ocrx_word' id='word_1_564' title='bbox 3090 4774 3229 4816; x_wconf 75' lang='lat' dir='ltr'><strong>recte</strong></span> 
     </span>
     <span class='ocr_line' id='line_1_63' title="bbox 833 4842 1133 4885; baseline -0.003 -1"><span class='ocrx_word' id='word_1_565' title='bbox 833 4842 1133 4885; x_wconf 79' lang='lat' dir='ltr'><strong>mutaveram</strong></span> 
     </span>
    </p>
   </div>
  </div>
 </body>
</html>
