3541 5564
561 339 645 407 28
1675 340 2022 405 CLEDONII

614 465 657 505 p.
686 454 797 495 1882.
823 453 875 493 83
901 450 946 492 P.

365 550 700 608 368,2nem
754 531 1035 612 syllabam
1093 532 1247 592 iacit.
1301 564 1371 575 —
1422 531 1463 592 S
1516 530 1778 593 littera
1835 530 2207 592 cuiusdam
2264 548 2437 591 suae
2489 528 2921 609 potestatis:
2992 529 3126 607 quia

562 635 858 715 superflua
912 634 1208 695 invenitur
1260 632 1559 693 interdum
1614 641 1672 694 et
1723 636 1852 713 ipsa
1907 633 2181 711 liquescit
2233 634 2294 692 in
2349 641 2572 702 metro,
2645 629 2671 711 Η
2730 631 2866 711 quia
2920 629 3130 692 sibilus

506 739 747 815 4magis
777 744 866 797 est
894 754 1069 815 quam
1101 753 1446 796 consonans».
1486 769 1559 779 —
1608 735 1701 795 Ex
1745 735 1904 796 illis
1947 734 1973 794 i'
2011 734 2298 795 littera:
2345 734 2498 795 lianc
2542 733 2721 795 habet
2755 739 3126 813 potestatem,

510 832 525 837 “
563 840 1085 920 quotienscumque
1131 839 1458 917 anteposita
1503 838 1684 899 suerit
1725 836 2014 915 liquidae,
2059 838 2143 898 sic
2176 844 2235 897 et
2265 854 2394 897 eam
2427 854 2799 896 communem
2844 834 3126 915 syllabam

506 953 534 1001 7
563 942 728 1010 facit,
777 947 843 1002 ut
883 941 1108 1001 Africa:
1167 958 1196 999 a
1255 941 1582 1000 communis
1639 938 1857 1019 syllaba
1906 946 2008 999 est.
2066 973 2133 984 —
2183 938 2231 999 Κ
2278 945 2347 999 et
2388 956 2452 1013 q:
2501 936 2654 1017 apud
2703 944 2935 998 veteres
2980 937 3180 1024 haecf»

564 1051 690 1103 erat
743 1040 1192 1121 orthographia,
1260 1048 1354 1107 ut,
1427 1042 1698 1119 quotiens
1755 1059 1787 1101 a
1842 1048 2222 1121 sequeretur,
2281 1041 2318 1101 k
2375 1047 2529 1101 esset
2583 1040 2944 1119 praeposita,
3007 1040 3017 1115 Ι
3066 1045 3132 1098 ut

563 1144 744 1223 kaput
798 1141 1121 1212 Kalendae;
1179 1144 1447 1222 quotiens
1504 1161 1570 1212 u,
1619 1161 1673 1221 q.
1720 1143 1823 1203 sed
1887 1162 2027 1204 usus
2082 1151 2281 1204 noster
2325 1144 2570 1204 mutavit
2611 1150 3024 1222 praeceptum,
3074 1148 3133 1200 et

508 1259 769 1308 aearum
815 1247 1000 1306 vicem
1047 1262 1080 1305 c
1122 1243 1314 1306 littera
1360 1243 1580 1324 implet.
1642 1278 1711 1289 —-
1776 1244 2278 1306 Scribendum.
2328 1244 2393 1304 h:
2442 1245 2715 1324 quotiens
2756 1246 2915 1305 iuvat
2961 1261 3127 1303 voca—

564 1348 710 1419 lem,
769 1365 1098 1409 consonans
1154 1354 1271 1413 est:
1329 1347 1601 1426 quotiens
1657 1365 1777 1407 non
1831 1349 2016 1417 iuvat,
2075 1354 2211 1407 nota
2274 1347 2686 1427 adspirationis
2743 1352 2845 1407 est.
2908 1344 3000 1426 [xz
3047 1347 3129 1405 ita

512 1463 536 1510 1
566 1449 809 1519 dicitur,
858 1449 997 1528 quia
1041 1450 1344 1527 genetivus
1386 1450 1447 1509 in
1493 1451 1543 1509 is
1587 1450 1792 1518 mittit,
1849 1451 1956 1529 pix
1992 1450 2169 1528 piciS,
2224 1468 2330 1509 rex
2387 1451 2561 1526 regis,
2634 1483 2702 1494 --
2775 1446 3128 1526 Liquidae
3158 1458 3206 1495 10

568 1558 953 1630 quattuor,
1014 1551 1032 1611 l
1088 1569 1144 1610 m
1202 1570 1239 1611 n
1299 1559 1366 1612 et
1419 1570 1477 1611 r:
1538 1550 1693 1630 apud
1738 1549 1976 1612 Latinos
2019 1549 2179 1612 solae
2223 1570 2331 1630 pro
2362 1553 2536 1611 metri
2580 1569 2753 1611 causa
2799 1548 3133 1629 liquescunt

478 1652 583 1717 101
631 1660 689 1714 et
731 1674 792 1723 r,
840 1662 1124 1733 pereunt;
1181 1653 1335 1732 apud
1383 1654 1639 1714 Graecos
1695 1660 1850 1713 totae
1907 1661 2182 1730 quattuor
2228 1651 2608 1733 liquescunt]
2660 1687 2728 1696 —-
2779 1652 2825 1712 Y
2870 1658 2938 1711 et
2980 1670 3040 1711 z:
3093 1669 3132 1709 z

562 1756 714 1835 apud
761 1775 868 1816 nos
913 1764 971 1815 et
1017 1755 1189 1833 longa
1237 1762 1297 1815 et
1338 1753 1533 1816 brevis
1577 1765 1696 1825 est,
1744 1755 1896 1834 apud
1931 1756 2187 1816 Graecos
2220 1755 2455 1834 duplex,
2502 1754 2559 1815 id
2607 1761 2696 1815 est
2736 1753 2929 1831 longa,
2977 1752 3129 1832 apud

563 1877 670 1919 nos
722 1859 800 1928 ita
857 1865 972 1926 est,
1031 1857 1286 1932 duplex,
1346 1866 1414 1918 ut
1456 1858 1810 1918 ‘Mezenti
1856 1856 2064 1918 ducis
2121 1858 2487 1925 exuvias';
2536 1855 2811 1936 simplex,
2858 1862 2923 1915 ut
2967 1860 3128 1916 ‘ne-

478 1976 537 2023 13
562 1978 848 2021 morosa
879 1960 1292 2037 Zacyntos'.
1331 1959 1583 2033 —,Vna
1630 1958 2122 2038 aspirationis
2167 1967 2366 2027 nota,
2415 1956 2481 2024 h:
2529 1956 2800 2037 duplex
2831 1974 2897 2023 x:
2946 1956 3206 2017 duae15

563 2078 1107 2142 supervacuae,
1165 2059 1201 2120 k
1249 2070 1307 2121 et
1349 2080 1413 2135 q,
1470 2062 1606 2140 quia
1662 2061 1872 2123 harum
1929 2060 2123 2121 locum
2180 2079 2213 2119 c
2257 2059 2487 2138 implet,
2546 2058 2725 2119 duae
2782 2077 3128 2138 graecae,

562 2182 596 2241 y
642 2169 793 2223 etz.
860 2196 926 2205 —
989 2148 1208 2223 Omnes
1265 2161 1496 2222 litterae
1551 2164 1789 2239 generis
1842 2170 1983 2224 sunt
2038 2163 2234 2224 neutri
2291 2168 2350 2223 et
2403 2180 2641 2243 semper
2694 2159 3130 2222 indeclinabilia

476 2282 538 2331 14
562 2272 699 2325 sunt
753 2263 1103 2345 [numquam
1151 2262 1583 2345 declinantur}
1631 2272 1696 2325 ut
1740 2266 1822 2325 ait
1864 2266 2071 2327 Cicero
2120 2269 2130 2338 Ι
2182 2265 2241 2323 in
2287 2262 2695 2326 Siciliensibus
2749 2279 2786 2315 ιε
2835 2262 3128 2331 accidunt,

563 2386 807 2436 nomen,
857 2384 973 2445 quo
1018 2374 1287 2434 vocatur;
1334 2367 1551 2443 ligura,
1600 2383 1711 2443 qua
1769 2352 2035 2435 notatur,
2081 2365 2193 2425 hoc
2240 2372 2328 2426 est
2369 2368 2563 2444 imago
2606 2367 2816 2445 ipsiuS,
2865 2381 2978 2441 qua
3023 2366 3129 2425 fln-

563 2471 749 2548 gitur;
806 2476 1094 2548 potestaS,
1155 2484 1269 2545 qua
1324 2467 1503 2539 valet,
1562 2477 1626 2529 ut
1677 2470 1959 2538 sciamuS,
2020 2474 2217 2529 utrum
2275 2467 2486 2528 vocalis
2531 2469 2605 2528 sit
2647 2485 2722 2529 an
2766 2465 3129 2527 semivocalis
3156 2477 3208 2517 20

562 2589 637 2631 an
680 2577 857 2631 muta.

1612 2655 1707 2716 DE
1751 2655 2080 2717 SYLLABA

474 2786 537 2836 18
730 2772 967 2855 Syllaba
1010 2772 1163 2835 dicta
1210 2781 1299 2836 est
1340 2766 1470 2836 ἀπὸ
1517 2774 1639 2837 τοῦ
1683 2773 2081 2856 συλλαβεῖν,
2131 2794 2202 2836 eo
2247 2774 2400 2856 quod
2446 2773 2651 2854 plures
2694 2772 2925 2835 litterae
2970 2793 3129 2834 com-

536 2878 892 2956 prehensae
946 2894 1091 2944 una,
1151 2894 1184 2936 a
1239 2875 1510 2956 pluribus
1564 2876 1775 2938 litteris
1829 2876 2000 2940 dicta.
2088 2895 2193 2937 cur
2252 2895 2364 2938 una
2411 2875 2692 2957 syllabam
2737 2877 2876 2936 facit
2920 2875 3133 2937 vocalis

559 2978 793 3039 littera?
849 2976 961 3037 hoc
1015 2978 1260 3039 solvitur
1314 2997 1423 3058 per
1480 2980 1909 3048 catantil'rasin,
1966 2978 2078 3040 hoc
2134 2986 2223 3040 est
2275 2998 2384 3058 per
2438 2979 2946 3047 contrarietatem,
2997 2979 3131 3055 quia
3155 2990 3209 3030 25

564 3087 721 3143 tanta
766 3082 851 3140 vis
897 3086 986 3141 est
1028 3080 1274 3150 vocaliS,
1319 3086 1387 3140 ut
1428 3078 1622 3142 locum
1655 3081 1914 3162 syllabae
1946 3081 2204 3162 impleat.
2259 3116 2327 3125 —
2388 3081 2808 3156 Temporum
2852 3098 3134 3156 capax:

565 3185 696 3261 quia
742 3183 933 3243 omnis
976 3180 1194 3262 syllaba
1241 3190 1505 3261 tempora
1554 3185 1733 3263 capit:
1786 3202 1919 3244 nam
1952 3183 2122 3262 longa
2160 3193 2425 3264 tempora
2457 3181 2573 3243 duo
2607 3180 2888 3263 [syllaba]
2935 3181 3131 3252 babet,

564 3284 759 3345 brevis
802 3300 1002 3343 unum.
1093 3290 1215 3344 tres
1268 3293 1407 3345 sunt
1461 3287 1691 3364 species
1745 3285 2130 3366 syllabarum:
2196 3295 2296 3347 aut
2349 3284 2559 3346 breves
2603 3295 2739 3345 sunt
2782 3292 2883 3345 aut
2924 3284 3135 3362 longae

564 3399 663 3446 aut
707 3404 1069 3447 communes,
1159 3385 1330 3464 longa
1391 3384 1611 3467 syllaba
1668 3388 1958 3468 positione
2016 3397 2147 3449 octo
2195 3388 2385 3448 modis
2429 3388 2518 3446 fit:
2575 3388 2625 3447 si
2668 3385 2883 3448 vocalis
2925 3386 3138 3447 desinit

564 3489 624 3548 in
680 3487 829 3549 duas
886 3495 1306 3558 consonantes,
1363 3495 1430 3549 ut
1483 3494 1626 3550 east
1683 3494 1878 3567 ego';
1939 3506 1978 3542 π
2022 3488 2236 3550 vocalis
2283 3493 2292 3566 Ι
2343 3489 2556 3550 desinit
2597 3490 2658 3549 in
2705 3507 2880 3549 unam
2925 3508 3133 3549 conso·
3162 3499 3213 3539 ³0

703 3641 824 3692 Coei.
861 3641 1019 3691 Bern.
1063 3642 1128 3690 lV
1157 3639 1393 3696 7*-8*.
1506 3643 1526 3693 l
1572 3641 1715 3709 suae]
1760 3643 1869 3691 siue
1905 3659 2039 3693 corr.
2077 3658 2168 3693 sue
2309 3643 2340 3689 2
2379 3639 2518 3707 qnia]
2559 3659 2657 3706 qua
2719 3626 2733 3644 ⁸
2797 3641 2828 3691 3
2865 3642 2891 3691 f
2921 3642 3133 3691 litteram

701 3712 734 3761 5
778 3712 1058 3760 communis
1109 3711 1308 3778 syllaba
1349 3718 1427 3762 est
1462 3728 1563 3762 una
1610 3714 1800 3778 duplex
1844 3727 1945 3765 .x.
1988 3713 2102 3761 ideo
2155 3711 2345 3777 duplex
2379 3713 2565 3761 dicitur
2604 3713 2723 3776 quia
2757 3722 2874 3778 post
2908 3710 3132 3760 uocalem

565 3781 731 3845 posita
771 3796 861 3847 pro
899 3781 1096 3831 duabus
1132 3782 1523 3832 consonantibus
1561 3782 1695 3832 ualet
1723 3791 1770 3831 et
1805 3784 2055 3846 positione
2091 3797 2200 3830 eam
2235 3782 2435 3846 longam
2478 3782 2598 3831 facit
2623 3781 2704 3845 (nt
2724 3783 2843 3832 add.
2878 3783 2947 3830 al.
2975 3783 3136 3844 inan.)

566 3860 642 3900 est
675 3867 777 3903 .x.
818 3853 865 3899 in
906 3852 1104 3916 graecis
1148 3852 1365 3918 simplex
1409 3863 1503 3903 est.
1543 3852 1705 3901 littera
1742 3868 1932 3901 xerses.
1977 3852 2214 3902 xanthus.
2250 3852 2283 3900 k
2320 3861 2368 3900 et
2403 3865 2526 3915 aput
2562 3863 2756 3902 ueteres
2895 3852 2928 3903 6
2966 3851 3137 3901 ortho-

566 3922 725 3985 gratia
865 3923 893 3970 7
928 3931 1077 3987 caput
1112 3924 1350 3972 calendae
1489 3924 1523 3973 9
1559 3922 1922 3988 adspirationis
1958 3937 2021 3970 ex
2050 3924 2119 3972 ita
2260 3921 2323 3972 10
2361 3923 2411 3970 in
2451 3922 2532 3972 his
2675 3923 2738 3973 12
2777 3930 2898 3987 aput
2926 3937 3138 3987 graecos

704 4007 735 4055 y
775 4001 823 4040 et
863 4008 890 4040 z
934 4001 1057 4057 aput
1094 4007 1184 4042 nos
1222 4003 1270 4042 et
1312 3993 1462 4056 longa
1504 4001 1553 4041 et
1590 3994 1762 4042 uerbis
1801 4001 1877 4040 est
1907 4002 2028 4055 aput
2173 3993 2234 4043 13
2275 4003 2397 4056 aput
2438 4007 2528 4042 nos
2567 3993 2634 4041 ita
2668 4001 2744 4041 est
2781 3993 2997 4043 mezenti

568 4060 633 4111 16
674 4076 1020 4127 superuacuae
1072 4077 1099 4110 c
1135 4071 1184 4110 et
1219 4063 1337 4125 quia
1379 4078 1522 4111 arum
1666 4063 1730 4112 18
1768 4061 2080 4112 declinantes
2128 4065 2198 4110 ait
2239 4063 2402 4112 cicero
2444 4061 2452 4125 Ι
2498 4065 2549 4110 in
2598 4062 2930 4127 sicelyensius
2976 4065 3134 4123 (corr.

566 4134 757 4181 recenti
790 4148 935 4181 manu
971 4129 1168 4194 —sibus)
1206 4148 1256 4194 q,
1297 4132 1575 4182 adaliarum
1610 4133 1683 4180 eri
1714 4128 1724 4196 Ι
1758 4167 1928 4184 ......
1970 4132 2131 4181 littera
2170 4133 2538 4196 essetintegrae
2575 4140 2641 4181 vt.
2670 4149 2695 4180 z
2737 4131 2747 4197 Ι
2793 4168 2965 4185 ......
3007 4134 3136 4180 acci·

568 4200 692 4250 dunt
722 4242 968 4255 ........
1004 4201 1014 4264 Ι
1046 4217 1227 4250 nomen
1266 4216 1364 4266 qua
1506 4202 1570 4252 19
1595 4217 1724 4264 qnae
1754 4201 1961 4266 fingitur
2102 4203 2168 4253 :23
2206 4204 2864 4252 ‹tietacanorovcvmassnm
3003 4203 3068 4252 24
3108 4218 3137 4250 a

570 4270 849 4334 pluralibus
887 4270 1067 4321 litteris
1208 4274 1275 4323 26
1311 4268 1407 4336 est]
1450 4280 1499 4320 et
1638 4270 1881 4336 impleant
1917 4274 2036 4335 qula
2176 4275 2243 4323 27
2283 4272 2467 4321 babent
2507 4273 2713 4336 praenis
2751 4287 2903 4321 unum

567 4339 635 4390 30
673 4350 725 4390 nt
759 4356 905 4391 aseco
945 4341 1137 4392 uocalis
1276 4342 1323 4390 in
1365 4356 1515 4389 unam
1552 4350 1860 4391 consonante

705 4480 739 4530 9
775 4496 807 4528 x
854 4480 922 4528 ita
965 4475 1166 4544 dicitur]
1210 4479 1278 4540 cf.
1315 4479 1533 4539 Pompei.
1570 4494 1625 4540 p.
1668 4477 1735 4527 28
1780 4478 1860 4527 ed.
1901 4479 2054 4528 Lind.
2236 4481 2298 4529 14
2343 4476 2582 4544 Mezenti]
2632 4479 2790 4545 Vcry.
2832 4479 2958 4530 Aen.
2994 4479 3064 4529 Χῖ
3104 4482 3135 4528 7

710 4547 992 4615 nemorosa]
1043 4551 1200 4614 Ver-9.
1243 4548 1371 4597 Aen.
1409 4548 1471 4597 ΙΙΙ
1510 4549 1612 4598 270
1752 4548 1819 4598 23
1857 4550 2086 4611 fortasse
2117 4548 2492 4614 conprehensae
2533 4550 2648 4599 sint.
2691 4565 2804 4598 cnm
2835 4565 2864 4598 a
2902 4549 3136 4615 pluribus
3216 4545 3234 4574 “

569 4619 746 4669 litteris
782 4619 915 4671 dieta
950 4621 1033 4683 sit,
1077 4634 1164 4669 cut·
1338 4616 1406 4667 30
1446 4627 1498 4666 ut
1530 4628 1609 4668 ast
1645 4634 1740 4683 ego
1781 4619 2058 4672 Pacscliius.
2100 4635 2169 4670 ea:
2206 4627 2317 4670 octo
2353 4619 2512 4668 modis
2547 4618 2854 4684 syllabarum
2892 4622 3137 4684 positione

567 4694 838 4753 longarum,
868 4705 992 4756 quos
1021 4690 1191 4753 posuit
1220 4689 1587 4754 yrammalicus,
1618 4689 1917 4739 exciderunt
1948 4691 2064 4749 duo,
2095 4695 2245 4747 alter,
2277 4705 2382 4737 cum
2416 4691 2605 4739 vocalis
2641 4691 2894 4751 excipitur
2929 4689 3121 4739 duabus

567 4761 946 4811 consonantibus
963 4798 976 4823 ,
1011 4763 1141 4811 alter
1174 4775 1279 4809 cum
1315 4760 1568 4823 excipitur
1607 4760 1797 4822 duplici
1833 4761 2000 4811 littera
2037 4777 2098 4826 x,
2141 4761 2214 4810 ad
2246 4775 2383 4828 quem
2419 4761 2606 4810 modum
2642 4760 2756 4808 axis
2786 4763 3028 4827 pertinet:
3065 4762 3135 4824 cf·

574 4831 727 4884 Diom.
763 4846 816 4894 p.
849 4829 951 4882 423
985 4832 1046 4886 P.
1088 4832 1251 4895 itaque
1283 4831 1492 4881 lacunas
1526 4830 1745 4882 iudicavi
