3541 5564
1388 328 1860 393 COMMENTVM
2835 326 2958 392 207

2484 450 2499 464 =
2593 437 2839 490 μῶυ-ω
2866 436 2912 477 L,

374 514 572 576 nibus
661 535 778 596 quo
827 517 1001 578 modo
1046 516 1295 579 dicimus
1340 516 1530 579 nubes
1576 517 1732 588 dies,
1781 518 1865 580 sic
1913 519 2089 579 etiam
2132 520 2192 578 in
2239 517 2692 596 pronominibus
2735 519 2960 579 inveni-

373 624 472 677 tur
517 619 850 679 communis
895 637 1180 680 numerus
1225 620 1379 681 inter
1422 619 1783 699 singularem
1830 627 1890 680 et
1930 619 2249 700 pluralem,
2309 627 2371 681 ut
2414 621 2542 699 qui:
2621 627 2681 680 et
2724 619 2797 681 de
2843 638 2960 680 uno

373 736 616 797 possum
663 718 862 782 dicere
908 723 1007 800 qui
1054 728 1113 782 et
1157 720 1231 782 de
1278 721 1507 783 duobus
1552 731 1611 783 et
1655 721 1729 782 de
1774 720 2072 801 pluribuS,
2120 723 2221 799 qui
2250 724 2339 783 vir
2386 729 2445 782 et
2488 723 2592 799 qui
2623 722 2760 789 viri,
2809 738 2961 799 quae

373 821 590 882 mulier
635 830 694 883 et
737 841 889 903 quae
933 808 1230 884 mulieres.
1293 831 1433 885 sunt
1462 826 1640 885 etiam
1684 826 2038 905 pronomina
2084 823 2414 884 deficientia
2460 841 2569 901 per
2613 820 2957 883 alterutram

317 936 345 975 ⁵
372 932 626 1003 partem.
715 943 831 1005 quo
878 925 1053 986 modo
1100 925 1355 986 diximus
1400 927 1462 986 in
1508 926 1846 987 nominibus
1891 944 2021 987 esse
2066 924 2259 1005 aliqua
2306 926 2544 986 nomina
2592 921 2681 1005 [in
2730 942 2958 985 mascu-

369 1023 497 1086 lino
541 1025 794 1108 genere]
852 1034 1081 1089 tantum
1138 1029 1371 1089 numeri
1415 1027 1766 1107 singularis,
1830 1027 2100 1091 similiter
2143 1028 2378 1089 nomina
2424 1034 2650 1088 tantum
2694 1025 2956 1105 pluralis

366 1128 456 1187 sic
505 1129 684 1189 etiam
731 1135 791 1190 et
834 1131 896 1190 in
941 1131 1315 1210 pronomine.
1407 1138 1547 1191 sunt
1589 1132 1943 1210 pronomina
2001 1148 2072 1191 ex
2115 1138 2365 1209 utraque
2409 1135 2577 1207 parte
2620 1127 2956 1206 singularia,

369 1237 437 1290 ut
481 1247 676 1301 meuS,
736 1230 795 1291 id
855 1239 944 1293 est
991 1239 1056 1293 et
1109 1230 1209 1293 ille
1265 1234 1364 1312 qui
1425 1233 1688 1313 possidet
1745 1240 1806 1294 et
1860 1232 1958 1294 ille
2002 1234 2101 1312 qui
2145 1230 2480 1311 possidetur
2525 1248 2677 1291 unus
2721 1239 2840 1298 est:
2887 1248 2958 1290 ex

365 1340 625 1412 utraque
667 1340 838 1413 parte
882 1332 1163 1414 pluralia,
1213 1343 1279 1395 ut
1324 1336 1538 1405 nostri,
1589 1342 1646 1396 et
1690 1336 1791 1414 qui
1835 1334 2035 1396 dicunt
2066 1352 2131 1395 se
2172 1332 2478 1413 possidere
2525 1340 2584 1392 et
2626 1332 2700 1392 de
2745 1330 2960 1409 quibus
3019 1339 3023 1343 ’

285 1447 339 1485 ¹0
368 1433 584 1494 dicunt
626 1434 834 1514 plures
877 1446 1031 1497 sunt.
1123 1437 1480 1498 intrinsecus
1521 1436 1839 1515 singulare,
1886 1436 2252 1496 extrinsecus
2296 1432 2554 1514 plurale:
2601 1435 2959 1494 intrinsecus

366 1536 589 1597 dicitur
636 1538 794 1615 quod
842 1539 1100 1617 pertinet
1144 1538 1217 1599 ad
1262 1557 1575 1619 personam
1634 1537 2020 1618 possidentiS,
2079 1538 2451 1599 extrinsecus
2495 1535 2650 1617 quod
2696 1537 2958 1615 pertinet

344 1638 440 1700 'ad
488 1658 808 1718 personam
859 1640 864 1721 f
915 1641 1324 1720 possessionis.
1370 1640 1605 1720 quando
1652 1658 1794 1719 ergo
1838 1626 2195 1701 intrinsecus
2238 1638 2464 1719 plurale
2510 1645 2618 1708 est,
2667 1640 2954 1699 extrinse-

365 1760 475 1801 cus
534 1741 870 1820 singulare,
931 1743 1045 1803 erit
1099 1741 1196 1803 bic
1251 1751 1484 1812 noster,
1561 1750 1628 1803 ut
1682 1742 1851 1803 multi
1905 1745 2024 1804 sint
2088 1744 2188 1822 qui
2244 1740 2574 1820 possident,
2645 1758 2799 1802 unus
2855 1743 2957 1819 qui

365 1843 732 1922 possidetur.
822 1843 1138 1924 aliquando
1202 1845 1560 1906 intrinsecus
1624 1841 1953 1923 singulare,
2025 1846 2394 1905 extrinsecus
2448 1840 2707 1923 plurale,
2776 1851 2840 1904 ut
2907 1844 2958 1903 si

283 1957 337 1996 15
364 1945 536 2007 dicas
582 1947 719 2007 mei.
2763 1936 2769 1949 ‘

541 2047 694 2108 Sunt
738 2049 914 2109 etiam
959 2049 1185 2126 figurae
1228 2050 1289 2109 in
1335 2047 1807 2127 pronominibus,
1870 2055 1961 2109 est
2002 2049 2188 2127 figura
2235 2054 2336 2110 aut
2377 2046 2627 2126 simplex
2672 2054 2771 2109 aut
2815 2067 2955 2109 con·
2980 2059 3100 2122 436,
3127 2061 3193 2109 30

365 2150 591 2229 posita,
664 2149 917 2230 simplex
981 2152 1139 2230 quis,
1208 2152 1514 2230 conposita
1580 2151 1867 2230 quisquiS.
1957 2168 2093 2211 nam
2161 2150 2415 2211 diximus
2476 2152 2538 2210 in
2618 2149 2959 2212 nominibus

362 2252 653 2330 quoniam
709 2269 780 2312 ea
836 2254 1073 2313 nomina
1133 2271 1282 2333 quae
1344 2272 1416 2313 ex
1475 2252 1709 2314 duobus
1752 2250 2095 2313 nominibus
2138 2253 2445 2331 conposita
2491 2258 2631 2313 sunt
2675 2268 2742 2311 ea
2789 2259 2957 2329 parte

365 2352 762 2423 declinantur,
810 2373 927 2434 qua
973 2364 1062 2416 est
1106 2355 1529 2423 nominativus;
1577 2361 1636 2414 et
1678 2356 1979 2416 invenitur
2026 2371 2244 2414 nomen
2289 2352 2445 2433 quod
2493 2361 2743 2430 utraque
2787 2362 2957 2431 parte

281 2468 336 2507 2⁰
362 2454 704 2516 declinatur
759 2453 1028 2537 [praetor
1080 2456 1343 2518 urbanus
1388 2465 1637 2537 utraque
1691 2464 1863 2535 parte
1931 2454 2319 2536 declinatur],
2367 2456 2642 2535 quoniam
2707 2462 2955 2534 utraque

362 2565 536 2637 parte
584 2559 980 2619 nominativus
1026 2565 1132 2619 est.
1222 2558 1368 2619 haec
1412 2560 1744 2619 invenimus
1789 2565 1849 2618 et
1889 2559 1953 2618 in
1996 2555 2471 2639 pronominibus
2564 2565 2702 2619 sunt
2735 2575 2955 2636 prono-

363 2661 528 2720 mina
575 2661 883 2739 conposita
931 2678 1082 2740 quae
1126 2667 1378 2738 utraque
1422 2668 1592 2742 parte
1638 2660 2041 2731 declinantur,
2099 2667 2239 2721 sunt
2281 2677 2433 2738 quae
2478 2660 2680 2739 priore
2725 2666 2954 2720 tantum

361 2770 537 2841 parte
585 2760 957 2824 declinantur
1004 2769 1060 2824 et
1103 2765 1433 2843 posteriore
1464 2782 1586 2826 non
1615 2761 2015 2833 declinantur,
2063 2769 2203 2824 sunt
2231 2780 2379 2842 quae
2410 2764 2742 2842 posteriore
2786 2768 2957 2841 parte

363 2865 747 2927 declinantur
793 2872 852 2925 et
895 2866 1095 2944 priore
1140 2884 1259 2927 non
1305 2865 1696 2928 declinantur.
1760 2875 2010 2945 utraque
2054 2873 2222 2945 parte
2252 2862 2581 2925 declinatur
2623 2882 2956 2943 pronomen

277 2979 336 3021 25
362 2968 662 3046 quisquis:
711 2969 979 3048 quisquis
1024 2969 1364 3030 cuiuscuius
1409 2970 1603 3031 euicui
1648 2987 2008 3048 quemquem
2051 2968 2315 3047 quisquis
2359 2986 2392 3027 a
2437 2985 2705 3048 quoquo,
2753 2967 2956 3044 quiqui

362 3085 881 3148 quorumquorum
926 3068 1354 3150 quibusquibus
1399 3089 1696 3151 quosquos
1740 3071 1946 3185 quiqui
1988 3088 2021 3129 a
2065 3067 2513 3148 quibusquibus.
2576 3069 2698 3129 noli
2743 3075 2955 3147 putare

362 3171 478 3232 boc
524 3190 700 3232 causa
755 3170 1166 3234 declinationis
1211 3192 1366 3235 esse:
1428 3181 1487 3234 et
1530 3172 1686 3253 apud
1730 3172 2081 3233 Ciceronem
2128 3173 2416 3233 remansit
2458 3172 2653 3232 euicui
2696 3179 2756 3231 et
2798 3167 2954 3250 apud

360 3272 734 3333 Terentium.
828 3292 961 3334 nam
1007 3275 1323 3336 Terentius
1367 3273 1511 3336 dixit

672 3376 842 3453 quia
885 3375 1195 3456 spolies,
1243 3376 1568 3450 mutiles,
1618 3375 1931 3447 lateres,
1981 3392 2418 3454 quemquem
2465 3382 2736 3437 nancta
2780 3376 2907 3437 sis.

275 3489 332 3527 ³⁰
361 3494 756 3557 quemquem,
822 3477 976 3540 unde
1034 3480 1149 3539 erit
1203 3480 1315 3540 ista
1370 3478 1688 3540 declinatio
1745 3487 1929 3540 tracta
1990 3481 2105 3540 nisi
2158 3496 2191 3538 a
2248 3479 2609 3539 nominativo
2670 3476 2950 3555 singulari

360 3581 673 3659 quisquis?
720 3581 989 3660 quisquis
1018 3582 1359 3643 cuiuscuius
1390 3583 1586 3642 euicui
1617 3597 1992 3661 quemquem.
2055 3582 2194 3641 item
2238 3582 2299 3642 in
2331 3582 2598 3642 verrinis
2629 3579 2861 3641 habetis
2889 3581 2950 3640 in

359 3680 463 3742 illa
494 3683 888 3743 trumentaria
912 3682 1215 3744 Ciceronis
1244 3684 1649 3744 ‘cuicuimo
1665 3682 1732 3743 di
1763 3687 1924 3743 est’.
1973 3683 2186 3753 cuicui,
2219 3682 2377 3744 unde
2407 3684 2521 3743 erit
2548 3685 2660 3743 ista
2694 3680 2950 3743 declina-

357 3785 444 3843 tio
475 3784 593 3844 nisi
624 3801 657 3843 a
691 3784 1051 3846 nominativo
1084 3786 1382 3865 quisquis?
1426 3787 1693 3861 quisquis
1723 3786 2063 3866 cuiuscuius
2107 3787 2318 3846 euicui.
2392 3803 2536 3864 ergo
2583 3803 2724 3846 ecce
2769 3783 2953 3845 babes

357 3904 705 3965 pronomen
751 3885 908 3965 quod
956 3893 1206 3966 utraque
1250 3894 1420 3967 parte
1466 3886 1825 3956 declinatur,
1874 3888 2157 3967 quisquis
2223 3894 2312 3948 est
2343 3889 2518 3949 etiam
2550 3888 2708 3965 quod
2752 3888 2951 3967 priore

274 4000 329 4039 ³6
358 3996 532 4068 parte
580 3987 913 4049 declinatur
959 3996 1018 4048 et
1059 3990 1393 4068 posteriore
1436 4009 1556 4050 non
1601 3988 1962 4058 declinatur,
2006 3997 2073 4050 ut
2104 3996 2194 4050 est
2223 3986 2398 4059 illud,
2446 3990 2769 4068 quispiam:
2817 3991 2952 4069 quis

357 4088 729 4158 declinatur,
776 4092 933 4169 piam
978 4108 1101 4151 non
1147 4093 1508 4153 declinatur.
1596 4097 1694 4152 aut
1737 4111 1904 4153 versa
1962 4094 2087 4152 vice
2131 4093 2297 4171 prior
2340 4110 2477 4171 pars
2521 4111 2641 4153 non
2687 4091 2948 4153 declina·

357 4201 460 4253 tur
516 4189 915 4253 declinatione
968 4194 1031 4252 in
1086 4195 1419 4272 posteriore
1465 4196 1686 4274 posita,
1733 4203 1799 4255 ut
1842 4194 2078 4274 aliquis:
2126 4192 2201 4253 ali
2248 4212 2367 4254 non
2414 4192 2771 4263 declinatur,
2820 4195 2951 4272 quis

503 4397 573 4448 12
609 4398 816 4460 quando
853 4412 978 4465 ergo
1017 4398 1066 4446 A
1103 4414 1228 4465 ergo
1260 4398 1465 4463 quando
1496 4398 1621 4448 cab
1659 4414 1783 4464 erg-o
1814 4399 2017 4462 quando
2055 4400 2169 4449 dico
2203 4400 2247 4450 G
2412 4399 2608 4464 plurale
2659 4408 2736 4449 est
2774 4407 2823 4447 et
2857 4413 2948 4447 ex·

354 4467 616 4518 trinsecus
651 4466 702 4515 A
871 4467 935 4519 19
972 4464 1092 4533 qua]
1142 4470 1227 4534 qui
1264 4468 1428 4518 ABG
1591 4468 1660 4520 20
1704 4468 1987 4519 declinatur
2027 4470 2074 4518 A
2124 4469 2402 4520 declinetur
2435 4470 2576 4520 BCa
2747 4478 2950 4535 praetor

358 4538 595 4588 urbanus
626 4546 842 4601 utraque
880 4548 1021 4602 parte
1056 4541 1341 4589 declinatur
1376 4553 1466 4588 om.
1502 4538 1572 4599 A,
1609 4539 1732 4589 add.
1768 4558 1804 4591 a
1970 4535 2041 4588 25
2076 4537 2328 4606 quisquis]
2372 4540 2441 4603 cs.
2478 4540 2681 4591 cledon.
2709 4555 2767 4604 p.
2813 4538 2949 4589 1908

498 4623 532 4657 a
566 4621 773 4670 quoquo
809 4608 975 4659 ABG
1006 4623 1036 4658 a
1067 4623 1168 4672 qno
1199 4625 1230 4658 a
1264 4623 1364 4673 quo
1396 4608 1464 4658 α*
1639 4610 1708 4662 26
1754 4624 2184 4673 quorumquorum
2222 4611 2454 4674 quisquis
2492 4609 2862 4673 quibusquibus
2897 4607 2949 4657 B

498 4692 532 4727 a
565 4677 755 4739 quibus
788 4692 819 4726 a
856 4680 1039 4740 quibus
1074 4679 1122 4728 Α
1264 4679 1333 4730 28
1369 4677 1653 4745 Terentius]
1685 4680 1881 4746 Hecyr.
1923 4681 1939 4727 l
1975 4679 2021 4739 1,
2054 4679 2088 4730 8
2226 4679 2294 4730 29
2327 4679 2530 4731 mutiles
2567 4677 2747 4729 Bon*
2783 4678 2947 4728 mules

357 4748 409 4797 A
461 4789 472 4802 .
519 4747 728 4811 lateres]
771 4746 855 4797 las
888 4750 916 4795 ὅ
957 4748 1004 4798 Β
1107 4748 1172 4800 31
1212 4749 1442 4798 uei-renis
1471 4749 1520 4797 A
1535 4750 1603 4801 0.·
1638 4751 1689 4798 in
1730 4751 1884 4800 Verr.
1917 4758 2016 4803 act.
2052 4766 2155 4802 sec.
2196 4751 2240 4799 V
2274 4750 2362 4812 41,
2403 4749 2499 4801 107
2609 4748 2679 4800 34
2712 4749 2947 4812 quisquis

357 4834 452 4871 om,
480 4816 634 4866 ABG
740 4814 806 4867 34
843 4818 979 4882 quod
1015 4818 1064 4866 in
1093 4827 1303 4882 utraque
1330 4820 1379 4868 A
1478 4819 1546 4869 35
1585 4833 1684 4869 non
1719 4828 1773 4868 ut
1810 4827 1888 4869 est
1921 4818 2046 4870 illud
2081 4819 2187 4870 BG
2289 4819 2357 4870 36
2388 4821 2523 4884 piam
2554 4834 2649 4869 non
2676 4828 2762 4869 aut
2785 4818 2951 4869 ABG
