3541 5564
599 324 727 389 250
1747 326 2052 389 ΡΟΜΡΕΙΙ

651 448 693 488 p.
721 437 897 476 aar-48
925 435 967 474 1..

600 514 787 584 multi,
834 516 1080 577 manius.
1171 515 1309 593 quid
1358 533 1502 595 ergo
1550 516 1801 576 dicimus
1844 517 1908 575 in
1952 517 2079 576 istis
2124 516 2498 577 nominibus?
2542 515 2701 577 unde
2746 522 2991 597 apparet
3035 532 3178 594 quo-

600 620 757 679 niam
801 617 1189 679 soloecismus
1251 619 1373 678 est?
1445 619 1641 696 primo
1702 619 1981 698 quoniam
2037 637 2211 680 mane
2264 637 2383 680 non
2439 620 2653 696 recipit
2698 620 3177 698 conparationem

598 722 847 782 manius,
940 739 1113 781 mane
1156 720 1371 780 dicitur
1414 722 1769 782 matutinum
1817 728 2070 801 tempus.
2160 740 2333 782 mane
2379 727 2629 782 tractum
2677 729 2768 781 est
2809 719 2884 781 ab
2929 719 3044 781 illis
3085 738 3176 780 re·

598 824 735 891 bus,
798 840 1003 883 manes
1056 823 1334 884 dicuntur
1392 822 1452 882 di
1507 825 1677 885 effusi
1735 841 1843 904 per
1902 830 2091 885 totum
2150 823 2315 905 [nam
2374 825 2460 885 sic
2515 822 2905 884 definiverunt
2950 825 3179 901 penitus

600 927 702 1004 qui
746 933 1146 987 tractaverunt
1190 925 1263 985 de
1306 926 1434 986 istis
1479 925 1677 996 rebuS,
1727 944 1934 987 manes
1979 925 2258 987 dicuutur
2287 926 2367 986 dii
2399 927 2568 987 effusi
2612 944 2722 1005 per
2751 922 2994 1005 totum]‚
3041 934 3175 1004 puta
3204 940 3227 979 5

599 1030 702 1108 qui
748 1029 811 1087 in
856 1036 1017 1089 terra
1063 1047 1195 1089 esse
1241 1037 1521 1107 possunt,
1570 1030 1670 1105 qui
1724 1030 1785 1089 in
1831 1034 1971 1089 aere
2025 1046 2154 1089 esse
2199 1037 2476 1108 possunt,
2526 1030 2624 1107 qui
2666 1031 2727 1090 in
2772 1027 2957 1089 caelo.
3046 1046 3177 1087 nam

599 1129 821 1190 idcirco
865 1148 1108 1190 manare
1152 1129 1432 1199 dicimuS,
1479 1130 1761 1209 quicquid
1808 1129 1998 1191 effluit
2041 1149 2150 1210 per
2193 1139 2414 1201 totum,
2462 1140 2600 1211 puta
2649 1136 2883 1192 ‘manat
2927 1134 3176 1198 sermo’,

598 1234 834 1292 ‘manat
876 1230 1149 1292 fluvius’.
1243 1240 1606 1310 usurpantur
1651 1234 1779 1293 ista.
1874 1249 2016 1310 ergo
2075 1235 2355 1314 quoniam
2412 1233 2539 1294 dies
2583 1242 2727 1295 tunc
2770 1236 3032 1311 primum
3076 1250 3181 1310 per

597 1343 787 1395 totum
846 1333 1061 1403 effluit,
1130 1333 1366 1413 quando
1425 1336 1720 1404 nascitur,
1785 1333 2116 1414 appellatur
2160 1353 2363 1408 mane,
2413 1338 2581 1416 quasi
2639 1334 2795 1414 quod
2846 1342 3082 1395 emanet
3124 1340 3181 1393 et

598 1437 815 1497 effluat.
907 1438 955 1497 si
1011 1435 1150 1496 inde
1196 1435 1374 1496 habet
1418 1435 1865 1515 etymologiam,
1926 1455 2046 1498 non
2106 1446 2303 1517 potest
2359 1441 2628 1518 recipere
2671 1438 3175 1517 conparationem.
3205 1451 3253 1490 10

597 1538 853 1599 diximus
899 1540 1054 1598 enim
1103 1557 1170 1599 ea
1216 1537 1490 1599 adverbia
1536 1541 1808 1617 recipere
1854 1543 2367 1619 conparationem,
2416 1557 2566 1618 quae
2624 1542 2913 1619 originem
2959 1538 3184 1599 ducunt

597 1659 629 1700 a
677 1639 1016 1701 nominibus
1059 1641 1484 1720 recipientibus
1527 1642 2029 1719 conparationem.
2090 1645 2210 1703 sive
2256 1662 2288 1703 a
2334 1643 2628 1703 manando
2672 1644 2791 1703 sive
2837 1661 2869 1702 a
2914 1639 3183 1703 manibus

598 1742 817 1803 dictum
878 1741 1130 1804 volueris
1187 1762 1392 1812 mane,
1460 1743 1580 1803 sive
1639 1743 1784 1804 illud
1838 1746 1960 1805 sive
2017 1744 2190 1811 illud.
2262 1764 2380 1805 non
2425 1747 2635 1825 recipit
2680 1744 3181 1823 conparationem.

600 1864 743 1924 ergo
788 1848 1020 1907 manius
1076 1864 1251 1906 nemo
1297 1845 1457 1907 dicit.
1548 1844 1686 1925 quid
1734 1848 1919 1924 ergo?
1966 1840 2100 1908 cum
2159 1865 2311 1925 opus
2355 1848 2537 1908 l'uerit
2580 1847 2690 1907 hac
2736 1846 3180 1925 significatione,

598 1948 738 2025 quid
782 1948 1106 2009 faciemus?
1170 1948 1239 2008 ad
1287 1946 1615 2027 augendam
1662 1948 2151 2026 significationem
2207 1952 2505 2025 iunqimus
2561 1949 2745 2027 magis
2806 1957 2863 2010 et
2907 1949 3178 2013 maxime,
3207 1958 3255 2001 15

596 2050 667 2110 ad
715 2051 1093 2111 minuendam
1140 2051 1337 2110 minus
1383 2057 1442 2110 et
1485 2052 1748 2111 minime.
1842 2058 1981 2131 puta
2026 2052 2263 2122 Cicero,
2311 2054 2402 2112 sac
2444 2048 2452 2133 Ι
2492 2051 2630 2112 inde
2676 2050 3040 2119 adverbium,
3089 2049 3175 2110 Ci-

595 2155 939 2223 ceroniane;
986 2150 1215 2213 Tullius
1258 2151 1546 2213 Tulliane.
1633 2170 1779 2230 ergo
1823 2161 1963 2214 sunt
2007 2153 2285 2216 adverbia
2329 2173 2482 2234 quae
2526 2155 3017 2234 conparationem
3061 2169 3180 2211 non

595 2258 910 2335 recipiunt,
957 2254 1062 2316 sed
1110 2264 1284 2333 egent
1328 2256 1760 2333 significatione
1806 2257 2267 2335 conparationis.
2359 2256 2501 2333 quid
2550 2274 2692 2335 ergo
2734 2256 3060 2317 faciemus?
3106 2254 3182 2313 ita

598 2356 885 2418 debemus
930 2356 1122 2433 loqui,
1170 2362 1314 2435 puta
1359 2358 1508 2417 ‘iste
1542 2355 1812 2417 Tulliane
1855 2357 2183 2438 loquitur’;
2232 2366 2323 2419 est
2365 2357 2515 2419 alter
2561 2360 2659 2438 qui
2704 2357 2869 2419 valde
2914 2356 3184 2418 Tulliane

595 2459 888 2538 loquatur,
938 2459 1070 2519 dico
1119 2461 1342 2535 ‘magis
1372 2458 1644 2519 Tulliane
1689 2458 2008 2538 loquitur’;
2055 2463 2135 2521 ite
2166 2461 2376 2521 malter
2407 2462 2505 2539 qui
2545 2460 2709 2540 pluS,
2758 2458 2948 2521 debeo
2983 2460 3180 2520 dicere
3205 2470 3253 2509 ὀ

597 2564 884 2623 ‘maxime
930 2561 1198 2622 Tulliane
1242 2561 1563 2640 loquitur’‚
1612 2571 1677 2622 ut
1722 2558 1836 2628 hoc
1882 2561 2097 2625 saciant
2138 2564 2248 2623 ista
2294 2565 2605 2624 coniuncta
2652 2562 2962 2632 adverbia,
3026 2560 3183 2639 quod

596 2664 748 2726 solet
798 2664 993 2725 facere
1050 2665 1459 2743 conparativus
1516 2672 1577 2723 et
1646 2662 2060 2743 superlativus,
2148 2673 2291 2743 puta
2347 2665 2446 2725 ille
2504 2684 2675 2726 mane
2729 2666 2915 2733 venit;
2985 2665 3182 2725 nescio

597 2769 697 2846 qui
741 2766 1030 2828 maturius
1073 2768 1248 2836 venit,
1298 2764 1584 2828 debemus
1630 2766 1832 2828 dicere
1878 2768 2087 2846 ‘magis
2126 2770 2353 2838 mane’;
2403 2769 2542 2830 item
2590 2767 2739 2830 alter
2783 2767 3183 2828 maturissime

597 2871 785 2939 veuit,
856 2867 1140 2930 debemus
1197 2868 1398 2929 dicere
1456 2870 1742 2930 ‘maxime
1801 2888 1974 2931 mane
2032 2872 2247 2933 venit’.
2336 2880 2437 2931 aut
2493 2878 2655 2931 certe
2701 2873 2908 2932 ‘mane
2955 2870 3182 2935 venit';

599 2970 829 3032 tardius
874 2971 1075 3033 nescio
1121 2972 1223 3049 qui
1268 2973 1440 3041 venit,
1490 2970 1777 3032 debemus
1821 2972 2020 3033 dicere
2066 2974 2300 3035 ‘minus
2344 2990 2516 3033 mane
2561 2973 2791 3040 venit';
2844 2973 2990 3032 item
3036 2969 3256 3031 alter²⁵

597 3073 934 3135 tardissime
980 3074 1165 3133 venit:
1245 3073 1386 3152 quid
1432 3072 1720 3134 debemus
1765 3073 2003 3135 dicere?
2077 3077 2356 3136 ‘minime
2403 3093 2574 3136 mane
2618 3075 2837 3134 venit'.
2928 3090 3071 3150 ergo
3117 3090 3181 3131 ea

599 3175 893 3245 adverbia,
939 3176 999 3235 in
1043 3175 1261 3256 quibus
1309 3195 1426 3236 non
1472 3193 1793 3255 possumus
1837 3178 2104 3239 invenire
2149 3161 2652 3257 conparationem,
2700 3183 2765 3237 ut
2806 3176 3041 3255 possint
3084 3172 3208 3235 ha?

599 3278 742 3339 bere
799 3277 888 3337 vel
944 3279 1434 3357 significationem
1496 3281 1964 3358 conparationis,
2034 3281 2253 3342 debent
2306 3282 2414 3341 ista
2471 3277 2694 3339 habere
2750 3277 3055 3347 adverbia,
3125 3275 3182 3335 id

600 3389 691 3440 est
735 3381 921 3458 magis
968 3389 1027 3440 et
1055 3381 1308 3441 maxime
1367 3380 1439 3440 ad
1486 3381 1845 3459 augendum,
1893 3381 1984 3443 vel
2026 3384 2113 3443 ad
2151 3381 2538 3444 minuendum
2575 3380 2772 3442 miuus
2816 3388 2876 3441 et
2914 3381 3181 3440 minime.

770 3482 980 3543 Docuit
1027 3489 1082 3542 et
1129 3484 1364 3543 nomina
1413 3502 1543 3545 esse
1589 3484 1931 3546 diminutiva
1990 3492 2047 3545 et
2090 3483 2363 3547 adverbia
2411 3503 2441 3544 a
2488 3485 2738 3563 positivo
2794 3489 2856 3542 et
2898 3499 3180 3562 conpara·
3209 3492 3259 3534 ³⁰

601 3585 736 3654 tivo,
786 3602 816 3644 a
862 3585 1112 3664 positivo
1158 3587 1417 3663 primum
1464 3586 1805 3666 primulum,
1854 3607 1884 3649 a
1931 3589 2308 3667 conparativo
2354 3586 2586 3664 longius
2629 3584 3027 3664 longiuscule:

903 3704 1042 3747 non
1089 3689 1236 3747 scis
1280 3686 1450 3746 hinc
1495 3686 1799 3767 longule
1848 3691 2045 3750 esse?
2108 3699 2179 3751 et
2226 3689 2426 3750 nosti
2469 3705 2711 3748 mores
2754 3685 3179 3747 mulierum:

904 3786 1062 3848 dum
1111 3789 1550 3860 moliuntur,
1600 3790 1760 3851 dum
1809 3799 2202 3863 conantur,
2251 3809 2486 3853 annus
2532 3799 2661 3851 est.

601 3908 743 3968 ergo
787 3891 1017 3950 invenis
1062 3911 1093 3952 a
1126 3892 1373 3970 positivo
1418 3892 1831 3954 diminutivum
1881 3895 2132 3973 primum
2180 3892 2521 3974 primulum,
2571 3912 2602 3954 a
2648 3893 3028 3973 conparativo
3058 3890 3186 3952 lon-

601 3995 730 4071 gius
775 3989 1159 4068 longiuscule.
1251 4012 1283 4054 a
1329 3993 1685 4073 superlativo
1731 4001 1832 4054 aut
1877 3995 2037 4058 nulla
2084 3997 2352 4076 exempla
2397 4005 2497 4057 aut
2542 4013 2675 4056 rara
2721 4002 2877 4056 sunt.
3121 4039 3125 4046 .
3210 4001 3260 4042 ³⁵

362 4106 482 4169 439,
508 4106 574 4155 22
769 4092 895 4153 Hoc
940 4095 1099 4171 quod
1158 4095 1298 4156 dicit
1357 4095 1682 4157 tenendum
1741 4095 1917 4158 nobis
1962 4106 2052 4158 est
2093 4098 2378 4176 fideliter:
2452 4100 2645 4159 omnis
2698 4116 2838 4178 pars
2883 4098 3183 4164 orationis,

599 4214 737 4257 cum
783 4195 1029 4256 desierit
1073 4214 1204 4257 esse
1249 4198 1406 4276 quod
1456 4205 1564 4268 cst,
1615 4198 1957 4260 adverbium
2004 4200 2161 4263 facit.
2246 4208 2387 4281 puta
2435 4218 2652 4261 nomen
2698 4208 2798 4262 aut
2841 4216 3061 4259 nomen
3099 4205 3187 4258 est

742 4420 767 4469 1
806 4418 1035 4468 dicemus
1070 4420 1110 4469 G
1280 4421 1313 4468 4
1352 4435 1467 4469 nam
1506 4421 1581 4469 sic
1615 4447 1680 4455 —
1720 4435 1811 4487 per
1857 4429 2016 4471 totum
2054 4437 2144 4475 om.
2186 4422 2252 4482 B,
2291 4424 2342 4472 in
2378 4437 2536 4487 marg.
2578 4422 2697 4472 add.
2737 4423 2793 4472 Ο.
2827 4424 2879 4472 in
2914 4420 2965 4469 A
2995 4436 3185 4486 quoque

599 4489 709 4538 olim
746 4491 928 4538 omissa
952 4505 1073 4539 ‘esse
1101 4490 1347 4551 videntur,
1385 4494 1434 4540 in
1474 4507 1569 4555 quo
1601 4490 1754 4553 haec,
1794 4506 1971 4541 manes
2008 4492 2243 4542 dicuntur
2275 4521 2339 4529 —
2381 4495 2652 4558 'hmanare
2695 4493 2913 4542 dicimus
2948 4493 3019 4543 al.
3053 4507 3180 4541 maa.

600 4560 833 4609 inlitum
872 4561 1068 4622 scripta
1102 4568 1217 4609 sune
1364 4561 1422 4612 15
1461 4561 1724 4626 iungimus
1759 4577 1851 4615 om.
1894 4562 2060 4612 ABG
2196 4564 2256 4613 21
2292 4564 2514 4614 maxime
2545 4564 2753 4613 tulliane
2784 4562 3009 4625 loqueris
3046 4560 3185 4611 ABG

739 4631 805 4676 25
844 4630 998 4679 debes
1035 4629 1203 4679 dicere
1230 4631 1396 4681 miuus
1437 4631 1541 4680 AG
1697 4633 1763 4681 28
1791 4631 1946 4681 debes
1982 4634 2080 4681 ista
2114 4633 2280 4685 ABG
2438 4634 2507 4683 29
2541 4635 2618 4682 nel
2654 4632 2984 4683 minuendum
3022 4631 3186 4682 ABG

739 4699 799 4749 31
845 4698 1112 4763 primolum
1143 4699 1254 4747 AB
1294 4701 1508 4764 primule
1544 4716 1683 4754 corr.
1726 4702 1848 4749 -lum
1888 4704 1928 4749 Ο
1963 4704 2178 4767 primule
2206 4704 2235 4753 b
2418 4703 2740 4770 longiuscule
2771 4701 2913 4752 AGb
2952 4701 3181 4767 longius-

601 4768 769 4818 culum
805 4769 858 4818 B
994 4768 1060 4817 32
1107 4785 1204 4818 uon
1237 4768 1359 4836 scis]
1413 4771 1618 4821 Terent.
1649 4772 1838 4824 Heaut.
1878 4773 1917 4819 ll
1950 4774 1999 4829 2,
2044 4773 2109 4823 10
2219 4773 2335 4824 hinc
2363 4789 2501 4824 corr.
2542 4774 2624 4822 hic
2659 4773 2710 4823 B
2847 4771 2915 4823 33
2952 4786 3119 4821 annus
3151 4786 3181 4819 a

602 4852 728 4890 anus
763 4839 813 4887 A
852 4853 1014 4889 anuus
1053 4840 1154 4890 BC
1292 4841 1358 4896 34
1390 4840 1660 4915 primulum
1701 4842 1810 4892 AB
1848 4843 2061 4909 primule
2095 4841 2124 4891 b
