3541 5564
1427 322 1899 385 COMMENTVM
2842 317 2960 381 197

2591 443 2635 483 p.
2662 430 2840 471 228-30
2868 427 2913 468 1..

376 510 450 574 ad
497 511 769 590 regulas?
814 518 1140 591 sequuntur
1186 513 1509 594 rationem:
1555 512 1701 573 istae
1746 508 1988 589 regulae
2031 511 2301 571 inventae
2345 517 2500 579 sunt,
2545 518 2611 571 ut
2653 510 2960 578 sciremuS,

375 616 552 694 quem
612 613 684 674 ad
737 614 977 675 modum
1037 615 1274 675 nomina
1334 611 1728 676 declinentur.
1816 614 1868 673 si
1920 610 2019 672 illa
2086 613 2323 673 nomina
2378 630 2497 673 non
2566 610 2959 681 declinantur,

374 716 517 794 quid
572 718 874 796 pertinent
927 715 999 776 ad
1057 714 1331 795 regulas?
1386 716 1500 776 rite
1559 714 1630 775 ad
1688 714 1924 793 regulas
1969 732 2089 775 non
2134 716 2452 793 pertinent.
2541 716 2682 776 item
2731 731 2884 791 quae
2928 723 3165 787 a435‚4

374 818 620 880 Graecis
661 820 1048 899 sumpsimuS,
1096 818 1166 879 ad
1215 816 1450 895 regulas
1496 835 1614 878 non
1660 818 1983 896 pertinent.
2068 816 2182 877 hoc
2227 817 2418 896 perite
2466 816 2473 897 Ι
2522 817 2795 877 fecerunt
2839 835 2960 876 ma·

318 922 532 982 siores
579 921 787 981 nostri.
850 919 1140 981 emblema
1185 922 1579 999 epigramma:
1640 937 1706 979 ea
1751 920 1989 979 nomina
2037 937 2185 998 quae
2230 925 2364 979 sunt
2411 936 2623 997 graeca
2670 918 2740 978 ad
2785 936 2958 997 regu-

368 1022 459 1084 las
506 1041 626 1084 non
673 1024 993 1100 pertinent.
1085 1031 1143 1083 et
1186 1022 1302 1082 hoc
1346 1023 1519 1082 iuste.
1609 1039 1724 1100 qua
1768 1022 2039 1082 ratione?
2099 1022 2335 1081 nomina
2383 1038 2596 1099 graeca
2642 1019 2958 1081 ablativum

367 1124 730 1204 singularem
778 1142 899 1185 non
942 1123 1194 1191 babent:
1258 1123 1517 1184 diximus
1564 1123 1840 1202 superius
1894 1124 2171 1203 quoniam
2220 1124 2482 1203 quinque
2525 1121 2747 1183 habent
2789 1142 2960 1184 casus

366 1235 616 1288 tantum.
707 1226 818 1288 hae
873 1235 1070 1287 autem
1125 1224 1368 1304 regulae
1422 1223 1659 1286 ablativi
1703 1232 1842 1285 sunt
1886 1222 2221 1303 singularis,
2312 1227 2427 1286 rite
2473 1243 2613 1303 ergo
2659 1243 2775 1286 non
2820 1245 2956 1306 pos-

363 1336 505 1391 sunt
560 1329 660 1392 illa
717 1330 986 1398 nomina,
1050 1346 1200 1406 quae
1246 1336 1452 1389 carent
1495 1324 1747 1388 ablativo
1794 1345 1933 1387 casu
1979 1325 2296 1405 singulari,
2345 1327 2611 1406 pendere
2655 1347 2687 1388 a
2733 1327 2955 1406 regula.
3041 1378 3045 1389 .

285 1450 338 1490 ιο
364 1430 511 1493 illud
560 1433 737 1492 etiam
782 1432 936 1491 scire
981 1430 1194 1501 debeS,
1244 1427 1461 1511 [quod]
1509 1430 1656 1491 haec
1703 1430 1971 1499 nomina,
2021 1449 2172 1509 quae
2204 1431 2420 1492 Graeci
2463 1428 2812 1490 neutraliter
2855 1429 2957 1488 de-

364 1533 697 1604 clinarunt,
757 1532 999 1594 Latinos
1056 1535 1232 1594 etiam
1287 1533 1573 1594 feminine
1628 1531 1865 1592 dixisse.
1958 1530 2278 1593 emblema:
2337 1532 2547 1593 Graeci
2593 1531 2798 1591 dicunt
2844 1529 2956 1591 hoc

364 1635 693 1704 emblema,
741 1636 932 1697 Latini
980 1634 1257 1696 dicebant
1284 1633 1431 1697 haec
1463 1633 1785 1700 emblema:
1836 1633 2047 1694 Graeci
2079 1634 2280 1695 dicunt
2311 1633 2424 1695 hoc
2453 1633 2720 1702 schema,
2765 1633 2957 1694 Latini

363 1738 646 1800 dicebant
691 1737 838 1798 haec
883 1738 1153 1807 schema:
1200 1737 1314 1797 hoc
1343 1754 1583 1817 pegma,
1629 1735 1921 1798 diadema.
1981 1734 2166 1797 habes
2198 1734 2466 1815 exempla
2499 1735 2953 1797 innumerabilia

362 1848 424 1900 et
478 1840 634 1920 apud
680 1839 948 1902 Plautum
1008 1847 1067 1900 et
1122 1837 1277 1919 apud
1334 1841 1610 1917 antiquos
1674 1846 1733 1900 et
1789 1856 1861 1898 ex
1917 1837 2112 1916 aliqua
2165 1846 2335 1918 parte
2380 1837 2534 1917 apud
2583 1838 2950 1900 Ciceronem.

281 1963 335 2001 ιε,
363 1960 500 2003 nam
560 1944 641 2003 ait
694 1941 937 2003 Plautus
994 1943 1320 2022 ‘processit
1374 1942 1705 2003 Mercurius
1770 1959 1906 2002 cum
1974 1940 2172 2001 servili
2236 1939 2535 2001 scliema'.
2624 1942 2672 2000 si
2739 1958 2955 2018 graece

359 2043 752 2115 declinasset,
800 2048 970 2104 ‘cum
1017 2043 1351 2105 schemate'
1398 2043 1627 2128 diceret
1687 2042 1746 2123 [a
1792 2060 2003 2121 graeca
2052 2040 2472 2122 declinatione]
2523 2061 2554 2102 a
2596 2061 2842 2121 graeco,
2891 2050 2956 2103 ut

362 2154 603 2207 teneret
656 2163 845 2225 genus
903 2155 1196 2207 neutrum.
1285 2144 1470 2206 habes
1530 2152 1588 2207 et
1644 2146 1704 2205 in
1751 2144 2038 2206 Cicerone
2083 2145 2190 2205 ‘tu
2238 2144 2321 2204 de
2367 2145 2947 2224 peripetasmis'.

355 2250 409 2309 si
469 2256 627 2309 esset
682 2256 990 2319 neutrum,
1059 2247 1135 2308 ab
1190 2248 1305 2309 hoc
1358 2249 1817 2328 peripetasmate
1875 2248 2126 2317 faceret,
2189 2247 2280 2307 bis
2335 2254 2394 2307 et
2450 2246 2524 2307 ab
2580 2245 2672 2307 his
2716 2248 2949 2326 peripe-

355 2349 724 2412 tasmatibuS.

270 2560 326 2597 20
1403 2533 1497 2580 m:
1543 2532 1905 2581 Ammaia

527 2640 744 2719 Incipit
788 2646 1044 2701 tractare
1088 2640 1162 2700 de
1208 2638 1493 2717 analogia.
1568 2639 1712 2700 (licit
1754 2640 1930 2719 plane
1976 2640 2538 2719 ‘quotienscumque
2583 2639 2666 2699 vis
2710 2641 2946 2700 nomina
2973 2648 3090 2706 435,
3124 2651 3184 2698 15

351 2741 687 2814 declinare,
745 2760 997 2823 sequere
1052 2740 1438 2822 analogiam’.
1532 2759 1680 2820 quae
1738 2749 1829 2802 est
1882 2740 2185 2820 analogia?
2243 2742 2588 2821 conparatio
2646 2740 2943 2802 similium.

349 2844 537 2905 latine
584 2846 895 2925 proportio
940 2845 1182 2906 dicitur:
1242 2843 1507 2923 analogia
1563 2862 1805 2923 graece,
1863 2843 2042 2905 latine
2097 2846 2422 2925 proportio.
2511 2843 2614 2905 sed
2661 2846 2738 2904 ita
2787 2844 2946 2905 illam

349 2946 587 3018 definit,
636 2947 942 3026 ‘analogia
986 2954 1075 3007 est
1118 2948 1516 3025 conparatio'.
1589 2948 1653 3007 sit
1695 2953 1831 3006 octo
1877 2946 2097 3007 modis:
2156 2955 2221 3007 ut
2264 2948 2382 3007 sint
2424 2965 2527 3007 sex
2571 2944 2706 3007 illae
2751 2954 2975 3027 partes¹

260 3051 509 3127 eaquae
567 3049 843 3111 accidunt
901 3050 1127 3111 nomini
1182 3051 1431 3118 similes:
1487 3066 1588 3109 sex
1647 3056 1844 3110 autem
1902 3048 2177 3109 accidunt
2233 3050 2457 3110 nomini
2513 3051 2651 3120 ista,
2699 3048 2947 3128 qualitas

347 3153 707 3232 conparatio
751 3170 940 3230 genus
985 3169 1269 3212 numerus
1311 3151 1496 3229 figura
1543 3168 1740 3221 casus,
1790 3168 1928 3211 ecce
1958 3170 2057 3212 sex
2091 3158 2318 3232 partes:
2367 3152 2558 3212 exitus
2589 3149 2945 3231 syllabarum

347 3260 417 3314 ut
459 3255 537 3314 sit
579 3252 818 3322 similis:
866 3260 1003 3333 puta
1049 3251 1193 3313 illud
1238 3255 1300 3312 in
1347 3271 1418 3313 us
1463 3253 1581 3312 exit
1626 3260 1684 3313 et
1727 3251 1869 3312 illud
1915 3254 1976 3314 in
2023 3272 2118 3314 us:
2167 3252 2656 3333 paenultimamm
2700 3256 2851 3315 ratio
2881 3263 2947 3315 ut

342 3357 425 3415 sit
468 3353 709 3424 similis,
755 3363 820 3416 ut
862 3362 958 3416 aut
1003 3353 1235 3416 vocales
1282 3352 1601 3435 [syllabae]
1646 3357 1764 3415 sint
1809 3362 1908 3416 aut
1952 3364 2375 3417 consonantes:
2427 3355 2640 3417 deinde
2687 3362 2750 3416 ut
2794 3365 2941 3418 tem·

341 3475 494 3537 pora
552 3458 672 3517 sint
724 3457 970 3525 similia:
1029 3458 1079 3517 si
1139 3455 1235 3518 illa
1295 3455 1492 3517 brevis
1538 3466 1652 3531 est,
1704 3466 1761 3517 et
1806 3456 1904 3518 illa
1954 3456 2146 3518 brevis
2192 3460 2284 3519 sit.
2376 3458 2451 3519 de
2492 3460 2621 3520 istis
2666 3458 2941 3528 omnibus

257 3585 315 3624 30
346 3558 532 3620 rebus
591 3559 642 3619 si
697 3578 880 3620 unum
938 3560 1131 3619 minus
1174 3558 1381 3624 fuerit,
1443 3559 1558 3617 iam
1606 3577 1725 3619 non
1772 3567 1887 3620 stat
1930 3558 2225 3639 analogia;
2274 3561 2345 3622 de
2391 3561 2485 3621 his
2531 3559 2738 3631 rebnS,
2788 3581 2938 3642 quae

342 3662 581 3741 positae
638 3668 775 3722 sunt
832 3660 987 3741 apud
1049 3661 1393 3730 Caesarem,
1452 3660 1643 3740 siquid
1701 3661 1899 3722 minus
1954 3661 2162 3729 suerit,
2220 3664 2334 3722 iam
2394 3681 2515 3723 non
2567 3661 2745 3724 stabit
2790 3665 2939 3725 ratio

490 3917 516 3968 1
561 3924 840 3978 sequautur
877 3916 1047 3967 ABG
1179 3915 1211 3965 3
1251 3916 1372 3978 quid
1408 3915 1663 3981 pertinent
1698 3915 1768 3964 bc
1805 3916 1941 3979 quod
1993 3919 2245 3981 pertinent
2283 3917 2361 3967 Ca
2403 3933 2559 3979 qnare
2596 3920 2847 3985 pertinent
2885 3919 2935 3966 A

340 4001 476 4049 quiae
515 3987 769 4052 pertinent
807 3986 855 4034 B
994 3987 1029 4036 9
1065 3985 1131 4034 ad
1181 3986 1381 4052 regulas
1420 3986 1466 4036 B
1502 3986 1569 4035 ad
1604 3984 1834 4052 regulam
1878 3988 1918 4036 C
2059 3987 2124 4037 10
2159 3987 2477 4036 declinantur
2509 3987 2551 4036 C
2689 3990 2748 4039 11
2789 3988 2935 4037 femi-

340 4058 466 4106 nino
495 4056 546 4105 Α
587 4055 886 4105 femininum
927 4057 969 4106 G
1003 4055 1104 4105 rem
1142 4054 1190 4104 B
1334 4057 1394 4105 12
1427 4071 1596 4106 scema
1634 4064 1923 4106 constanter
1958 4057 2009 4106 B
2184 4058 2246 4108 13
2284 4057 2666 4107 innumerabilia
2704 4068 2755 4106 ut
2796 4060 2932 4123 apud

339 4125 512 4177 ABG
698 4127 762 4177 14
808 4135 857 4175 et
893 4126 1028 4190 apud
1069 4126 1301 4190 antiquos
1331 4126 1512 4176 Rea*
1549 4135 1634 4174 aut
1671 4129 1803 4191 apud
1846 4127 2085 4190 antiquos
2122 4128 2168 4176 A
2350 4128 2412 4176 15
2452 4127 2718 4193 processit]
2762 4130 2931 4178 Plaut.

340 4196 596 4262 Amphitr.
624 4199 759 4258 prol.
800 4195 896 4246 117
1041 4195 1105 4246 16
1138 4196 1443 4246 declinasset
1473 4196 1638 4246 ABG
1670 4197 1946 4248 declinaret
1976 4213 2049 4246 ac
2190 4198 2255 4260 da
2292 4212 2477 4264 graeca
2515 4197 2853 4248 declinatione
2885 4199 2935 4248 B

484 4266 550 4316 17
589 4275 794 4314 teneres
828 4264 1002 4315 ABG
1082 4283 1086 4288 ·
1138 4267 1185 4314 in
1228 4264 1490 4331 Cicerone]
1531 4269 1581 4315 in
1629 4267 1784 4315 Ver-r.
1826 4275 1922 4316 act.
1961 4282 2061 4320 sec.
2100 4268 2184 4316 llll
2234 4269 2320 4330 12,
2357 4268 2426 4317 28
2466 4283 2597 4316 nunc
2632 4269 2694 4317 de
2730 4269 2934 4333 peripe-

339 4336 579 4386 tasmatis
628 4351 775 4399 quern
817 4336 882 4384 ad
921 4334 1127 4384 modum
1175 4345 1222 4384 te
1270 4337 1516 4401 expedias
1567 4351 1664 4385 non
1698 4336 1855 4386 habes
2033 4338 2096 4386 de
2133 4339 2500 4403 perepetnsmis
2540 4338 2586 4385 A
2760 4337 2829 4386 20
2867 4354 2932 4387 nn

337 4420 596 4457 ΑκΑιοωΑ
637 4404 712 4462 (id
759 4414 835 4454 est
869 4406 992 4455 add.
1026 4403 1116 4467 (1¹⁸¹)
1169 4421 1518 4459 enorum-rous.
1568 4407 1743 4473 incipit
1797 4415 2009 4456 tractare
2046 4408 2110 4456 de
2147 4408 2387 4474 analogia
2423 4407 2472 4456 A
2514 4422 2629 4458 incr
2669 4423 2931 4458 reserans

338 4492 406 4526 on
445 4489 701 4526 matonis
739 4474 846 4525 BG
980 4473 1048 4525 23
1096 4475 1248 4524 latine
1294 4476 1555 4540 proportio
1606 4476 1791 4525 dicitur
1828 4477 2063 4539 analogia
2108 4494 2290 4542 graec-e
2340 4479 2492 4527 latine
2534 4481 2793 4542 proportio
2840 4480 2931 4528 Ba

339 4547 500 4595 latine
538 4545 802 4610 proportio
841 4545 1025 4594 dicitur
1060 4545 1329 4611 analogiae
1365 4560 1547 4611 graece
1581 4545 1733 4595 latine
1774 4547 2034 4612 proportio
2085 4548 2270 4597 dicitur
2303 4550 2345 4599 G
2379 4550 2704 4615 proportione
2745 4549 2930 4599 dicitur

336 4615 586 4681 analogia
623 4629 805 4680 graece
843 4615 997 4664 latine
1034 4617 1293 4681 proportio
1324 4615 1373 4663 Α
1515 4616 1582 4666 24
1613 4615 1843 4665 definiuit
1880 4617 1922 4667 C
2051 4619 2281 4680 fortasse
2314 4619 2367 4668 flt
2406 4633 2586 4667 noveni
2620 4617 2801 4678 modis,
2833 4623 2934 4670 nisi

330 4688 509 4750 potius
545 4685 677 4734 illud
707 4686 1045 4749 neglegentiae
1091 4686 1403 4736 tribuendum
1441 4694 1515 4735 est
1552 4688 1885 4752 qrammatici,
1926 4689 2012 4750 qni
2046 4696 2155 4740 octo
2200 4689 2372 4740 modos
2408 4704 2479 4738 ex
2504 4690 2670 4738 Servii
2693 4704 2929 4740 conanen-

336 4757 480 4806 can‘o
521 4756 744 4819 recepit,
782 4770 954 4804 nonum
990 4762 1079 4803 aut
1109 4758 1218 4818 ipse
1260 4757 1459 4805 addidit
1497 4762 1584 4803 aue
1627 4758 1830 4807 aliemde
1864 4757 2040 4820 petivit
2178 4760 2246 4810 25
2283 4758 2478 4809 similes
2513 4773 2603 4809 om.
2634 4757 2792 4808 ABG

333 4827 407 4878 29
441 4833 494 4875 et
526 4824 614 4874 illa
651 4824 821 4874 breuis
857 4825 920 4874 sit
956 4825 1101 4874 ABc
1137 4836 1186 4874 et
1224 4826 1310 4874 illa
1349 4825 1517 4875 breuis
1549 4834 1626 4877 est
1664 4827 1706 4877 G
