3541 5564
1409 314 1549 374 Ans
1610 314 1782 374 v1-
1807 312 1934 373 vn1
1980 316 2015 371 2
2242 276 2245 293 '
2868 306 2983 370 431

473 441 517 482 p.
545 430 657 470 1712.
687 430 736 466 13
763 426 809 467 Ρ.
2623 432 2662 471 p.
2692 419 2869 459 :us-45
2897 417 2942 458 L.

422 510 527 571 sed
582 509 809 587 agentis
866 515 927 566 et
978 506 1260 585 patientis
1305 502 1316 586 Ι
1376 508 1622 565 formam
1679 505 2136 585 amplectuntur.
2227 504 2382 563 unde
2439 510 2669 562 constat
2721 502 2994 565 universa

422 611 600 672 verba
653 609 885 670 duobus
939 609 1132 669 modis
1186 608 1498 695 declinari.
1588 625 1723 667 nam
1780 612 1991 666 neutra
2047 613 2107 666 et
2151 608 2362 686 supina
2409 608 2766 673 activorum,
2814 605 2992 684 depo-

421 715 623 775 nentia
678 720 737 773 et
793 712 1127 773 communia
1181 712 1550 789 passivorum
1606 709 1872 786 regulam
1918 717 2231 769 secuntum
2309 716 2447 768 sunt
2488 716 2801 787 praeterea
2846 725 2991 767 neu·

421 818 774 895 tropassiva,
822 832 972 895 quae
1016 815 1079 874 in
1124 814 1448 892 praeterito
1493 813 1760 891 perfecto
1806 819 1867 871 et
1923 812 2502 890 plusquamperfecto
2546 812 2761 889 passivi
2809 809 2990 869 decli-

368 921 719 980 5nationem
775 916 1026 986 habent,
1087 918 1149 976 in
1204 916 1336 976 aliis
1390 915 1620 983 neutri;
1677 920 1737 973 et
1792 920 1930 973 sunt
1985 913 2132 973 haec
2187 914 2337 983 sola,
2399 914 2689 974 secundae
2750 912 2992 992 quidem

419 1022 853 1099 coniugationis
907 1019 1094 1079 audeo
1149 1018 1375 1096 gaudeo
1431 1016 1620 1084 soleo,
1678 1018 1893 1076 tertiae
1938 1022 2133 1077 autem
2184 1016 2297 1076 fido
2345 1023 2405 1076 et
2449 1017 2553 1085 tio,
2602 1024 2662 1075 et
2707 1016 2875 1093 siqua
2920 1033 2989 1073 ex

418 1123 510 1184 his
555 1129 1007 1202 componuntur.
1069 1128 1306 1199 praeter
1347 1118 1494 1179 11300
1537 1117 1696 1178 00113
1726 1125 1864 1179 5001
1907 1118 2083 1178 110105
2127 1118 2284 1178 modi
2333 1118 2745 1178 declinationis
2788 1115 2989 1176 verba.

417 1232 556 1286 sunt
597 1225 712 1286 alia
755 1224 1200 1303 passivoneutra
1255 1218 1670 1300 superioribus
1723 1221 2050 1290 contraria,
2099 1220 2245 1281 ha'ec
2290 1220 2440 1289 sola,
2488 1222 2822 1300 comperior
2868 1237 2988 1278 me-

417 1346 555 1387 reor
601 1327 904 1388 devertor:
950 1343 1087 1386 nam
1132 1326 1191 1384 in
1238 1324 1563 1402 praeterito
1608 1325 1871 1403 comperi
1919 1325 2109 1383 merui
2157 1324 2418 1392 deverti,
2466 1325 2621 1382 sicut
2665 1324 2855 1383 activa
2901 1321 2990 1381 vel

341 1449 390 1489 ιο
417 1438 657 1499 000113,
703 1428 1109 1507 proferuntur.

585 1530 868 1591 Vniversa
923 1528 1102 1589 verba
1158 1530 1385 1608 primae
1442 1529 1905 1606 coniugationis,
1976 1547 2126 1607 quae
2183 1530 2245 1587 in
2302 1528 2560 1588 secunda
2613 1545 2868 1607 persona
2928 1545 2991 1586 as

417 1633 637 1714 syllaba
696 1633 1122 1699 terminantur,
1191 1632 1378 1689 activa
1446 1631 1566 1690 sive
1637 1636 1875 1699 neutra,
1946 1631 2336 1710 praeteritum
2396 1631 2726 1709 perfectum
2781 1632 2841 1689 in
2899 1630 2989 1688 avi

416 1734 670 1815 syllabas
713 1736 985 1803 mittunt,
1044 1739 1109 1792 ut
1161 1752 1292 1794 amo
1336 1733 1553 1800 amavi,
1612 1750 1715 1792 aro
1761 1733 1953 1801 aravi,
2000 1750 2164 1792 armo
2210 1735 2461 1803 armavi,
2510 1752 2688 1794 narro
2731 1734 2987 1800 narravi,

417 1845 589 1899 03010
643 1837 905 1905 cantavi,
963 1837 1172 1912 navigo
1225 1835 1524 1911 navigavi,
1570 1852 1715 1914 paro
1759 1838 1993 1914 paravi,
2055 1854 2225 1894 servo
2270 1827 2529 1903 servavi,
2575 1838 2842 1915 exceptis
2885 1854 2989 1895 no·

342 1955 391 1997 15
419 1959 578 2009 vem,
626 1957 774 2019 quae
820 1940 883 1997 in
928 1939 989 1997 ui
1034 1914 1284 1997 11111111οἶ
1318 1939 1740 2015 praeteritum,
1798 1943 1865 1996 ut
1908 1955 2045 1996 seco
2090 1939 2282 2006 secui,
2346 1937 2518 1996 domo
2563 1937 2790 2006 domui,
2839 1940 2989 1998 frico

415 2044 623 2112 fricui,
683 2049 817 2100 veto
873 2041 1063 2108 vetui,
1120 2057 1264 2098 sono
1320 2041 1527 2108 sonui,
1596 2046 1735 2098 tono
1793 2041 1988 2108 tonui,
2049 2041 2203 2099 mico
2256 2041 2466 2108 micui,
2526 2058 2705 2119 crepo
2760 2043 2986 2119 crepui,

415 2144 573 2224 plico
616 2143 829 2223 plicui,
877 2148 937 2200 et
980 2143 1149 2219 siqua
1192 2139 1437 2200 adnexis
1481 2140 2026 2220 praepositionibus
2069 2149 2519 2220 componuntur.
2594 2142 2748 2220 plico
2795 2150 2987 2203 tamen

419 2254 730 2325 utramque
775 2244 1028 2304 sormam
1073 2250 1270 2302 servat
1313 2244 1377 2302 in
1419 2245 1782 2322 praeterito:
1828 2232 2056 2303 namet
2084 2242 2295 2322 plicavi
2342 2251 2401 2303 et
2445 2243 2732 2324 explicavi
2765 2244 2987 2305 dictum

415 2355 524 2409 est.
613 2353 893 2426 quattuor
937 2345 1076 2404 huic
1120 2344 1359 2421 regulae
1404 2347 1814 2423 refragantur:
1873 2364 2006 2405 nam
2053 2334 2245 2424 neque
2300 2348 2364 2405 in
2410 2349 2469 2405 ui
2527 2364 2719 2425 neque
2773 2348 2835 2406 in
2893 2350 2985 2407 avi

337 2457 664 2520 aoexeunt,
711 2456 803 2510 sto
847 2449 1016 2516 steti,
1064 2446 1138 2506 do
1181 2446 1349 2516 dedi,
1397 2447 1525 2509 lavo
1568 2447 1712 2516 lavi,
1759 2450 1896 2507 iuvo
1940 2449 2082 2507 iuvi.
2171 2447 2276 2507 sed
2321 2447 2435 2508 duo
2481 2450 2810 2527 posteriora
2856 2451 2987 2527 qui-

414 2553 548 2613 dam
604 2548 1016 2630 superioribus
1069 2536 1369 2627 applicant
1419 2557 1716 2610 errantes:
1788 2568 1925 2609 nam
1979 2549 2077 2609 illa
2123 2552 2184 2609 in
2228 2550 2556 2629 praeterito
2602 2568 2715 2610 003
2763 2550 2985 2630 syllaba

414 2661 719 2724 crescunt,
768 2652 916 2713 11300
960 2651 1205 2711 totidem
1252 2658 1395 2730 quot
1436 2653 1501 2711 in
1546 2654 1847 2731 praesenti
1891 2653 2300 2730 proferuntur.
2576 2714 2579 2719 ,

582 2754 855 2818 Secunda
911 2754 1277 2832 coniugatio,
1335 2771 1511 2834 quam
1566 2771 1685 2814 non
1743 2760 1969 2814 tantum
2026 2754 2281 2816 secunda
2326 2772 2610 2835 persona,
2659 2755 2764 2816 sed
2809 2757 2987 2816 etiam

411 2861 606 2939 prima
659 2854 685 2938 Η
733 2856 908 2917 facile
955 2855 1248 2926 declarat,
1295 2858 1575 2935 quoniam
1619 2859 1819 2918 omnia
1861 2855 2043 2916 verba
2090 2876 2239 2936 quae
2286 2877 2355 2918 eo
2402 2858 2643 2937 syllabis
2687 2860 2746 2918 10
2794 2861 2985 2938 prima

336 2975 388 3017 25
412 2978 665 3041 persona
711 2961 1028 3028 finiuntur,
1075 2958 1366 3018 secundae
1398 2965 1537 3019 5001
1565 2960 2001 3037 coniugationis
2044 2962 2310 3039 exceptis
2353 2968 2657 3040 quattuor,
2705 2979 2822 3022 uno
2868 2970 2984 3022 ter-

413 3065 532 3124 tiae
579 3060 1014 3139 coniugationis
1057 3060 1408 3139 productae,
1456 3080 1527 3121 eo
1573 3063 1653 3130 15,
1701 3068 1762 3121 01
1806 3063 1973 3140 siqua
2019 3080 2090 3120 ex
2123 3057 2131 3140 Ι
2167 3080 2237 3121 eo
2282 3065 2607 3142 composita
2638 3065 2982 3141 figurantur,

414 3172 475 3226 et
519 3163 712 3225 tribus
754 3165 1002 3243 primae,
1048 3180 1188 3222 creo
1232 3180 1420 3232 01035,
1466 3181 1599 3223 0100
1629 3181 1820 3233 111035,
1854 3162 1967 3223 beo
2000 3161 2171 3233 beas,
2218 3167 2608 3242 praeteritum
2651 3168 2984 3246 perfectum

411 3269 476 3327 in
519 3266 627 3327 has
683 3264 937 3345 syllabas
990 3266 1206 3334 mittit,
1269 3267 1330 3324 in
1377 3267 1440 3326 ui
1484 3271 1845 3325 consonante
1892 3268 2261 3345 praeposita,
2309 3269 2371 3327 in
2415 3270 2471 3327 vi
2517 3275 2840 3347 praeeunte
2886 3288 2982 3329 vo-

584 3455 645 3505 ll
697 3452 934 3502 universa
971 3451 1124 3501 verba
1166 3451 1358 3516 primae
1395 3451 1769 3518 coniugationis
1806 3451 1958 3502 Char.
2001 3452 2123 3516 243,
2157 3455 2205 3504 4.
2245 3469 2360 3507 exc.
2400 3455 2550 3505 clear.
2587 3455 2707 3517 564,
2744 3455 2777 3505 8
2920 3457 2983 3506 17

411 3523 544 3590 plico
581 3531 747 3572 tamen
785 3524 948 3572 Diom.
986 3521 1107 3582 372,
1146 3520 1211 3572 18
1349 3521 1418 3574 23
1454 3523 1678 3572 secunda
1713 3522 2006 3587 coniugatio
2047 3523 2198 3572 Char.
2234 3523 2354 3585 243,
2398 3525 2498 3584 17„
2518 3541 2633 3579 exc.
2677 3526 2829 3580 Char.
2859 3527 2979 3590 564,

413 3595 479 3646 19
616 3593 686 3643 24
718 3593 890 3643 omnia
922 3591 1074 3642 verba
1110 3606 1238 3654 quae
1271 3605 1330 3641 00
1370 3591 1580 3658 syllabis
1618 3606 1735 3646 exc.
1764 3591 1916 3643 Char.
1954 3591 2076 3656 565,
2112 3593 2180 3644 39

550 3767 578 3816 1
621 3765 835 3815 formam
862 3764 1235 3829 amplectuntur
1256 3763 1326 3831 [9
1362 3764 1525 3815 forma
1557 3765 1843 3830 plectuntur
1874 3765 1923 3814 P
1950 3762 2113 3814 forma
2149 3766 2416 3817 flectuntur
2455 3767 2500 3815 F
2529 3766 2744 3817 sormam
2771 3768 2981 3818 flectun—

409 3844 492 3885 tur
525 3849 560 3893 5
699 3840 732 3886 2
767 3835 949 3900 50ρὶ03
980 3850 1071 3884 om.
1109 3834 1157 3881 Ρ
1325 3835 1358 3887 3
1392 3835 1782 3900 neutropassiua
1818 3849 1851 3891 ς
1888 3835 2278 3901 neutrapassiua
2313 3838 2420 3886 PF
2588 3837 2622 3887 8
2659 3839 2981 3903 passiuorum

411 3914 585 3955 neutra
613 3906 664 3955 F
694 3907 905 3971 passiua
941 3913 1116 3954 neutra
1157 3917 1191 3957 ς
1366 3905 1715 3970 superioribus
1744 3905 1783 3968 f
1809 3905 2061 3970 superiori
2101 3906 2249 3964 PF5
2426 3905 2491 3957 10
2527 3905 2870 3970 proferuntur.
2916 3924 2981 3958 ns

410 3991 725 4027 1335133110
774 3989 1031 4026 15315010
1078 3988 1268 4024 pamas
1318 3989 1700 4026 costumnoms
1753 3975 1997 4025 Uniuersa
2034 3974 2143 4024 PF
2313 3976 2378 4026 15
2415 3983 2465 4025 et
2500 3991 2615 4026 seco
2654 3979 2793 4027 secui
2832 3978 2981 4029 modo

410 4046 580 4096 modui
623 4045 749 4096 frico
784 4044 934 4094 fricui
972 4051 1087 4094 ueto
1128 4044 1176 4091 Ρ
1214 4053 1269 4094 ut
1310 4059 1426 4095 5000
1471 4046 1609 4096 50001
1650 4055 1764 4096 0010
1805 4046 1878 4095 F.-
1916 4055 1971 4095 ut
2014 4059 2130 4094 seco
2166 4046 2304 4095 secui
2342 4060 2466 4096 neco
2504 4048 2649 4097 necui
2695 4055 2807 4098 ueto
2843 4048 2982 4098 uetui

407 4143 475 4153 —
513 4116 644 4181 plico
680 4116 834 4181 plicui
866 4115 1017 4165 domo
1053 4114 1226 4163 domui
1262 4113 1388 4164 frico
1427 4114 1578 4166 fricui
1604 4130 1638 4172 ς
1783 4114 1846 4164 17
1881 4113 2083 4180 explico
2120 4123 2288 4165 tamen
2326 4129 2361 4171 ς
2500 4116 2566 4167 18
2605 4132 2718 4166 nam
2757 4118 2982 4184 explicui

408 4195 458 4236 et
488 4185 744 4251 explicant
779 4186 872 4241 F5
1016 4183 1080 4235 19
1108 4182 1470 4250 refranguntur
1499 4188 1544 4237 P
1649 4200 1766 4234 nam
1802 4199 1965 4249 neque
1995 4186 2046 4233 in
2083 4187 2135 4234 ui
2174 4200 2337 4249 neque
2373 4187 2425 4234 in
2457 4188 2541 4235 301
2572 4196 2759 4236 exeunt
2793 4202 2826 4243 ς
2864 4203 2979 4237 0301

409 4271 571 4319 neque
606 4260 850 4319 (namque
886 4255 957 4317 P)
996 4255 1046 4303 in
1075 4255 1127 4303 ui
1167 4262 1353 4305 exeunt
1388 4255 1495 4305 PF
1662 4256 1729 4305 22
1766 4254 2095 4319 proferuntur
2123 4271 2188 4304 1111
2225 4270 2447 4307 saeuum
2483 4271 2850 4308 commonicus
2890 4258 2979 4306 Se-

407 4326 572 4376 cunda
601 4326 651 4375 F
820 4326 886 4374 24
922 4321 1182 4390 quoniam]
1219 4324 1356 4389 quod
1391 4327 1439 4374 P
1609 4325 1675 4375 ²5
1715 4327 1941 4391 exceptis
1988 4334 2203 4385 quatuor
2240 4340 2339 4376 uno
2376 4326 2556 4375 tertiae
2591 4326 2856 4376 Putsclzius
2890 4342 2978 4375 ex-

407 4396 568 4462 eeptis
604 4394 766 4445 tribus
801 4410 899 4445 uno
926 4395 1104 4444 tertiae
1129 4395 1236 4445 PF
1258 4395 1486 4459 exeeptis
1518 4395 1714 4445 duobus
1744 4396 1924 4444 tertiae
1954 4394 1992 4457 s
2012 4396 2238 4460 exceptis
2266 4402 2481 4458 quatuor
2516 4411 2616 4446 uuo
2655 4398 2830 4447 tertiae
2860 4412 2979 4446 000-

409 4464 686 4530 iugationis
720 4480 811 4518 om.
839 4478 874 4522 ς
968 4463 1037 4515 26
1074 4478 1133 4513 00
1164 4464 1208 4513 15
1234 4464 1344 4514 PF
1372 4479 1432 4513 eo
1471 4465 1515 4514 is
1552 4479 1682 4528 queo
1719 4464 1834 4527 quis
1854 4465 1892 4528 f
1984 4464 2050 4513 27
2078 4473 2127 4514 01
2157 4466 2317 4515 tribus
2350 4465 2388 4527 f
2411 4465 2676 4515 Pul-eckius
2704 4474 2754 4515 et
2785 4467 2981 4516 duobus

409 4535 558 4589 PF5
726 4543 775 4583 et
807 4536 900 4586 beo
937 4535 1058 4584 beas
1093 4534 1146 4583 P
1178 4533 1411 4584 similiter
1447 4543 1496 4583 et
1535 4535 1626 4584 beo
1666 4549 1722 4582 as
1760 4547 1794 4588 ς
1948 4532 2017 4584 28
2064 4535 2115 4583 in
2165 4534 2258 4585 has
2305 4533 2526 4599 syllabas
2574 4537 2777 4586 mittunt
2826 4537 2876 4585 in
2926 4538 2979 4586 01

407 4610 651 4669 praeeunt
695 4613 744 4653 et
787 4605 946 4654 0003Ιί
986 4605 1108 4670 paui
1145 4605 1259 4653 0301
1293 4605 1344 4652 in
1381 4604 1427 4654 51
1466 4610 1515 4653 01
1555 4605 1610 4652 xi
1648 4604 1696 4651 P
1729 4603 1781 4652 10
1818 4619 1876 4653 35
1913 4603 2117 4652 mittunt
2152 4605 2204 4653 in
2251 4606 2303 4654 01
2362 4613 2667 4656 consonante
2720 4608 2983 4671 preposita

407 4683 621 4740 preeunt
645 4673 811 4724 uocati
845 4675 966 4740 paui
994 4675 1143 4740 pacui
1174 4675 1227 4723 in
1265 4676 1308 4723 51
1347 4683 1397 4723 et
1429 4674 1484 4723 xi
1516 4674 1565 4723 F
1584 4675 1633 4722 in
1663 4672 1757 4722 1135
1789 4672 2010 4738 syllabas
2038 4674 2240 4726 mittunt
2260 4674 2495 4726 uidelicet
2522 4677 2572 4725 in
2602 4677 2655 4724 ui
2689 4678 2980 4743 praeposita

407 4751 717 4794 consonante
752 4745 805 4794 in
843 4746 895 4794 ui
932 4754 1204 4810 praeeunte
1240 4744 1405 4793 000311
1442 4757 1604 4808 pauca
1641 4745 1691 4793 in
1731 4743 1778 4792 si
1813 4751 1861 4791 et
1895 4745 1951 4793 xi
1980 4759 2016 4808 ρ
2054 4745 2205 4793 mittit
2237 4746 2289 4794 in
2328 4745 2383 4795 ui
2422 4757 2728 4796 consonante
2764 4761 2976 4815 praepo·

407 4815 505 4864 sita
542 4821 812 4879 praeeunte
845 4815 1010 4865 000311
1045 4830 1207 4880 paueo
1246 4815 1365 4882 paui
1394 4828 1550 4864 eaueo
1589 4814 1700 4863 caui
1740 4815 1790 4863 in
1824 4814 1878 4863 xi
1906 4822 1957 4863 et
1989 4816 2039 4863 in
2080 4815 2124 4863 si
2158 4829 2193 4873 5
