3541 5564
1422 302 1893 365 COMMENTVM
2762 368 2766 372 ,
2877 296 2961 361 85

382 488 498 553 sed
554 511 635 552 ne
689 488 1142 575 antiquissima
1197 487 1457 575 quidem
1513 477 1753 570 forma,
1800 508 1968 574 quae
2013 486 2276 573 quidem
2319 484 2405 549 ad
2450 492 2739 548 nostram
2784 469 2958 549 aeta-

380 602 509 656 tem
563 599 927 677 propagata
981 590 1097 671 sit,
1153 588 1222 653 id
1279 589 1451 676 quod
1506 590 1717 656 solum
1772 590 1910 654 fere
1963 589 2031 652 in
2087 589 2277 652 huius
2333 586 2512 653 modi
2556 586 2742 651 libris
2789 607 2958 651 com-

377 693 554 757 muni
599 714 727 756 usu
771 693 944 757 tritis
990 691 1356 778 quaeritur,
1403 694 1662 759 restitui
1706 693 1935 779 possit.
1998 712 2274 776 cumque
2326 699 2593 776 propter
2633 687 2956 753 vilitatem

376 817 625 877 rerum,
685 795 753 857 in
809 794 1048 880 quibus
1096 794 1385 859 maxima
1439 817 1590 882 pars
1644 794 1799 860 libri
1844 802 2175 874 versatur,
2223 813 2456 878 operae
2501 790 2782 876 pretium
2827 811 2957 854 non

375 906 551 961 esset
594 918 847 961 omnem
890 895 1193 961 codicum
1240 896 1744 984 discrepantiam
1776 905 1928 961 ante
1969 892 2190 960 oculos
2235 915 2509 981 ponere,
2553 891 2955 957 tutissimum

376 1021 515 1063 esse
573 999 787 1063 visum
854 1008 956 1063 est
1008 1020 1165 1085 prae
1221 998 1486 1086 reliquis
1543 995 2135 1064 Wolfenbuttelani
2189 995 2434 1061 codicis
2501 993 2956 1059 auctoritatem

374 1100 577 1187 sequi.
670 1122 1060 1187 quamquam
1107 1101 1280 1164 enim
1323 1099 1648 1187 permulta
1688 1102 1759 1164 in
1805 1121 1879 1164 eo
1924 1098 2148 1163 codice
2205 1098 2444 1163 vitiose
2490 1095 2732 1182 scripta
2776 1106 2951 1174 sunt,
3036 1098 3046 1108 '

372 1213 589 1266 tamen
647 1213 714 1268 et
765 1201 1043 1275 formam
1096 1202 1477 1267 elocutionis
1542 1202 1872 1268 interdum
1927 1203 2139 1265 minus
2201 1207 2571 1285 corruptam
2636 1196 2970 1293 exhibuit,-

370 1327 566 1390 quam
612 1303 1209 1388 Sangermanenses
1252 1304 1435 1386 libri,
1483 1315 1548 1369 et
1588 1303 1695 1368 vel
1750 1314 2096 1392 propterea
2149 1301 2507 1388 principem
2551 1299 2764 1365 locum
2827 1300 2955 1364 sibi

369 1405 788 1488 vindicabat,
845 1404 1021 1491 quod
1078 1405 1199 1471 hoc
1244 1405 1383 1472 solo
1427 1406 1758 1492 praesenti
1801 1406 1900 1469 uti
1946 1404 2219 1485 licebat,
2265 1403 2650 1490 praesertim
2695 1418 2842 1466 cum
2886 1401 2955 1464 in

369 1505 498 1571 illis
573 1507 989 1572 excutiendis
1062 1507 1229 1572 hanc
1293 1530 1515 1572 curam
1583 1507 1899 1573 adhibere
1963 1505 2347 1587 noluissem,
2413 1514 2488 1568 ut
2551 1504 2953 1569 levissimam

369 1609 733 1696 scripturae
802 1609 1311 1697 discrepantiam
1382 1610 1792 1676 adnotarem.
1906 1609 1994 1674 ad
2065 1607 2228 1673 vitia
2300 1615 2520 1671 autem
2594 1608 2954 1693 scripturae

368 1711 778 1776 emendanda
820 1711 1077 1775 firmum
1122 1711 1524 1799 praesidium
1567 1712 2010 1798 praebuerunt
2055 1710 2664 1794 Sangermanenses.
2751 1729 2953 1794 quare

367 1812 468 1901 his
521 1810 714 1878 libris
768 1834 931 1901 quos
978 1814 1116 1879 dixi
1160 1814 1254 1878 ita
1297 1834 1677 1894 usus⁸sum,
1722 1825 1797 1880 ut
1840 1814 2117 1901 primam
2160 1833 2424 1875 manum
2467 1808 2952 1875 Wolfenbutte-

366 1913 501 1979 lani
545 1914 826 1996 codicia,
872 1915 1089 2003 quoad
1134 1916 1272 1979 eius
1317 1915 1459 1980 fieri
1504 1925 1763 2002 posset,
1811 1916 2274 2003 exprimerem,
2322 1923 2388 1977 et
2428 1912 2822 1998 ubicumque
2866 1912 2951 1977 ab

367 2039 443 2081 ea
485 2016 924 2083 recedendum
967 2027 1172 2100 esset,
1231 2017 1739 2105 discrepantiam
1793 2028 2055 2105 praeter
2096 2016 2272 2081 levia
2315 2013 2577 2102 quidem
2622 2012 2952 2089 scribendi

365 2118 532 2184 vitia
573 2120 898 2204 integram
952 2119 1345 2200 indicarem,
1403 2120 2068 2205 Sangermanensium
2122 2128 2342 2183 autem
2385 2116 2706 2210 librorum
2752 2115 2950 2201 scrip-

364 2230 578 2285 turam
633 2221 846 2307 ipsam
900 2243 1192 2308 quoque,
1248 2222 1361 2288 ubi
1419 2244 1457 2286 a
1512 2232 1775 2309 recepta
1829 2222 2151 2308 scriptura
2204 2220 2640 2304 discreparet,
2698 2218 2950 2282 subice-

364 2345 535 2405 rem,
583 2321 704 2387 sed
746 2321 953 2387 multa
996 2333 1238 2406 tamen,
1283 2347 1449 2411 quae
1492 2323 1735 2388 nullius
1781 2323 2089 2389 momenti
2134 2344 2279 2387 esse
2322 2321 2722 2386 videbantur
2764 2342 2949 2406 prae·

365 2425 628 2490 terirem
642 2427 729 2509 *).
819 2423 1095 2512 denique
1152 2425 1307 2512 quid
1362 2426 1433 2490 in
1477 2436 1696 2492 vetere
1750 2426 1949 2490 trium
2001 2424 2315 2490 librorum
2360 2424 2686 2510 scriptura
2728 2412 2949 2486 r'ecen-

362 2526 523 2593 tiore
589 2537 881 2614 tempore
948 2536 1269 2592 mutatum
1336 2540 1509 2593 esset
1563 2537 1868 2593 accurate
1923 2525 2213 2591 indicare
2279 2525 2548 2611 longum
2602 2532 2669 2589 et
2718 2522 2948 2588 inutile

362 2640 532 2712 erat3
587 2629 703 2694 ubi
756 2628 948 2693 huius
1006 2651 1262 2716 quoque
1318 2631 1412 2695 rei
1455 2631 1623 2696 ratio
1668 2629 1971 2695 habenda
2014 2638 2185 2712 erat,
2233 2640 2673 2693 correctorum
2715 2648 2947 2690 manus

359 2729 598 2797 litteris
653 2731 778 2797 abc
830 2731 1137 2798 indicavi.
1228 2731 1344 2798 sed
1388 2732 1469 2797 'in
1513 2730 2121 2798 Wolfenbuttelano
2179 2730 2406 2798 codice
2461 2728 2602 2795 sola
2646 2750 2685 2793 a
2727 2728 2949 2794 littera

361 2833 796 2921 antiquissimi
852 2835 1239 2900 correctoris
1296 2835 1720 2917 mutationes,
1782 2834 2006 2900 addito
2074 2834 2386 2898 asterisco
2445 2833 2514 2918 (a
2526 2831 2593 2917 ²⁸)
2649 2854 2729 2897 ea
2781 2853 2946 2917 quae

493 3006 541 3071 ⁸)
582 3007 859 3058 Notabilis
895 3008 1158 3058 librorum
1195 3022 1361 3058 mann
1395 3008 1723 3072 scriptorum
1760 3007 2142 3072 discrepantia
2177 3011 2264 3056 est
2297 3007 2355 3055 in
2389 3006 2567 3056 tribus
2601 3007 2945 3057 tractatibus

360 3092 424 3142 de
450 3094 716 3152 numeris,
744 3093 811 3143 de
838 3092 1044 3158 figuris,
1072 3093 1139 3143 de
1167 3093 1391 3143 casibus
1414 3092 1708 3146 nominum.
1762 3091 1829 3142 de
1857 3092 2055 3155 quibus
2082 3091 2245 3141 rebus
2271 3106 2394 3140 cum
2417 3090 2504 3140 bis
2531 3095 2827 3141 tractatum
2853 3095 2944 3154 sit,

360 3179 591 3242 primum
627 3177 851 3228 brevius
887 3195 937 3243 p.
975 3179 1071 3228 157
1109 3193 1256 3242 sqq.,
1294 3177 1487 3228 deinde
1522 3177 1745 3227 uberius
1782 3194 1833 3242 p.
1874 3178 1969 3226 177
2007 3191 2147 3240 sqq„
2184 3175 2732 3226 Wolfenbuttelanus
2769 3177 2943 3227 codex

360 3269 468 3312 tres
516 3266 791 3313 tractatus
839 3245 1127 3313 uberiores
1173 3267 1298 3329 post
1346 3262 1626 3312 breviores
1674 3262 1900 3313 exhibet
1946 3263 2205 3311 continuo
2251 3262 2515 3326 scriptos,
2562 3261 2645 3311 sic
2689 3262 2771 3311 uti
2808 3262 2944 3312 editi

359 3353 499 3409 sunt,
539 3348 597 3396 in
635 3346 1208 3413 sangermanensibus
1242 3348 1361 3398 bini
1397 3346 1465 3397 de
1503 3345 1703 3398 iisdem
1739 3347 1904 3397 rebus
1941 3351 2214 3397 tractatus
2253 3347 2535 3396 coniuncti
2573 3351 2716 3397 sunt.
2785 3347 2935 3397 Wol—

362 3431 739 3483 fenbnttelani
784 3436 971 3482 autem
1016 3432 1223 3483 codicis
1270 3433 1402 3483 ordo
1449 3431 1863 3483 commendatur
1909 3433 1978 3482 iis
2025 3447 2168 3496 quae
2217 3447 2285 3481 ex
2329 3432 2507 3496 priore
2545 3436 2704 3496 parte
2741 3431 2808 3481 de
2844 3447 2940 3481 nu-

359 3518 521 3568 meris
559 3517 737 3567 citata
772 3522 900 3567 sunt
934 3518 992 3566 in
1029 3519 1336 3583 posteriore
1373 3535 1425 3584 p.
1452 3520 1550 3569 178
1585 3520 1807 3568 discimus
1827 3518 1925 3567 hoc
1948 3519 2046 3566 iam
2069 3518 2121 3567 in
2143 3518 2346 3583 requiis,
2375 3515 2640 3580 siqnidem
2665 3517 2806 3567 haec
2831 3532 2940 3566 non

359 3603 428 3652 ad
464 3619 576 3652 rem
614 3602 774 3653 modo
810 3605 1127 3664 tractatam,
1156 3603 1253 3652 sed
1292 3603 1362 3652 ad
1397 3603 1579 3653 locum
1616 3602 1836 3668 longius
1871 3607 2135 3652 remotum
2170 3608 2426 3668 spectare
2462 3601 2734 3652 videntur.
2795 3603 2938 3652 eius-

356 3685 475 3736 dem
514 3686 725 3737 codicis
762 3687 1031 3737 rationem
1068 3688 1237 3737 etiam
1272 3688 1330 3737 in
1366 3688 1759 3754 orthographia
1795 3688 2187 3738 vocabulorum
2211 3688 2530 3753 plerumque
2557 3691 2778 3736 secutus
2802 3701 2939 3739 sum.

354 3786 687 3836 quamquam
732 3772 789 3820 in
825 3771 931 3821 hoc
969 3787 1170 3836 genere
1208 3772 1407 3834 multa,
1447 3775 1503 3822 in
1542 3773 1736 3836 quibus
1773 3773 1988 3823 librarii
2026 3788 2157 3823 snae
2196 3773 2399 3822 aetatis
2436 3772 2936 3837 pronuntiationem

353 3862 756 3921 expresserunt,
794 3872 904 3906 non
942 3855 1189 3906 indicata
1227 3856 1602 3922 discrepantia
1636 3858 1900 3908 librorum
1949 3858 2189 3919 correxi,
2225 3857 2381 3907 velut
2424 3873 2452 3907 e
2498 3872 2594 3922 pro
2640 3860 2662 3905 ι’
2701 3857 2937 3922 positum

351 3941 802 4007 frequentissime
838 3941 897 3990 in
932 3940 1168 4005 talibus,
1203 3944 1480 4007 collegere,
1517 3950 1817 4001 contenere,
1853 3945 2142 4001 ἀίιηεαίιιηι,
2177 3949 2320 4006 trea,
2358 3941 2598 4004 deferunt
2642 3957 2740 4006 pro
2787 3943 2937 4006 diffe-

349 4035 494 4086 runt,
532 4028 783 4077 accedere
818 4041 918 4091 pro
954 4028 1215 4088 accidere,
1253 4027 1344 4078 vel
1378 4029 1398 4076 z·
1431 4043 1621 4093 pro-e,
1659 4035 1719 4078 ut
1753 4030 1937 4089 decim,
1975 4029 2268 4094 &quise-unt,
2301 4029 2487 4089 facire.
2560 4027 2805 4093 graviori
2841 4026 2936 4076 du-

351 4112 616 4161 bitationi
650 4111 831 4162 locum
867 4111 1212 4176 praebebant
1234 4113 1377 4163 vitia
1401 4113 1667 4163 sermonis
1691 4113 1783 4163 vel
1819 4113 2028 4162 formae
2054 4112 2342 4162 verborum
2370 4128 2437 4162 ex
2472 4111 2692 4162 infimae
2730 4114 2936 4162 aetatis

352 4195 748 4246 consuetudine
785 4196 1093 4261 profectae.
1165 4212 1291 4246 nam
1331 4213 1451 4247 cum
1487 4205 1543 4247 et
1579 4198 1861 4263 scriptoris
1897 4197 2137 4247 elocutio
2173 4195 2323 4246 rudis
2359 4213 2426 4248 ac
2462 4198 2727 4248 mendosa
2762 4198 2850 4259 sit,
2881 4203 2938 4248 et

350 4281 565 4331 librarii
602 4280 949 4330 multa1snae
989 4282 1193 4332 aetatis
1232 4297 1379 4330 more
1417 4282 1776 4347 corruperint,
1816 4298 1984 4347 saepe
2022 4283 2295 4331 incertum
2332 4289 2471 4346 erat,
2510 4284 2702 4347 siquae
2740 4297 2774 4331 a
2799 4298 2934 4347 puro

352 4381 602 4417 sermone
651 4364 839 4416 aliena
890 4372 1074 4428 erant,
1121 4372 1298 4415 utrum
1346 4366 1485 4416 haec
1533 4366 1879 4431 grammatici
1918 4367 2211 4432 inperitiae
2250 4383 2321 4416 an
2359 4367 2707 4417 librariorum
2746 4367 2930 4432 negle-

351 4452 575 4514 gentiae
626 4438 930 4500 tribuenda*
968 4454 1171 4501 essent.
1244 4466 1413 4515 quare
1460 4466 1527 4502 ea
1572 4451 1789 4516 quidem
1826 4467 1964 4516 quae
2009 4451 2273 4502 librorum
2312 4467 2582 4503 consensu
2617 4456 2737 4501 tuta
2774 4457 2934 4501 erant

349 4550 527 4600 neque
576 4552 675 4600 per
716 4552 775 4585 se
822 4536 1203 4601 inprobabilia
1239 4550 1359 4586 esse
1394 4536 1726 4586 videbantur
1761 4538 1973 4600 recepi;
2020 4536 2473 4588 dissentientibus
2509 4543 2694 4587 autem
2733 4537 2932 4588 codici-

350 4620 450 4670 bns
487 4621 736 4670 librariis
772 4621 953 4686 potius
988 4636 1091 4672 sua
1126 4623 1269 4671 vitia
1304 4621 1665 4686 relinquenda
1702 4636 1864 4686 quam
1909 4621 2195 4686 scriptoris
2232 4638 2533 4673 sermonem
2570 4617 2777 4672 temere
2814 4640 2930 4674 cor—

351 4704 709 4771 rumpendum
748 4721 871 4755 esse
910 4707 1241 4760 existimavi.
1313 4707 1468 4756 velut
1510 4709 1664 4772 ipsud
1698 4722 1797 4772 pro
1833 4709 1993 4771 ipsum
2028 4721 2198 4771 saepe
2233 4723 2412 4772 neque
2451 4713 2634 4756 tamen
2672 4714 2930 4759 constan-

351 4793 432 4839 ter
478 4791 532 4839 in
574 4789 1091 4841 Wolfenbnttelano
1139 4790 1328 4841 codice
1373 4792 1664 4857 scriptum,
1711 4791 1855 4856 quod
1897 4791 2004 4841 hac
2042 4793 2373 4843 auctoritate
2409 4797 2692 4860 receperat
2727 4795 2930 4850 Linde-
