3541 5564
1219 384 1616 474 EXCERPTA
1662 385 2007 447 PARISINA
2054 386 2289 447 Ill—V
2925 382 3052 448 603

2646 506 2689 548 p.
2717 494 2921 535 2732-34
2948 492 2996 534 Ρ.

472 569 912 654 ρισπωμένων
955 591 1019 633 οι
1065 573 1494 653 diphthongum
1527 575 1587 633 in
1632 576 1824 654 prima
1870 558 2163 653 positione
2195 581 2422 635 tautum
2468 580 2647 644 tenet,
2695 576 2757 635 in
2802 574 3052 652 reliquis

471 682 665 735 autem
722 674 888 736 verbi
950 673 1449 737 declinationibus
1520 682 1708 737 mutat
1762 695 1894 738 eam
1950 678 2013 736 in
2072 694 2175 736 ov.
2263 675 2366 736 sed
2433 684 2492 736 et
2559 678 2619 736 in
2687 676 2992 756 barytonis
3039 675 3046 757 Ι

470 777 675 838 eadem
723 778 942 838 infiniti
988 777 1147 853 modi
1193 777 1437 837 creandi
1483 777 1822 839 observatio
1865 780 2203 859 reperitur,
2249 773 2485 839 τύπτει
2529 774 2824 857 τύπτειν,
2870 776 3050 856 λέγει

471 876 694 958 λέγειν
739 886 800 939 et
843 886 1066 940 cetera.
1155 897 1266 939 nec
1309 898 1428 939 non
1475 888 1535 940 et
1580 882 1995 960 imperativum
2041 880 2282 941 modum
2327 881 2531 941 eadem
2578 882 2752 941 tertia
2797 898 3050 960 persona

392 996 418 1036 5
471 981 544 1041 de
604 999 667 1041 se
723 987 915 1051 creat,
983 984 1045 1042 in
1104 983 1537 1061 perispomenis
1591 982 1830 1062 quidem
1890 989 2137 1043 accentu
2202 982 2272 1043 ad
2341 985 2711 1063 superiorem
2767 981 3052 1061 syllabam

472 1083 782 1152 translato,
842 1088 1026 1143 ποιεῖ
1061 1081 1270 1160 ποίει,
1316 1083 1472 1165 τιμᾷ
1518 1083 1710 1164 τίμα,
1757 1091 2000 1165 χρυσοῖ
2046 1079 2316 1163 χρύσοι,
2375 1086 2435 1145 in
2492 1083 2799 1164 barytonis
2855 1091 3049 1145 autem

470 1183 775 1246 subtracto
821 1206 878 1263 ι,
937 1181 1115 1264 λέγει
1172 1181 1355 1264 λέγε,
1413 1181 1663 1265 γράφει
1715 1181 1972 1265 γράφε,
2032 1179 2221 1266 ἄρχει
2279 1178 2464 1265 ἄρχε.
2555 1188 2615 1246 in
2675 1187 3051 1253 coniunctivo

468 1288 643 1348 modo
688 1287 838 1348 nihil
883 1287 1126 1347 omnino
1170 1295 1462 1358 mutatur,
1511 1287 1616 1348 sed
1648 1289 1842 1366 prima
1875 1306 2131 1367 persona
2176 1290 2511 1368 praesentis
2558 1291 2847 1368 temporis
2889 1289 3049 1349 modi

469 1388 776 1452 indicativi
820 1388 1025 1450 eadem
1070 1396 1158 1449 est
1199 1390 1262 1449 in
1307 1390 1685 1451 coniunctivo
1729 1391 1905 1453 modo
1951 1391 2140 1470 prima
2182 1409 2439 1470 persona
2481 1392 2845 1469 praesentis,
2879 1389 3051 1450 ποιῶ

393 1501 445 1547 ιο
472 1480 595 1551 ἐὰν
638 1491 833 1570 ποιῶ,
877 1489 1018 1571 βοῶ
1065 1484 1187 1552 ἐὰν
1229 1489 1394 1570 βοῶ,
1438 1487 1620 1552 θέλω
1668 1483 1790 1553 ἐὰν
1832 1485 2040 1571 θέλω,
2084 1487 2326 1572 γράφω
2374 1485 2496 1553 ἐὰν
2537 1487 2799 1571 γράφω.
2848 1511 3050 1553 verum

472 1593 870 1654 differentiam
928 1593 1069 1653 facit
1124 1594 1381 1654 secunda
1440 1611 1722 1672 persona,
1772 1593 1943 1653 ποιῶ
1988 1600 2233 1673 ποιεῖς,
2282 1582 2402 1655 ἐὰν
2446 1594 2616 1655 ποιοῖ
2663 1585 2786 1659 ἐὰν
2830 1593 3046 1675 ποιῇς.

472 1698 615 1756 item
661 1694 816 1775 apud
861 1694 1120 1756 Graecos
1164 1697 1358 1774 prima
1414 1712 1670 1775 persona
1713 1698 2051 1775 praesentis
2099 1696 2329 1757 adiecto
2373 1695 2489 1756 sibi
2535 1715 2577 1755 v
2621 1696 2764 1756 facit
2806 1698 3048 1775 partici-

472 1800 665 1877 pium,
714 1795 896 1857 λαλῶ
942 1794 1192 1874 λαλῶν,
1235 1792 1477 1876 γράφω
1523 1792 1827 1876 γράφων.
1920 1815 2205 1877 praesens
2247 1806 2483 1877 tempus
2524 1814 2874 1875 graecorum
2919 1816 3049 1858 ver-

472 1899 684 1961 borum
728 1897 884 1977 quod
930 1900 991 1960 in
1047 1917 1164 1976 μαι
1223 1897 1506 1978 syllabam
1551 1900 1908 1960 terminatur
1963 1902 2025 1961 in
2083 1894 2616 1980 περισπωμένως
2669 1898 2938 1978 quidem,
2998 1901 3048 1959 si

395 2012 445 2052 1⁶
469 2000 693 2065 abiciat
739 2019 856 2081 μαι
901 1997 1213 2080 syllabam,
1260 2001 1403 2061 facit
1446 2002 1892 2081 imperativum,
1951 2000 2275 2083 φιλοῦμαι
2322 2000 2564 2080 φιλοῦ,
2622 2000 2909 2082 τιμῶμαι
2952 2020 3050 2061 τι-

469 2097 604 2182 adi,
651 2099 1031 2181 χρυσοῦμαι
1075 2099 1369 2182 χρυσοῦ,
1396 2092 1477 2163 'in
1524 2101 1834 2182 barytonis
1878 2121 2046 2173 vero,
2094 2105 2145 2164 si
2192 2102 2419 2163 abiecta
2465 2121 2584 2182 μαι
2628 2102 2850 2181 syllaba
2896 2104 3050 2164 acci-

469 2206 595 2284 piat
639 2224 682 2263 v
726 2203 1000 2272 litteram,
1050 2200 1323 2284 λέγομαι
1369 2200 1595 2283 λέγου,
1639 2200 1987 2285 γράφομαι
2027 2201 2323 2284 γράφου.

636 2305 721 2366 De
777 2304 1100 2385 praeterito
1172 2306 1524 2386 inperfecto.
1611 2324 1824 2384 graeca
1880 2304 2060 2367 verba
2123 2309 2348 2377 omnia,
2417 2325 2521 2367 seu
2586 2305 2869 2387 barytona
2927 2309 3049 2368 sive

468 2409 899 2489 perispomena,
926 2409 988 2467 in
1020 2417 1287 2487 tempore
1319 2409 1652 2487 inpersecto
1675 2409 1923 2490 eandem
1948 2408 2169 2470 habent
2198 2410 2450 2489 primam
2473 2427 2789 2489 personam
2816 2411 3049 2471 numeri

390 2510 788 2588 msingularis
841 2527 992 2589 quae
1045 2518 1133 2570 est
1174 2511 1349 2570 tertia
1394 2508 1671 2589 pluraliS,
1721 2505 2002 2571 ἐποίουν
2048 2506 2204 2590 ἐγώ,
2253 2506 2533 2573 ἐποίουν
2580 2507 2847 2573 ἐκεῖνοι.
2907 2514 3048 2573 item

468 2615 531 2673 in
575 2614 810 2691 graecis
841 2609 1044 2673 verbis
1074 2611 1351 2673 omnibus
1382 2631 1639 2692 quorum
1683 2614 1903 2691 positio
1945 2614 2136 2692 prima
2181 2615 2244 2673 in
2291 2633 2342 2674 ω
2389 2613 2611 2674 desinit
2653 2615 3047 2694 inperfectum

468 2722 703 2796 tempus
756 2714 1025 2776 ultimam
1080 2713 1364 2795 syllabam
1428 2733 1593 2776 suam
1652 2708 1730 2775 ab'
1782 2714 1877 2774 bis
1932 2715 2197 2795 incipere
2256 2715 2474 2778 litteris
2531 2718 2706 2788 facit,
2754 2735 2784 2777 a
2831 2716 3049 2798 quibus

469 2817 674 2879 ultima
719 2816 945 2898 syllaba
990 2820 1326 2896 praesentis
1369 2819 1596 2896 coepit,
1642 2815 1815 2897 τιμῶ
1859 2813 2136 2897 ἐτίμων,
2182 2814 2424 2900 γράφω
2470 2817 2794 2898 ἔγραφον,
2842 2815 3048 2899 τρέχω

469 2917 773 2998 ἔτρεχον,
818 2926 946 2987 aut,
994 2921 1045 2979 si
1092 2920 1310 2980 vocalis
1353 2919 1477 2979 sola
1521 2918 1644 2978 illic
1701 2919 1842 2989 suit,
1902 2925 1961 2979 et
2014 2919 2112 2979 hic
2156 2921 2221 2981 in
2264 2922 2458 3000 capite
2504 2921 2745 2982 ultimae
2791 2921 3047 3001 syllabae

392 3028 443 3069 2⁶
469 3020 687 3081 vocalis
733 3022 879 3089 erit,
935 3018 1111 3080 ποιοῖ
1154 3017 1471 3100 ἐποίουν,
1515 3016 1879 3099 θεραπεύω
1926 3016 2371 3100 ἐθεράπευον.
2464 3040 2636 3083 omne
2684 3023 3046 3084 Graecorum

471 3123 869 3201 inperfectum
912 3124 1168 3184 activum
1212 3123 1306 3185 vel
1349 3124 1541 3185 activo
1588 3121 1782 3183 simile
1830 3123 1890 3183 in
1935 3141 1978 3183 ν
2020 3123 2281 3184 litteram
2313 3123 2563 3184 desinit:
2611 3123 2715 3184 sed
2764 3123 3045 3204 barytona

467 3226 531 3283 in
587 3221 827 3285 brevem
885 3223 1168 3304 syllabam
1212 3226 1529 3294 finiuntur,
1587 3223 1646 3284 id
1703 3232 1796 3284 est
1850 3226 1912 3285 in
1959 3243 2040 3284 ον
2083 3243 2349 3305 semper,
2398 3223 2671 3315 ἔτρεχον
2715 3223 3046 3305 ἔγραφονε

470 3327 884 3405 perispomena
930 3344 1072 3386 vero
1117 3326 1206 3387 vel
1253 3346 1282 3388 a
1331 3315 1532 3387 verbis
1575 3327 1639 3387 in
1682 3346 1756 3406 μι
1800 3326 2157 3392 exeuntibus
2200 3327 2373 3404 longa
2422 3329 2837 3398 terminantur,
2889 3323 3048 3388 ἐκά-

468 3426 638 3502 λουν
683 3423 929 3508 ἐτίμων
974 3423 1268 3507 ἐδήλουν
1312 3424 1569 3508 ἐτίθην.
1662 3427 1918 3508 denique
1964 3424 2207 3508 ρ’ίπτω,
2254 3431 2393 3508 quia
2439 3429 2613 3490 modo
2659 3438 2832 3490 acuto
2876 3430 3049 3490 modo

390 3537 442 3579 ³⁰
469 3529 852 3602 circumflexo
895 3538 1145 3590 accentu
1188 3531 1635 3608 pronuntiatur,
1682 3538 1741 3590 et
1786 3528 2104 3609 ἔρριπτον
2148 3539 2207 3591 et
2252 3527 2619 3611 ἐρρίπτουν
2673 3533 2847 3603 sacit3
2905 3527 3046 3593 κύω

467 3637 711 3711 propter
755 3630 1003 3691 eandem
1050 3649 1287 3693 causam
1334 3639 1394 3693 et
1437 3629 1641 3693 ἔκυον
1681 3640 1741 3692 et
1774 3627 2047 3693 ἐκύουν.
2118 3641 2178 3694 et
2219 3633 2330 3693 hoc
2374 3635 2552 3694 etiam
2595 3633 3045 3704 observandum,

466 3741 530 3794 ut
586 3740 687 3793 aut
740 3733 1139 3812 inperfectum
1196 3736 1454 3798 retineat
1504 3752 1821 3798 numerum
1878 3733 2240 3814 syllabarum
2296 3754 2471 3815 quem
2527 3754 2813 3816 praesens
2867 3735 3049 3797 habet

466 3842 567 3897 aut
620 3843 853 3908 crescat
909 3831 917 3915 Ι
967 3854 1104 3896 una.
1193 3843 1392 3896 manet
1446 3835 1773 3915 aequalitas
1827 3839 1889 3897 in
1946 3838 2064 3899 illis
2119 3856 2369 3918 quorum
2428 3856 2711 3917 praesens
2767 3857 2799 3897 a
2860 3838 3045 3898 vocali

464 3939 695 4016 coepit,
754 3938 1190 3997 incrementum
1245 3939 1553 4018 patiuntur
1608 3957 1860 4018 quorum
1917 3957 2200 4019 praesens
2266 3960 2299 4001 a
2366 3947 2720 4006 consonante
2790 3939 3045 4009 inchoat,

387 4049 438 4089 ³⁵
464 4031 611 4118 ἄρεω
655 4024 849 4118 ἦγον,
897 4033 1068 4118 λέγω
1114 4037 1367 4118 ἔλεγον.
1444 4059 1555 4101 nec
1600 4043 1728 4102 sine
1774 4044 2035 4102 ratione:
2081 4062 2217 4103 nam
2259 4061 2409 4122 quae
2455 4040 2673 4122 syllaba
2721 4058 2840 4103 non
2884 4058 3047 4101 cres-

461 4147 606 4201 cunt
662 4139 995 4204 adiectione
1054 4144 1340 4221 temporis
1394 4149 1700 4211 crescunt,
1760 4142 1902 4204 dum
1967 4146 2353 4224 incipientem
2409 4143 2668 4204 vocalem
2738 4141 2810 4202 de
2880 4141 3045 4202 brevi

444 4229 699 4320 'longam
744 4243 1002 4312 faciunt,
1053 4251 1115 4302 ut
1159 4236 1327 4322 ἄγω,
1373 4262 1415 4304 α
1461 4243 1662 4305 brevis
1706 4251 1926 4309 mutata
1974 4253 2064 4308 est
2107 4247 2167 4306 in
2212 4266 2253 4324 η
2299 4245 2563 4323 longam,
2609 4231 2800 4324 ἦγον.
2870 4261 3044 4323 saepe

464 4351 660 4405 tamen
708 4343 952 4406 licentia
996 4346 1228 4424 poetica
1274 4346 1646 4406 incremento
1691 4355 1917 4410 carent.
2008 4365 2123 4407 non
2169 4365 2488 4426 numquam
2535 4348 2727 4425 prima
2773 4347 2902 4424 ipsa
2947 4365 3046 4405 vo-

431 4436 638 4522 ‘cali8,
697 4448 747 4507 si
804 4444 1006 4507 brevis
1064 4453 1182 4516 est,
1243 4446 1550 4509 inmobilis
1609 4456 1841 4519 manet,
1898 4449 2033 4509 sed‘
2061 4448 2319 4509 vocalem
2375 4449 2622 4510 alteram
2677 4448 2919 4525 recipit,
2982 4455 3046 4508 ut

386 4549 699 4610 §oiunctae
744 4548 980 4626 longam
1024 4549 1248 4609 saciant
1290 4548 1593 4629 syllabam,
1642 4548 1767 4628 ἔχω
1800 4539 2008 4628 εἶχον,
2052 4544 2226 4611 ἕλκω
2259 4536 2509 4627 εἷλκον,
2554 4544 2735 4628 ἕρπω
2783 4533 3040 4626 εἷρπον.

601 4737 635 4789 9
668 4747 745 4787 est
774 4754 870 4791 om.
893 4737 943 4786 P
1042 4735 1113 4787 20
1140 4743 1217 4785 eat
1246 4750 1340 4785 om.
1367 4735 1419 4785 P
1509 4734 1579 4787 29
1608 4727 1876 4804 ἐδήλουν]
1907 4733 2143 4789 &sicvt
2176 4738 2225 4787 P
2247 4728 2483 4788 ἐδίδουν
2501 4751 2538 4799 p
2642 4733 2711 4786 30
2738 4743 2786 4784 et
2816 4711 3045 4797 ἐριπτον

464 4812 515 4853 et
551 4819 821 4869 εριπτουν
857 4806 906 4855 P
1002 4797 1120 4857 κύω
1155 4804 1439 4857 Lobecln’us
1471 4809 1522 4857 in
1545 4804 1699 4871 δορὰ.
1726 4806 1875 4857 Aeac.
1913 4823 1957 4859 v.
1992 4806 2095 4856 2:³9
2125 4823 2230 4862 κιω
2256 4806 2305 4855 P
2400 4805 2466 4857 31
2500 4814 2550 4855 et
2584 4819 2740 4856 εκιον
2775 4813 2824 4852 et
2850 4819 3045 4855 εκιουν

464 4875 514 4926 P
649 4875 714 4926 37
747 4893 783 4943 η
824 4875 1024 4941 longam
1054 4874 1213 4926 Ianus
1244 4894 1280 4944 η
1312 4874 1524 4943 longum
1560 4878 1610 4927 P
1744 4874 1814 4927 40
1849 4871 1990 4929 ἕλκω
2017 4870 2206 4928 εἷλκον
2234 4890 2270 4939 p
2311 4891 2460 4928 εακω
2497 4889 2694 4926 stator
2730 4874 2781 4923 P

2505 4956 2639 5026 39*
