3541 5564
2924 342 2933 374 i

594 370 722 436 260
1675 371 1982 436 ΡΟΜΡΕΙΙ

645 495 688 536 p.
714 484 892 523 367—69
918 481 962 521 1..
1552 487 1562 519 Ι

594 581 713 622 non
758 570 1028 642 parcant,
1088 579 1204 641 quo
1261 560 1435 621 modo
1494 560 1743 622 dicimus
1798 561 1998 623 lucum
2060 561 2132 623 ab
2181 580 2284 633 eo,
2344 562 2501 640 quod
2548 580 2666 623 non
2714 561 2933 633 luceat:
2990 565 3076 625 sic
3121 574 3179 625 et

592 663 915 744 deponens.
979 661 1190 725 falsum
1222 670 1328 723 est.
1393 680 1528 723 nam
1573 646 1821 743 incipies
1851 671 1909 724 et
1944 682 2259 725 commune
2302 665 2545 725 verbum
2593 665 2900 745 deponens
2944 665 3173 727 dicere:

591 784 726 826 nam
772 775 831 826 et
874 783 1188 826 commune
1235 763 1478 825 verbum
1523 783 1554 824 r
1599 764 1854 825 litteram
1895 785 2018 826 non
2062 766 2323 847 deponit.
2413 786 2555 847 ergo
2602 767 2905 847 deponens
2950 768 3173 830 dictum

590 876 680 928 est
734 887 800 928 re
857 887 993 928 vera
1050 867 1124 928 ab
1183 886 1280 937 eo,
1339 867 1497 946 qnod
1552 866 1811 947 deponat
1864 886 2047 929 unum
2102 868 2506 948 participium,
2570 869 2728 947 quod
2772 872 2832 931 in
2879 871 2988 931 dus
3032 873 3169 932 exit.

588 969 799 1050 loquor
844 970 1090 1031 verbum
1135 977 1226 1030 est
1270 970 1596 1049 deponens:
1644 969 1737 1029 sac
1783 971 2162 1049 participium
2214 988 2494 1050 praesens
2553 969 2830 1051 loquenS,
2879 976 3168 1051 praeteri·
3199 991 3225 1029 5

587 1082 710 1133 tum
758 1071 1018 1140 locutuS,
1080 1073 1343 1132 futurum
1389 1070 1719 1139 locuturus;
1778 1070 2109 1152 loquendus
2166 1091 2284 1133 non
2331 1071 2617 1133 debemus
2663 1072 2892 1142 dicere,
2941 1073 3045 1134 sed
3092 1076 3170 1134 si-

584 1174 720 1234 cubi
765 1175 1083 1251 contigerit
1127 1181 1193 1234 ut
1238 1173 1429 1242 dicaS,
1477 1175 1594 1233 iam
1640 1191 1957 1234 commune
2001 1173 2247 1236 verbum
2294 1183 2403 1236 est.
2466 1174 2778 1236 luctandus
2821 1194 2941 1236 non
2988 1175 3168 1237 debe-

583 1295 716 1336 mus
761 1276 989 1343 dicere:
1037 1275 1143 1336 sed
1188 1276 1379 1336 sicubi
1425 1277 1743 1354 contigerit
1774 1285 1837 1336 ut
1867 1275 2057 1346 dicas,
2105 1278 2220 1337 iam
2252 1279 2409 1337 scire
2455 1277 2638 1338 debes
2667 1270 2777 1339 ista
2823 1276 3003 1338 verba
3048 1296 3167 1338 non

583 1397 713 1438 esse
769 1377 1155 1459 deponentia,
1216 1375 1320 1437 sed
1377 1395 1691 1438 commune
1750 1377 2016 1439 verbum.
2110 1396 2244 1439 nam
2300 1397 2614 1441 commune
2669 1378 2916 1440 verbum
2973 1389 3172 1459 potest

580 1479 802 1541 habere
857 1481 1234 1560 participium
1290 1487 1348 1540 et
1401 1481 1463 1539 in
1521 1478 1631 1539 dus
1687 1487 1746 1539 et
1808 1481 1867 1540 in
1925 1499 2045 1544 ωε.
2135 1488 2271 1560 puta
2328 1480 2539 1561 loquor
2582 1480 2820 1561 quando
2867 1480 3030 1551 dicu,
3079 1484 3164 1543 vis
3193 1499 3241 1539 10

580 1601 710 1643 esse
757 1581 1062 1661 deponens
1109 1581 1389 1643 verbum?
1455 1588 1598 1661 puta
1644 1580 1889 1661 ‘loquor
1935 1600 2045 1659 ego
2090 1579 2249 1643 illam
2296 1602 2422 1643 rem
2441 1585 2482 1645 ’.
2573 1602 2692 1644 non
2737 1584 2884 1669 facit
2917 1583 3164 1663 loquen-

578 1682 716 1752 duS,
773 1684 880 1745 sed
933 1686 1074 1746 facit
1127 1683 1451 1744 locuturus.
1545 1702 1576 1743 e
1623 1684 1924 1743 contrario
1968 1685 2018 1744 si
2066 1681 2207 1746 velis
2254 1684 2453 1747 dicere
2498 1685 2741 1767 ‘loquor
2786 1705 2819 1745 a
2864 1690 2975 1756 te’,
3021 1688 3160 1756 iam,

577 1786 853 1862 quoniam
900 1805 1214 1848 commune
1261 1786 1505 1847 verbum
1552 1793 1669 1854 est,
1718 1794 1778 1846 et
1823 1788 1885 1845 in
1931 1786 1938 1866 Ι
1989 1806 2093 1847 rus
2138 1786 2277 1847 facit
2322 1795 2379 1847 et
2423 1789 2487 1848 in
2532 1787 2669 1856 dus,
2716 1806 2835 1848 non
2881 1789 3160 1866 quoniam

575 1907 607 1947 a
653 1886 973 1967 deponenti
1030 1895 1376 1969 usurpatum
1435 1889 1512 1948 sit
1565 1887 1678 1947 boc
1733 1889 2143 1968 participium,
2205 1889 2308 1949 sed
2364 1891 2499 1968 quia
2545 1891 2662 1951 iam
2708 1908 3023 1952 commune
3070 1901 3161 1953 est

574 1988 838 2051 verbum.
899 2009 1119 2070 quaere
1150 1990 1304 2070 apud
1340 1990 1618 2059 Statium,
1668 1998 1906 2049 centum
1952 1989 2131 2051 huius
2177 1990 2334 2050 modi
2380 1992 2685 2071 participia
2732 1994 2817 2052 sic
2863 1992 3153 2067 invenies:
3187 2009 3237 2048 ιε

571 2091 803 2154 sed'ibi
846 2094 907 2152 in
952 2094 1081 2172 ipso
1127 2101 1368 2153 auctore
1412 2092 1705 2156 invenies,
1754 2110 1904 2170 quae
1935 2091 2033 2152 alii
2062 2092 2301 2172 ponunt‘
2336 2111 2446 2172 pro
2490 2092 2943 2173 deponentibus,
2991 2093 3156 2155 inum

568 2197 836 2274 posuisse
891 2214 999 2275 pro
1057 2192 1492 2255 communibus,
1584 2192 1739 2254 unde
1782 2212 1893 2273 per
1938 2193 2091 2253 banc
2135 2192 2435 2253 licentiam
2485 2197 2802 2273 usurpavit.
2893 2204 3154 2257 ceterum

557 2296 850 2376 ‘quantum
904 2297 1162 2377 pertinet
1216 2295 1288 2357 ad
1346 2294 1591 2357 verbum
1660 2293 1996 2372 deponens,
2062 2314 2181 2356 non
2248 2295 2426 2356 debet
2490 2295 2713 2359 habere
2778 2299 3153 2378 participium

566 2399 751 2460 futuri
805 2400 1115 2489 temporis⁸
1157 2397 1314 2478 quod
1370 2399 1431 2458 in
1489 2396 1599 2457 dus
1654 2397 1794 2456 exit.
1886 2406 1974 2457 est
2032 2398 2206 2459 etiam
2263 2415 2579 2458 commune
2636 2396 2910 2460 verbum:
2990 2418 3150 2460 com-

565 2518 746 2562 mune
791 2498 1038 2561 verbum
1084 2509 1360 2580 quattuor
1404 2498 1582 2559 babet
1626 2499 1965 2578 participia,
2001 2500 2321 2560 criminans
2352 2501 2698 2561 criminatus
2729 2502 3149 2564 criminaturus
3175 2520 3224 2559 20

563 2602 983 2663 criminandus,
1074 2610 1134 2664 ct
1186 2604 1358 2663 iuste.
1447 2618 1581 2661 nam
1649 2618 1963 2661 commune
2030 2600 2272 2661 verbum
2342 2609 2401 2661 et
2465 2604 2691 2680 agentis
2748 2612 2805 2663 et
2869 2605 3148 2684 patientis

560 2704 741 2788 habet
791 2705 1315 2784 significationeni;
1376 2702 1554 2763 debet
1611 2720 1752 2780 ergo
1812 2701 2034 2762 habere
2090 2703 2462 2782 participium
2520 2711 2577 2763 et
2633 2703 2706 2764 ab
2763 2706 2953 2765 activo
3011 2715 3069 2765 et
3112 2725 3145 2765 a

560 2807 811 2886 passivo.
903 2806 1020 2868 duo
1077 2815 1274 2868 autem
1329 2815 1465 2866 sunt
1510 2804 1584 2865 ab
1628 2806 1845 2874 activo,
1904 2804 2020 2864 duo
2065 2822 2096 2863 a
2143 2806 2392 2884 passivo.
2484 2823 2626 2884 ergo
2672 2807 2823 2868 iuste
2867 2815 3145 2887 quattuor

559 2909 764 2979 habet,
823 2928 1106 2989 praesens
1165 2909 1552 2988 praeteritum
1609 2917 1669 2967 et
1722 2907 1840 2968 duo
1895 2891 2139 2975 sutura,
2189 2913 2253 2966 ut
2298 2915 2387 2968 est
2430 2895 2753 2968 criminans
2797 2911 3142 2971 criminatus

557 3013 976 3073 criminaturus
1021 3009 1445 3072 criminandus.
1536 3008 1640 3069 sed
1686 3010 1842 3070 scire
1888 3007 2174 3069 debemus
2215 3010 2325 3070 ista
2371 3017 2650 3090 quattuor
2693 3029 2813 3072 non
2858 3011 2933 3072 ab
2978 3020 3138 3073 utra·
3166 3033 3217 3074 2⁵

555 3133 669 3192 que
713 3120 880 3194 parte
936 3131 1066 3174 esse
1123 3120 1427 3189 quattuor,
1486 3110 1589 3171 sed
1648 3109 1763 3169 duo
1812 3127 1943 3171 esse
1986 3112 2430 3189 significationis
2474 3113 2695 3172 activae
2741 3119 2801 3174 et
2844 3112 2961 3174 duo
3009 3133 3137 3176 esse

552 3206 993 3294 significationis
1046 3215 1311 3295 passivae
1365 3216 1474 3291 (ne
1531 3212 1714 3281 sorte,
1775 3212 2025 3307 quandox
2065 3221 2128 3274 tu
2181 3213 2266 3274 vis
2326 3216 2411 3274 nti
2457 3215 2884 3292 significatione
2929 3218 3132 3286 activa,

553 3320 737 3378 utaris
803 3319 863 3377 in
930 3317 1355 3395 significatione
1425 3316 1609 3377 activa
1671 3322 1949 3394 quattuor
2012 3316 2398 3396 participiis),
2457 3314 2516 3375 id
2573 3322 2662 3375 est
2715 3319 2765 3377 si
2821 3318 2881 3378 in
2949 3318 3133 3379 verbo

553 3421 854 3481 communi
910 3421 1095 3480 uteris
1153 3418 1583 3497 significatione
1644 3414 1650 3495 Ι
1711 3418 1926 3486 activa,
1987 3416 2104 3477 duo
2158 3416 2353 3477 habes·
2389 3417 2730 3497 participia;
2791 3420 2842 3479 si
2884 3420 3024 3480 item
3071 3422 3131 3480 in

548 3521 729 3583 verbo
772 3524 904 3601 ipso
948 3522 1247 3582 communi
1293 3519 1549 3580 volneris
1592 3519 1674 3579 uti
1721 3519 2146 3596 significatione
2191 3520 2453 3598 passiva,
2502 3520 2618 3580 duo
2663 3519 2847 3581 babes
2891 3522 3130 3600 partici-
3158 3544 3210 3586 ³0

544 3625 661 3703 pia.
750 3643 825 3684 ne
892 3623 1054 3684 dicas
1120 3640 1291 3701 ergo,
1360 3621 1499 3684 licet
1551 3621 1696 3681 mihi
1750 3621 1812 3680 in
1878 3619 2058 3681 latino
2126 3622 2392 3682 invenire
2460 3628 2737 3701 quattuor
2789 3623 3127 3702 participia:

546 3729 887 3806 negavimus
945 3727 1103 3787 enim
1157 3726 1353 3804 primo
1409 3735 1510 3784 aut
1565 3740 1853 3803 praesens
1907 3723 2282 3801 participium
2320 3725 2592 3784 'inveniri
2649 3743 2680 3784 a
2741 3726 2972 3803 passivo
3028 3735 3132 3786 aut

543 3830 927 3909 praeteritum
983 3827 1057 3888 ab
1111 3828 1326 3888 activo:
1385 3845 1460 3886 ne
1514 3825 1674 3886 dicas
1729 3824 1903 3893 mihi,
1967 3842 2104 3884 ecce
2151 3824 2334 3886 babes
2378 3824 2656 3893 verbum,
2707 3824 2806 3885 ubi
2853 3833 2911 3886 et
2953 3845 3127 3906 prae·

542 3948 681 3992 sens
727 3939 843 4000 est,
895 3937 954 3990 et
997 3928 1175 3991 habet
1223 3929 1713 4008 significationem
1758 3935 1817 3986 et
1860 3927 2105 3986 activam
2139 3935 2197 3988 et
2226 3928 2529 4006 passivam.
2591 3926 2696 3987 sed
2727 3946 2845 3988 non
2877 3938 3126 4008 propter

539 4033 693 4093 hanc
748 4034 1196 4093 concessionem
1256 4031 1523 4091 concessi
1578 4028 1682 4090 tibi
1740 4034 1800 4088 et
1853 4026 2024 4096 illud,
2074 4036 2163 4098 ut,
2212 4029 2447 4108 quando
2492 4031 2581 4089 vis
2626 4030 2710 4089 uti
2754 4029 2826 4090 ad
2872 4033 3202 4093 activam35

538 4135 1385 4213 significationem,'quattuor
1430 4132 1573 4212 ipsis
1617 4131 1834 4199 utaris,
1895 4138 1953 4191 et
2006 4128 2195 4190 isdem
2241 4138 2515 4211 quattuor
2559 4130 2631 4190 ad
2677 4128 2851 4191 aliam
2895 4133 3117 4210 signiti-

534 4238 857 4306 cationem;
905 4235 1007 4297 sed
1054 4234 1155 4296 illa
1202 4235 1630 4312 significatione
1660 4233 1906 4308 quando
1949 4235 2151 4299 uteris,
2200 4231 2429 4293 duobus
2459 4234 2672 4300 uteris:
2722 4234 2955 4314 quando
2985 4235 3115 4307 alia,

530 4342 672 4400 item
717 4338 847 4400 aliis
891 4338 1140 4400 duobus.

295 4464 413 4527 440,
443 4466 504 4514 19
640 4453 651 4464 ·
699 4442 826 4502 Hoc
882 4450 973 4510 est
1025 4438 1181 4519 quod
1239 4438 1490 4517 legimus
1535 4439 1710 4498 etiam
1756 4437 1820 4497 in
1865 4443 1993 4497 arte
2038 4437 2369 4516 superiore.
2458 4438 2573 4498 iam
2618 4436 2780 4498 addit
2822 4436 2934 4499 alia
2976 4458 3113 4519 pro·

661 4665 695 4714 5
732 4663 992 4728 deponens
1026 4679 1119 4715 om.
1147 4662 1331 4721 ABG,
1371 4660 1493 4713 add.
1522 4675 1556 4709 a
1694 4658 2020 4724 participium
2052 4674 2144 4710 om.
2171 4658 2354 4720 ABG,
2383 4659 2505 4709 add.
2534 4656 2604 4708 a*
2742 4658 2776 4709 8
2811 4659 2904 4710 sed
2937 4674 3032 4714 om.
3060 4661 3112 4711 A

667 4734 735 4784 10
765 4736 848 4783 uis
887 4748 1001 4784 esse
1037 4747 1301 4782 commune
1348 4731 1559 4780 uerbum
1603 4728 1777 4779 ABG
1916 4729 1980 4779 15
2021 4743 2208 4791 quaere
2240 4725 2415 4778 BGa*
2464 4743 2618 4792 quare
2653 4729 2703 4779 A
2841 4731 2908 4781 27
2944 4731 3111 4780 aetina

523 4804 680 4862 utaris
720 4803 796 4854 cb
833 4805 1000 4853 aetina
1036 4804 1191 4852 uteris
1221 4802 1335 4852 AB
1503 4798 1573 4851 30
1600 4801 1672 4849 uti
1712 4800 1793 4863 (ut
1826 4799 1875 4847 A
1911 4814 2049 4848 corr.
2089 4798 2159 4847 uti
2196 4795 2256 4861 a)
2285 4799 2351 4847 ad
2386 4798 2806 4864 significationem
2845 4801 3107 4866 passiniani

523 4874 690 4924 ABG
824 4872 889 4926 37
928 4874 1021 4923 sed
1056 4874 1140 4924 iiia.
1175 4872 1546 4939 significatione
1586 4869 2037 4935 (significationem
2075 4884 2213 4918 corr.
2254 4884 2341 4918 -ue
2365 4870 2437 4934 A)
2472 4870 2671 4919 duobus
2701 4871 2858 4921 uteris
2892 4870 3059 4922 ABG
