3541 5564
508 277 632 343 528
1532 273 2066 355 [PALAEMONIS]

511 465 870 552 principem
917 461 1270 527 editionem
1299 459 1712 525 Palaemonis
1757 470 1824 524 et
1852 458 2048 545 Aspri
2093 459 2246 524 libri
2292 459 2451 524 editi
2497 469 2649 524 sunt
2690 460 2758 524 in
2802 459 3087 525 editione

512 567 914 632 Ascensiana
943 564 1215 628 Parisiis
1262 587 1318 628 a.
1357 564 1520 628 1516
1566 574 1630 627 et
1674 562 1738 626 in
1767 562 2199 643 Putschiana,
2246 559 2650 627 Palaemonis
2696 562 2761 625 in
2807 562 3091 627 editione

520 666 880 733 Basileensi
924 690 982 731 a.
1022 667 1206 748 1527,
1252 665 1451 751 Aspri
1495 688 1611 750 per
1642 663 2020 729 Caesarium
2065 665 2329 750 Lipsiae
2375 687 2432 728 a.
2471 664 2630 728 1527
2677 674 2742 729 et
2784 663 3089 748 Friburgi

521 793 579 834 a.
630 771 790 834 1533
836 778 900 834 et
945 792 984 833 a
1027 767 1475 833 Lindemanno
1519 768 1585 831 in
1631 767 1837 853 primo
1883 766 2212 832 volumine
2256 767 2848 850 grammaticorum.

687 871 817 937 Sed
873 894 1002 936 non
1058 893 1199 935 esse
1244 869 1359 934 hos
1416 868 1619 934 libros
1678 892 1718 933 a
1762 869 2092 933 veteribus
2137 868 2614 952 grammaticis,
2660 891 2934 954 quorum
2979 892 3089 934 no·

514 975 691 1039 mina
745 996 900 1060 prae
956 995 1025 1036 se
1082 972 1327 1054 ferunt,
1385 970 1698 1056 scriptos,
1757 971 1927 1035 sicut
1983 968 2139 1036 olim
2194 969 2512 1034 creditum
2569 979 2702 1051 est,
2759 992 2887 1034 non
2933 982 3091 1055 puto

516 1079 646 1143 iam
689 1076 1091 1161 argumentis
1140 1071 1719 1138 demonstrandum
1767 1095 1928 1137 esse.
1987 1094 2064 1137 ac
2108 1096 2188 1136 ne
2232 1070 2395 1137 illud
2427 1070 2690 1158 quidem
2721 1070 2851 1136 ullo
2899 1071 3091 1137 modo

517 1178 780 1265 probari
834 1186 1080 1263 potest,
1142 1175 1315 1263 quod
1370 1175 1451 1240 de
1496 1173 1883 1240 Palaemone
1941 1195 2010 1237 se
2055 1174 2478 1260 probaturum
2523 1197 2666 1239 esse
2710 1176 3096 1259 promiserat

520 1281 822 1346 Osannus
891 1276 1170 1365 symbol.
1236 1276 1432 1342 litter.
1480 1276 1548 1339 II
1605 1300 1668 1363 p.
1726 1277 1888 1358 228,
1955 1287 2265 1362 excerpta
2330 1299 2413 1340 ex
2477 1276 2773 1360 genuinis
2840 1276 3094 1341 illorum

520 1382 703 1447 libris
750 1404 790 1445 a
831 1379 1305 1446 recentioribus
1350 1379 1791 1464 grammaticis
1837 1375 2107 1442 collecta
2137 1386 2201 1441 et
2230 1377 2431 1441 variis
2478 1377 2940 1443 mutationibus
2987 1378 3095 1442 de-

522 1494 799 1570 pravata
858 1483 1124 1546 nomina
1176 1491 1472 1548 veterum
1531 1491 1905 1562 auctorum,
1964 1502 2003 1542 a
2059 1479 2293 1564 quibus
2351 1479 2667 1563 originem
2737 1479 3097 1561 duxissent,

528 1585 831 1650 traxisse.
921 1586 1115 1649 immo
1161 1593 1291 1647 tam
1337 1584 1600 1649 diversa
1644 1591 1796 1646 sunt
1840 1581 2055 1645 omnia
2100 1581 2183 1646 ab
2241 1582 2322 1645 iis
2366 1604 2532 1667 quae
2574 1581 2768 1647 certis
2816 1585 3098 1647 testimo-

523 1687 648 1752 niis
696 1687 774 1752 de
819 1685 1230 1750 Palaemonis
1275 1696 1340 1751 et
1384 1684 1584 1771 Aspri
1630 1684 1924 1749 doctrina
1968 1683 2212 1749 tradita
2255 1693 2438 1765 sunt,
2496 1693 2569 1747 ut
2624 1707 2750 1749 non
2807 1685 3097 1750 dubitem

524 1788 680 1876 quin
724 1786 901 1854 nulla
944 1787 1350 1875 antiquitatis
1396 1786 1526 1851 fide
1570 1788 1864 1850 nitantur
1891 1787 2156 1851 nomina
2193 1784 2739 1852 nobilissimorum
2785 1810 3100 1872 gramma-

525 1891 801 1956 ticorum
844 1889 943 1953 his
992 1889 1176 1955 libris
1220 1889 1554 1977 inscripta.
2190 1947 2197 1954 .

698 1991 933 2080 Itaque
987 2002 1063 2056 ut
1115 1993 1399 2079 primum
1457 1990 1538 2054 de
1593 1989 1986 2055 Palaemone
2044 1989 2287 2071 dicam,
2344 2013 2788 2077 quaecumque
2832 1990 2937 2057 vel
2993 1991 3102 2055 ad-

527 2096 767 2181 scripto
814 2095 935 2159 hoc
981 2093 1239 2160 nomine
1296 2115 1336 2157 a
1389 2092 1831 2178 grammaticis
1878 2094 2164 2158 citantur
2209 2091 2314 2157 vel
2369 2091 2797 2179 probabiliter
2840 2093 2924 2157 ad
2970 2095 3108 2158 eius

528 2197 887 2263 doctrinam
946 2207 1336 2262 revocantur
1391 2195 1567 2281 apud
1613 2195 1986 2260 Charisium
2039 2193 2425 2260 Diomedem
2481 2195 2897 2260 Consentium
2942 2197 3110 2261 Pho-

529 2322 705 2380 cam,
753 2310 818 2365 et
864 2299 1030 2386 siqui
1076 2309 1418 2384 praeterea
1461 2298 1683 2362 eodem
1729 2306 1991 2362 auctore
2036 2297 2137 2361 usi
2184 2305 2357 2378 sunt,
2403 2318 2624 2361 eorum
2672 2295 2831 2360 nihil
2876 2297 2943 2361 in
2986 2297 3111 2363 hoc

527 2401 696 2466 libro
742 2400 1000 2486 legitur.
1087 2423 1295 2486 neque
1351 2423 1582 2465 vereor
1636 2401 1865 2485 nequis
1910 2399 2030 2463 hoc
2073 2400 2169 2465 ita
2212 2398 2553 2481 abutatur,
2610 2409 2682 2463 ut
2724 2397 2839 2463 illa
2881 2421 2965 2463 ex
3008 2421 3107 2462 re-

530 2502 832 2567 centioris
888 2501 1227 2568 cuiusdam
1280 2501 1690 2566 Palaemonis
1748 2510 1921 2579 arte,
1979 2500 2059 2565 de
2104 2523 2231 2586 qua
2284 2524 2484 2587 supra
2534 2525 2599 2587 p.
2647 2501 2772 2565 334
2817 2501 3107 2587 disputa-

531 2618 668 2676 tum
714 2612 844 2685 est,
893 2614 1188 2689 recepta,
1236 2603 1394 2668 haec
1440 2603 1521 2667 de
1566 2603 1802 2689 quibus
1847 2626 2019 2668 nunc
2076 2604 2293 2688 agitur
2336 2603 2619 2688 genuina
2661 2602 2946 2673 Remmii,
2983 2604 3107 2668 Pa-

529 2705 843 2770 laemonis
889 2716 1200 2792 excerpta
1242 2728 1383 2770 esse
1430 2705 1627 2770 dicat.
1714 2726 1866 2768 nam
1913 2703 2073 2769 nihil
2118 2704 2378 2770 omnino
2422 2706 2491 2768 in
2534 2704 2654 2769 hoc
2698 2704 2864 2770 libro
2910 2704 3106 2792 scrip-

531 2818 668 2873 tum
725 2817 825 2872 est
879 2807 1052 2894 quod
1107 2830 1234 2872 non
1290 2807 1373 2872 ab
1429 2809 1509 2871 iis
1563 2808 2042 2891 grammaticis,
2100 2829 2370 2894 quorum
2427 2806 2627 2873 libros
2685 2831 2858 2872 nunc
2913 2810 3108 2873 etiam

535 2909 883 2991 habemus,
941 2910 1079 2997 peti
1120 2911 1406 2996 potuerit
1456 2909 1562 2974 vel
1618 2908 1839 2995 aliqua
1879 2909 2362 2996 probabilitatis
2410 2909 2625 2995 specie
2679 2911 3111 2997 antiquiorem

533 3012 848 3095 originem
893 3010 1021 3075 sibi
1066 3010 1382 3091 vindicet,
1441 3010 1555 3075 sed
1613 3011 1829 3075 omnia
1869 3011 1936 3074 in
1990 3011 2343 3075 notissimis
2390 3021 2455 3076 et
2498 3012 2783 3076 maxime
2827 3012 3110 3097 vulgari-

534 3114 658 3180 bus
704 3113 1279 3198 grammaticorum
1323 3111 1687 3199 praeceptis
1733 3112 1816 3176 de
1861 3136 1977 3177 sex
2007 3114 2303 3200 partibus
2336 3114 2649 3178 orationis
2664 3162 2682 3196 ,
2730 3113 2808 3178 de
2852 3115 3110 3179 nomine

536 3215 914 3302 pronomine
980 3215 1184 3280 verbo
1252 3215 1596 3301 participio
1675 3214 1988 3281 adverbio
2045 3216 2553 3303 praepositione,
2613 3216 3112 3300 (coniunctionis

537 3319 708 3382 enim
753 3327 819 3382 et
861 3316 1332 3382 interiectionis
1378 3316 1698 3402 expositio
1744 3317 1989 3382 omissa
2031 3319 2158 3403 est)
2204 3328 2578 3400 versantur,
2625 3340 2829 3404 eaque
2872 3319 2940 3382 in
2984 3319 3114 3383 for-

536 3441 708 3483 mam
775 3418 1144 3502 regularum
1211 3429 1276 3483 et
1343 3419 1795 3504 quaestionum
1863 3420 2020 3483 satis
2087 3418 2508 3505 neglegenter
2572 3419 2840 3484 redacta
2905 3443 3114 3505 neque

538 3531 712 3586 certo
759 3520 986 3585 ordine
1032 3520 1372 3605 conposita
1416 3530 1585 3585 sunt.
1672 3530 1738 3585 et
1781 3519 1988 3586 multa
2031 3522 2292 3607 quidem
2338 3523 2576 3607 partim
2619 3521 2852 3586 iisdem
2895 3523 3113 3588 verbis

540 3622 814 3709 scripta,
871 3624 1108 3709 partim
1162 3620 1427 3686 uberius
1486 3633 1553 3687 et
1590 3622 1984 3690 ,accuratius
2041 3623 2367 3709 explicata
2420 3623 2721 3708 leguntur
2763 3624 2828 3687 in
2872 3623 3116 3709 regulis

539 3724 916 3809 Augustini.
1006 3722 1133 3789 alia
1200 3723 1497 3788 similiter
1553 3747 1698 3788 cum
1756 3725 2070 3791 institutis
2124 3725 2326 3790 Probi
2369 3726 2812 3807 consentiunt,
2859 3750 2941 3791 ex
2985 3750 3114 3812 quo

534 3821 773 3914 *genere
805 3837 958 3892 sunt
988 3826 1180 3907 haec,
1228 3849 1292 3912 p.
1329 3827 1492 3891 1369
1524 3825 1604 3891 de
1635 3829 2098 3912 conparatione
2132 3827 2461 3892 nominum
2503 3827 2699 3893 Prob.
2731 3851 2794 3914 p.
2826 3829 2908 3894 56
2940 3852 3113 3915 sqq.;

540 3954 604 4018 p.
657 3931 818 3995 1371.
862 3928 944 3992 de
988 3929 1213 3996 dativo
1260 3940 1326 3994 et
1369 3927 1659 3994 ablativo
1714 3926 1950 4014 plurali
2006 3938 2272 4016 quartae
2315 3928 2766 3995 declinationis
2811 3930 3004 3995 Prob.
3050 3954 3114 4016 p.

545 4032 694 4115 1163
742 4055 806 4118 p.
857 4032 1020 4095 1374
1064 4031 1143 4096 de
1189 4031 1557 4096 nominibus
1617 4032 1683 4094 in
1738 4053 1808 4094 as
1851 4032 2240 4098 exeuntibus
2285 4031 2479 4095 Prob.
2526 4054 2589 4117 p.
2639 4032 2738 4096 79.
2828 4031 2943 4096 hos
3000 4034 3117 4116 igi-

543 4144 649 4199 tur
692 4135 796 4198 vel
841 4133 939 4198 his
986 4131 1228 4198 similes
1272 4131 1642 4218 regularum
1689 4135 2037 4219 scriptores
2094 4136 2147 4197 is
2194 4135 2306 4219 qui
2350 4133 2510 4197 haec
2555 4134 2817 4220 scripsit
2860 4134 3121 4199 videtur

542 4245 801 4300 secutus
857 4240 1021 4300 esse.
1109 4259 1186 4300 ea
1239 4259 1393 4301 vero
1453 4258 1618 4321 quac
1673 4236 1815 4323 ipse
1882 4234 2137 4300 addidit
2190 4234 2540 4300 maximam
2592 4247 2846 4323 partem
2899 4238 3119 4321 inepta

545 4348 728 4420 sunt,
776 4348 849 4403 ut
890 4360 954 4424 p.
1008 4337 1170 4402 1370
1228 4338 1308 4402 de
1366 4337 1811 4403 deminutione
1868 4340 2228 4420 nominum,
2276 4362 2339 4424 p.
2391 4338 2551 4403 1378
2599 4338 2680 4403 de
2723 4338 3117 4424 pronomini-

543 4440 667 4504 bus
714 4446 783 4505 id
823 4451 888 4506 et
930 4446 1104 4519 idem,
1152 4447 1260 4520 qui
1300 4451 1365 4506 et
1408 4447 1656 4519 quidam
1700 4441 1872 4506 idem
1917 4440 2454 4526 significantibus
2503 4462 2628 4526 quo
2675 4450 2966 4527 tempore
3008 4463 3117 4505 au-

549 4682 610 4730 16
647 4696 792 4733 saec.
830 4682 987 4745 vm,
1025 4683 1064 4732 f.
1105 4684 1169 4733 56
1215 4684 1396 4747 incipit
1432 4682 1558 4732 liber
1591 4684 1870 4747 palemonis
1908 4684 1971 4732 de
2007 4690 2148 4732 arte:
2196 4682 2268 4732 cf.
2306 4681 2602 4733 Endlicher
2638 4682 2807 4734 catal.
2845 4683 2962 4734 cod.
3001 4683 3117 4747 phi-

546 4764 714 4831 lolog.
752 4765 909 4822 latin,
948 4766 1079 4817 bibl.
1118 4767 1298 4821 Palat.
1337 4766 1571 4819 Vindob.
1609 4785 1661 4833 p.
1698 4770 1814 4831 220,
1855 4766 2091 4822 analect.
2131 4784 2354 4834 gramm.
2394 4767 2627 4819 vindob.
2666 4784 2717 4834 p.
2757 4770 2873 4819 202.
