<?xml version="1.0" encoding="UTF-8"?>
<!DOCTYPE html PUBLIC "-//W3C//DTD XHTML 1.0 Transitional//EN"
    "http://www.w3.org/TR/xhtml1/DTD/xhtml1-transitional.dtd">
<html xmlns="http://www.w3.org/1999/xhtml" xml:lang="en" lang="en">
 <head>
  <title>
</title>
<meta http-equiv="Content-Type" content="text/html;charset=utf-8" />
  <meta name='ocr-system' content='tesseract 3.04.00' />
  <meta name='ocr-capabilities' content='ocr_page ocr_carea ocr_par ocr_line ocrx_word'/>
</head>
<body>
  <div class='ocr_page' id='page_1' title='image "./grammaticilatin10keilgoog_0276.png"; bbox 0 0 3541 5564; ppageno 0'>
   <div class='ocr_carea' id='block_1_1' title="bbox 438 334 1878 513">
    <p class='ocr_par' dir='ltr' id='par_1_1' title="bbox 438 334 1878 513">
     <span class='ocr_line' id='line_1_1' title="bbox 438 334 1878 413; baseline 0.001 -2"><span class='ocrx_word' id='word_1_1' title='bbox 438 346 564 412; x_wconf 84' lang='lat'><strong>268</strong></span> <span class='ocrx_word' id='word_1_2' title='bbox 737 334 742 339; x_wconf 80' lang='grc'><strong><em>’</em></strong></span> <span class='ocrx_word' id='word_1_3' title='bbox 1573 350 1878 413; x_wconf 83' lang='lat' dir='ltr'><strong>POMPEu</strong></span> 
     </span>
     <span class='ocr_line' id='line_1_2' title="bbox 487 457 805 513; baseline -0.003 -13"><span class='ocrx_word' id='word_1_4' title='bbox 487 469 531 513; x_wconf 80' lang='lat' dir='ltr'><strong>p.</strong></span> <span class='ocrx_word' id='word_1_5' title='bbox 556 459 734 500; x_wconf 68' lang='lat' dir='ltr'><strong>ssa-se</strong></span> <span class='ocrx_word' id='word_1_6' title='bbox 760 457 805 499; x_wconf 85' lang='lat'><strong>1..</strong></span> 
     </span>
    </p>
   </div>
   <div class='ocr_carea' id='block_1_2' title="bbox 188 537 3097 4307">
    <p class='ocr_par' dir='ltr' id='par_1_2' title="bbox 430 537 3075 1218">
     <span class='ocr_line' id='line_1_3' title="bbox 437 537 3021 615; baseline -0.001 -14"><span class='ocrx_word' id='word_1_7' title='bbox 437 557 615 601; x_wconf 89' lang='lat' dir='ltr'><strong>causa</strong></span> <span class='ocrx_word' id='word_1_8' title='bbox 662 540 818 600; x_wconf 90' lang='lat' dir='ltr'><strong>enim</strong></span> <span class='ocrx_word' id='word_1_9' title='bbox 864 548 984 615; x_wconf 92' lang='lat' dir='ltr'><strong>est,</strong></span> <span class='ocrx_word' id='word_1_10' title='bbox 1034 550 1093 600; x_wconf 92' lang='lat' dir='ltr'><strong>et</strong></span> <span class='ocrx_word' id='word_1_11' title='bbox 1136 538 1355 602; x_wconf 88' lang='lat' dir='ltr'><strong>causali</strong></span> <span class='ocrx_word' id='word_1_12' title='bbox 1401 537 1584 601; x_wconf 90' lang='lat' dir='ltr'><strong>debes</strong></span> <span class='ocrx_word' id='word_1_13' title='bbox 1629 540 1734 600; x_wconf 91' lang='lat' dir='ltr'><strong>uti.</strong></span> <span class='ocrx_word' id='word_1_14' title='bbox 1824 558 1857 600; x_wconf 87' lang='lat' dir='ltr'><strong>e</strong></span> <span class='ocrx_word' id='word_1_15' title='bbox 1902 540 2205 599; x_wconf 90' lang='lat' dir='ltr'><strong>contrario</strong></span> <span class='ocrx_word' id='word_1_16' title='bbox 2250 540 2299 599; x_wconf 93' lang='lat' dir='ltr'><strong>si</strong></span> <span class='ocrx_word' id='word_1_17' title='bbox 2346 539 2578 599; x_wconf 87' lang='lat' dir='ltr'><strong>ratione</strong></span> <span class='ocrx_word' id='word_1_18' title='bbox 2624 538 2839 607; x_wconf 89' lang='lat' dir='ltr'><strong>utaris,</strong></span> <span class='ocrx_word' id='word_1_19' title='bbox 2900 556 3021 599; x_wconf 89' lang='lat' dir='ltr'><strong>me-</strong></span> 
     </span>
     <span class='ocr_line' id='line_1_4' title="bbox 435 638 3020 712; baseline -0 -9"><span class='ocrx_word' id='word_1_20' title='bbox 435 640 549 703; x_wconf 89' lang='lat' dir='ltr'><strong>lius</strong></span> <span class='ocrx_word' id='word_1_21' title='bbox 595 643 780 704; x_wconf 90' lang='lat' dir='ltr'><strong>uteris</strong></span> <span class='ocrx_word' id='word_1_22' title='bbox 825 643 1131 704; x_wconf 79' lang='lat' dir='ltr'>rationali:</span> <span class='ocrx_word' id='word_1_23' title='bbox 1187 644 1238 704; x_wconf 92' lang='lat' dir='ltr'><strong>si</strong></span> <span class='ocrx_word' id='word_1_24' title='bbox 1283 640 1444 703; x_wconf 89' lang='lat' dir='ltr'><strong>dicas</strong></span> <span class='ocrx_word' id='word_1_25' title='bbox 1489 640 1673 702; x_wconf 82' lang='lat' dir='ltr'><strong>‘solus</strong></span> <span class='ocrx_word' id='word_1_26' title='bbox 1716 639 1881 701; x_wconf 89' lang='lat' dir='ltr'><strong>illum</strong></span> <span class='ocrx_word' id='word_1_27' title='bbox 1927 638 2212 712; x_wconf 84' lang='lat' dir='ltr'><strong>occidam,</strong></span> <span class='ocrx_word' id='word_1_28' title='bbox 2260 639 2450 703; x_wconf 81' lang='lat' dir='ltr'><strong>debeo</strong></span> <span class='ocrx_word' id='word_1_29' title='bbox 2481 641 2542 701; x_wconf 92' lang='lat' dir='ltr'><strong>in</strong></span> <span class='ocrx_word' id='word_1_30' title='bbox 2574 641 2826 702; x_wconf 81' lang='lat' dir='ltr'><strong>desertis</strong></span> <span class='ocrx_word' id='word_1_31' title='bbox 2856 639 3020 710; x_wconf 89' lang='lat' dir='ltr'><strong>locis,</strong></span> 
     </span>
     <span class='ocr_line' id='line_1_5' title="bbox 435 741 3020 823; baseline -0 -17"><span class='ocrx_word' id='word_1_32' title='bbox 435 743 624 806; x_wconf 85' lang='lat' dir='ltr'><strong>debeo</strong></span> <span class='ocrx_word' id='word_1_33' title='bbox 667 763 924 813; x_wconf 87' lang='lat' dir='ltr'><strong>veneno;</strong></span> <span class='ocrx_word' id='word_1_34' title='bbox 974 762 1117 823; x_wconf 83' lang='lat' dir='ltr'><strong>ergo</strong></span> <span class='ocrx_word' id='word_1_35' title='bbox 1161 743 1388 812; x_wconf 86' lang='lat' dir='ltr'><strong>latebo;</strong></span> <span class='ocrx_word' id='word_1_36' title='bbox 1433 745 1615 823; x_wconf 86' lang='lat' dir='ltr'><strong>igitur</strong></span> <span class='ocrx_word' id='word_1_37' title='bbox 1659 742 1876 813; x_wconf 89' lang='lat' dir='ltr'><strong>latebo,</strong></span> <span class='ocrx_word' id='word_1_38' title='bbox 1911 742 1961 804; x_wconf 90' lang='lat' dir='ltr'><strong>si</strong></span> <span class='ocrx_word' id='word_1_39' title='bbox 2004 741 2119 804; x_wconf 90' lang='lat' dir='ltr'><strong>hoc</strong></span> <span class='ocrx_word' id='word_1_40' title='bbox 2164 744 2409 813; x_wconf 86' lang='lat' dir='ltr'><strong>secero’,</strong></span> <span class='ocrx_word' id='word_1_41' title='bbox 2458 761 2602 822; x_wconf 83' lang='lat' dir='ltr'><strong>ergo</strong></span> <span class='ocrx_word' id='word_1_42' title='bbox 2633 744 2820 821; x_wconf 83' lang='lat' dir='ltr'><strong>magis</strong></span> <span class='ocrx_word' id='word_1_43' title='bbox 2849 744 3020 805; x_wconf 89' lang='lat' dir='ltr'><strong>istam</strong></span> 
     </span>
     <span class='ocr_line' id='line_1_6' title="bbox 433 844 3021 929; baseline -0.002 -20"><span class='ocrx_word' id='word_1_44' title='bbox 433 849 608 929; x_wconf 88' lang='lat' dir='ltr'><strong>ponis</strong></span> <span class='ocrx_word' id='word_1_45' title='bbox 651 848 714 908; x_wconf 90' lang='lat' dir='ltr'><strong>in</strong></span> <span class='ocrx_word' id='word_1_46' title='bbox 758 866 826 909; x_wconf 91' lang='lat' dir='ltr'><strong>re</strong></span> <span class='ocrx_word' id='word_1_47' title='bbox 869 845 1172 917; x_wconf 89' lang='lat' dir='ltr'><strong>rationali;</strong></span> <span class='ocrx_word' id='word_1_48' title='bbox 1235 848 1517 925; x_wconf 88' lang='lat' dir='ltr'><strong>quoniam</strong></span> <span class='ocrx_word' id='word_1_49' title='bbox 1561 847 1636 907; x_wconf 90' lang='lat' dir='ltr'><strong>de</strong></span> <span class='ocrx_word' id='word_1_50' title='bbox 1679 848 1913 908; x_wconf 89' lang='lat' dir='ltr'><strong>ratione</strong></span> <span class='ocrx_word' id='word_1_51' title='bbox 1956 844 2253 922; x_wconf 86' lang='lat' dir='ltr'><strong>loqueris,</strong></span> <span class='ocrx_word' id='word_1_52' title='bbox 2317 844 2471 907; x_wconf 88' lang='lat' dir='ltr'><strong>bene</strong></span> <span class='ocrx_word' id='word_1_53' title='bbox 2516 847 2704 907; x_wconf 91' lang='lat' dir='ltr'><strong>uteris</strong></span> <span class='ocrx_word' id='word_1_54' title='bbox 2748 844 3021 907; x_wconf 81' lang='lat' dir='ltr'><strong>rationali</strong></span> 
     </span>
     <span class='ocr_line' id='line_1_7' title="bbox 434 947 3075 1029; baseline -0.002 -16"><span class='ocrx_word' id='word_1_55' title='bbox 434 951 869 1013; x_wconf 86' lang='lat' dir='ltr'><strong>coniunctione.</strong></span> <span class='ocrx_word' id='word_1_56' title='bbox 961 951 1041 1009; x_wconf 82' lang='lat' dir='ltr'><strong>ita</strong></span> <span class='ocrx_word' id='word_1_57' title='bbox 1098 950 1254 1010; x_wconf 90' lang='lat' dir='ltr'><strong>enim</strong></span> <span class='ocrx_word' id='word_1_58' title='bbox 1309 956 1505 1029; x_wconf 87' lang='lat' dir='ltr'><strong>potest</strong></span> <span class='ocrx_word' id='word_1_59' title='bbox 1559 949 1693 1009; x_wconf 84' lang='lat' dir='ltr'><strong>lieri</strong></span> <span class='ocrx_word' id='word_1_60' title='bbox 1750 957 1817 1009; x_wconf 88' lang='lat' dir='ltr'><strong>ut</strong></span> <span class='ocrx_word' id='word_1_61' title='bbox 1859 947 2146 1029; x_wconf 87' lang='lat' dir='ltr'><strong>procedat</strong></span> <span class='ocrx_word' id='word_1_62' title='bbox 2200 949 2314 1010; x_wconf 88' lang='lat' dir='ltr'><strong>iste</strong></span> <span class='ocrx_word' id='word_1_63' title='bbox 2368 955 2684 1017; x_wconf 86' lang='lat' dir='ltr'><strong>tractatus,</strong></span> <span class='ocrx_word' id='word_1_64' title='bbox 2755 954 2850 1017; x_wconf 92' lang='lat' dir='ltr'><strong>ut,</strong></span> <span class='ocrx_word' id='word_1_65' title='bbox 2919 947 3022 1010; x_wconf 88' lang='lat' dir='ltr'><strong>ubi</strong></span> <span class='ocrx_word' id='word_1_66' title='bbox 3048 961 3075 1001; x_wconf 79' lang='lat'>5</span> 
     </span>
     <span class='ocr_line' id='line_1_8' title="bbox 433 1048 3018 1132; baseline -0 -19"><span class='ocrx_word' id='word_1_67' title='bbox 433 1052 507 1113; x_wconf 90' lang='lat' dir='ltr'><strong>de</strong></span> <span class='ocrx_word' id='word_1_68' title='bbox 549 1054 778 1115; x_wconf 88' lang='lat' dir='ltr'><strong>ratione</strong></span> <span class='ocrx_word' id='word_1_69' title='bbox 820 1051 1115 1132; x_wconf 77' lang='lat' dir='ltr'><strong>loqueriS,</strong></span> <span class='ocrx_word' id='word_1_70' title='bbox 1176 1052 1361 1114; x_wconf 90' lang='lat' dir='ltr'><strong>utaris</strong></span> <span class='ocrx_word' id='word_1_71' title='bbox 1407 1052 1830 1113; x_wconf 86' lang='lat' dir='ltr'><strong>coniunctione</strong></span> <span class='ocrx_word' id='word_1_72' title='bbox 1874 1048 2175 1113; x_wconf 77' lang='lat' dir='ltr'><strong>rationali:</strong></span> <span class='ocrx_word' id='word_1_73' title='bbox 2246 1050 2348 1112; x_wconf 92' lang='lat' dir='ltr'><strong>ubi</strong></span> <span class='ocrx_word' id='word_1_74' title='bbox 2393 1049 2467 1112; x_wconf 84' lang='lat' dir='ltr'><strong>de</strong></span> <span class='ocrx_word' id='word_1_75' title='bbox 2513 1067 2691 1112; x_wconf 88' lang='lat' dir='ltr'><strong>causa</strong></span> <span class='ocrx_word' id='word_1_76' title='bbox 2735 1048 3018 1128; x_wconf 79' lang='lat' dir='ltr'><strong>loqueriS‚</strong></span> 
     </span>
     <span class='ocr_line' id='line_1_9' title="bbox 430 1153 899 1218; baseline 0 -2"><span class='ocrx_word' id='word_1_77' title='bbox 430 1157 617 1218; x_wconf 88' lang='lat' dir='ltr'><strong>utaris</strong></span> <span class='ocrx_word' id='word_1_78' title='bbox 661 1153 899 1217; x_wconf 89' lang='lat' dir='ltr'><strong>causali.</strong></span> 
     </span>
    </p>

    <p class='ocr_par' dir='ltr' id='par_1_3' title="bbox 427 1255 3097 2054">
     <span class='ocr_line' id='line_1_10' title="bbox 599 1255 3019 1338; baseline -0.001 -18"><span class='ocrx_word' id='word_1_79' title='bbox 599 1258 727 1320; x_wconf 88' lang='lat' dir='ltr'><strong>Hoc</strong></span> <span class='ocrx_word' id='word_1_80' title='bbox 772 1256 1010 1338; x_wconf 89' lang='lat' dir='ltr'><strong>quidem</strong></span> <span class='ocrx_word' id='word_1_81' title='bbox 1055 1256 1382 1319; x_wconf 90' lang='lat' dir='ltr'><strong>secundum</strong></span> <span class='ocrx_word' id='word_1_82' title='bbox 1428 1257 1688 1335; x_wconf 83' lang='lat' dir='ltr'><strong>rigorem</strong></span> <span class='ocrx_word' id='word_1_83' title='bbox 1732 1257 1895 1317; x_wconf 88' lang='lat' dir='ltr'><strong>artis.</strong></span> <span class='ocrx_word' id='word_1_84' title='bbox 1970 1262 2238 1317; x_wconf 89' lang='lat' dir='ltr'><strong>ceterum</strong></span> <span class='ocrx_word' id='word_1_85' title='bbox 2282 1262 2557 1316; x_wconf 80' lang='lat' dir='ltr'><strong>auctores</strong></span> <span class='ocrx_word' id='word_1_86' title='bbox 2602 1255 3019 1318; x_wconf 84' lang='lat' dir='ltr'><strong>confuderunt.</strong></span> 
     </span>
     <span class='ocr_line' id='line_1_11' title="bbox 432 1356 3023 1439; baseline -0.001 -17"><span class='ocrx_word' id='word_1_87' title='bbox 432 1359 574 1439; x_wconf 91' lang='lat' dir='ltr'><strong>quid</strong></span> <span class='ocrx_word' id='word_1_88' title='bbox 629 1369 746 1422; x_wconf 89' lang='lat' dir='ltr'><strong>tam</strong></span> <span class='ocrx_word' id='word_1_89' title='bbox 800 1360 1192 1429; x_wconf 89' lang='lat' dir='ltr'><strong>contrarium,</strong></span> <span class='ocrx_word' id='word_1_90' title='bbox 1262 1376 1442 1437; x_wconf 85' lang='lat' dir='ltr'><strong>quam</strong></span> <span class='ocrx_word' id='word_1_91' title='bbox 1491 1357 1502 1439; x_wconf 86' lang='grc' dir='ltr'>Ι</span> <span class='ocrx_word' id='word_1_92' title='bbox 1554 1366 1645 1420; x_wconf 92' lang='lat' dir='ltr'><strong>est</strong></span> <span class='ocrx_word' id='word_1_93' title='bbox 1699 1357 2030 1439; x_wconf 79' lang='lat' dir='ltr'><strong>copulativa</strong></span> <span class='ocrx_word' id='word_1_94' title='bbox 2098 1366 2157 1418; x_wconf 91' lang='lat' dir='ltr'><strong>et</strong></span> <span class='ocrx_word' id='word_1_95' title='bbox 2221 1356 2609 1419; x_wconf 79' lang='lat' dir='ltr'><strong>disiunctiva?</strong></span> <span class='ocrx_word' id='word_1_96' title='bbox 2691 1357 3023 1439; x_wconf 77' lang='lat' dir='ltr'><strong>copulativa</strong></span> 
     </span>
     <span class='ocr_line' id='line_1_12' title="bbox 429 1454 3097 1543; baseline -0.001 -18"><span class='ocrx_word' id='word_1_97' title='bbox 429 1464 636 1541; x_wconf 89' lang='lat' dir='ltr'><strong>utique</strong></span> <span class='ocrx_word' id='word_1_98' title='bbox 681 1459 919 1543; x_wconf 89' lang='lat' dir='ltr'><strong>copulat</strong></span> <span class='ocrx_word' id='word_1_99' title='bbox 959 1479 1201 1524; x_wconf 87' lang='lat' dir='ltr'><strong>sensum</strong></span> <span class='ocrx_word' id='word_1_100' title='bbox 1247 1469 1307 1522; x_wconf 93' lang='lat' dir='ltr'><strong>et</strong></span> <span class='ocrx_word' id='word_1_101' title='bbox 1351 1462 1680 1539; x_wconf 83' lang='lat' dir='ltr'><strong>coniungit,</strong></span> <span class='ocrx_word' id='word_1_102' title='bbox 1728 1460 2077 1522; x_wconf 87' lang='lat' dir='ltr'><strong>disiunctiva</strong></span> <span class='ocrx_word' id='word_1_103' title='bbox 2122 1477 2263 1520; x_wconf 89' lang='lat' dir='ltr'><strong>vero</strong></span> <span class='ocrx_word' id='word_1_104' title='bbox 2308 1454 2604 1537; x_wconf 86' lang='lat' dir='ltr'><strong>disiungit.</strong></span> <span class='ocrx_word' id='word_1_105' title='bbox 2671 1460 2822 1521; x_wconf 89' lang='lat' dir='ltr'><strong>istae</strong></span> <span class='ocrx_word' id='word_1_106' title='bbox 2866 1459 3018 1521; x_wconf 87' lang='lat' dir='ltr'><strong>duae</strong></span> <span class='ocrx_word' id='word_1_107' title='bbox 3048 1472 3097 1512; x_wconf 86' lang='lat'><strong>10</strong></span> 
     </span>
     <span class='ocr_line' id='line_1_13' title="bbox 429 1560 3015 1645; baseline -0.002 -19"><span class='ocrx_word' id='word_1_108' title='bbox 429 1571 630 1645; x_wconf 88' lang='lat' dir='ltr'><strong>partes</strong></span> <span class='ocrx_word' id='word_1_109' title='bbox 671 1565 828 1631; x_wconf 87' lang='lat' dir='ltr'><strong>inter</strong></span> <span class='ocrx_word' id='word_1_110' title='bbox 872 1582 937 1625; x_wconf 88' lang='lat' dir='ltr'><strong>se</strong></span> <span class='ocrx_word' id='word_1_111' title='bbox 979 1565 1122 1626; x_wconf 89' lang='lat' dir='ltr'><strong>satis</strong></span> <span class='ocrx_word' id='word_1_112' title='bbox 1166 1565 1497 1625; x_wconf 89' lang='lat' dir='ltr'><strong>contrariae</strong></span> <span class='ocrx_word' id='word_1_113' title='bbox 1541 1572 1707 1633; x_wconf 89' lang='lat' dir='ltr'><strong>sunt,</strong></span> <span class='ocrx_word' id='word_1_114' title='bbox 1768 1569 1828 1623; x_wconf 92' lang='lat' dir='ltr'><strong>et</strong></span> <span class='ocrx_word' id='word_1_115' title='bbox 1870 1569 2067 1624; x_wconf 86' lang='lat' dir='ltr'><strong>tamen</strong></span> <span class='ocrx_word' id='word_1_116' title='bbox 2110 1563 2448 1622; x_wconf 84' lang='lat' dir='ltr'><strong>invenimus</strong></span> <span class='ocrx_word' id='word_1_117' title='bbox 2491 1560 2649 1641; x_wconf 89' lang='lat' dir='ltr'><strong>apud</strong></span> <span class='ocrx_word' id='word_1_118' title='bbox 2696 1560 3015 1640; x_wconf 82' lang='lat' dir='ltr'><strong>Vergilium</strong></span> 
     </span>
     <span class='ocr_line' id='line_1_14' title="bbox 430 1652 3012 1748; baseline -0.002 -20"><span class='ocrx_word' id='word_1_119' title='bbox 430 1666 820 1747; x_wconf 87' lang='lat' dir='ltr'><strong>copulativam</strong></span> <span class='ocrx_word' id='word_1_120' title='bbox 864 1666 1116 1748; x_wconf 88' lang='lat' dir='ltr'><strong>positam</strong></span> <span class='ocrx_word' id='word_1_121' title='bbox 1161 1684 1274 1745; x_wconf 89' lang='lat' dir='ltr'><strong>pro</strong></span> <span class='ocrx_word' id='word_1_122' title='bbox 1317 1666 1686 1735; x_wconf 86' lang='lat' dir='ltr'><strong>disiunctiva,</strong></span> <span class='ocrx_word' id='word_1_123' title='bbox 1732 1663 2285 1743; x_wconf 74' lang='lat' dir='ltr'><strong>‘subiectisque</strong></span> <span class='ocrx_word' id='word_1_124' title='bbox 2340 1681 2568 1726; x_wconf 88' lang='lat' dir='ltr'><strong>urere</strong></span> <span class='ocrx_word' id='word_1_125' title='bbox 2622 1652 3012 1726; x_wconf 80' lang='lat' dir='ltr'><strong>flammis’:</strong></span> 
     </span>
     <span class='ocr_line' id='line_1_15' title="bbox 430 1766 3011 1845; baseline 0.001 -18"><span class='ocrx_word' id='word_1_126' title='bbox 430 1788 499 1829; x_wconf 89' lang='lat' dir='ltr'><strong>ve</strong></span> <span class='ocrx_word' id='word_1_127' title='bbox 529 1767 734 1831; x_wconf 88' lang='lat' dir='ltr'><strong>debuit</strong></span> <span class='ocrx_word' id='word_1_128' title='bbox 776 1769 995 1838; x_wconf 85' lang='lat' dir='ltr'><strong>dicere,</strong></span> <span class='ocrx_word' id='word_1_129' title='bbox 1045 1776 1102 1829; x_wconf 90' lang='lat' dir='ltr'><strong>et</strong></span> <span class='ocrx_word' id='word_1_130' title='bbox 1146 1767 1294 1830; x_wconf 84' lang='lat' dir='ltr'><strong>dixit</strong></span> <span class='ocrx_word' id='word_1_131' title='bbox 1334 1766 1759 1845; x_wconf 74' lang='lat' dir='ltr'><strong>‘subiectisque</strong></span> <span class='ocrx_word' id='word_1_132' title='bbox 1802 1785 1983 1828; x_wconf 92' lang='lat' dir='ltr'><strong>urere</strong></span> <span class='ocrx_word' id='word_1_133' title='bbox 2029 1766 2342 1827; x_wconf 85' lang='lat' dir='ltr'><strong>flammis’:</strong></span> <span class='ocrx_word' id='word_1_134' title='bbox 2392 1785 2462 1827; x_wconf 87' lang='lat' dir='ltr'><strong>ve</strong></span> <span class='ocrx_word' id='word_1_135' title='bbox 2511 1766 2858 1830; x_wconf 87' lang='lat' dir='ltr'><strong>disiunctiva</strong></span> <span class='ocrx_word' id='word_1_136' title='bbox 2904 1775 3011 1836; x_wconf 88' lang='lat' dir='ltr'><strong>est,</strong></span> 
     </span>
     <span class='ocr_line' id='line_1_16' title="bbox 432 1867 3017 1953; baseline -0.001 -19"><span class='ocrx_word' id='word_1_137' title='bbox 432 1890 549 1952; x_wconf 90' lang='lat' dir='ltr'><strong>que</strong></span> <span class='ocrx_word' id='word_1_138' title='bbox 595 1870 926 1953; x_wconf 88' lang='lat' dir='ltr'><strong>copulativa</strong></span> <span class='ocrx_word' id='word_1_139' title='bbox 970 1877 1086 1940; x_wconf 88' lang='lat' dir='ltr'><strong>est;</strong></span> <span class='ocrx_word' id='word_1_140' title='bbox 1133 1872 1332 1952; x_wconf 84' lang='lat' dir='ltr'><strong>posuit</strong></span> <span class='ocrx_word' id='word_1_141' title='bbox 1379 1868 1772 1951; x_wconf 86' lang='lat' dir='ltr'><strong>copulativam</strong></span> <span class='ocrx_word' id='word_1_142' title='bbox 1830 1886 1941 1948; x_wconf 93' lang='lat' dir='ltr'><strong>pro</strong></span> <span class='ocrx_word' id='word_1_143' title='bbox 1986 1868 2356 1931; x_wconf 89' lang='lat' dir='ltr'><strong>disiunctiva.</strong></span> <span class='ocrx_word' id='word_1_144' title='bbox 2447 1867 2661 1949; x_wconf 87' lang='lat' dir='ltr'><strong>aliquis</strong></span> <span class='ocrx_word' id='word_1_145' title='bbox 2716 1870 2875 1931; x_wconf 90' lang='lat' dir='ltr'><strong>enim</strong></span> <span class='ocrx_word' id='word_1_146' title='bbox 2930 1872 3017 1931; x_wconf 92' lang='lat' dir='ltr'><strong>sic</strong></span> 
     </span>
     <span class='ocr_line' id='line_1_17' title="bbox 427 1970 3093 2054; baseline 0 -23"><span class='ocrx_word' id='word_1_147' title='bbox 427 1970 712 2054; x_wconf 86' lang='lat' dir='ltr'><strong>loquitur,</strong></span> <span class='ocrx_word' id='word_1_148' title='bbox 782 1991 901 2052; x_wconf 90' lang='lat' dir='ltr'><strong>quo</strong></span> <span class='ocrx_word' id='word_1_149' title='bbox 961 1973 1136 2034; x_wconf 90' lang='lat' dir='ltr'><strong>modo</strong></span> <span class='ocrx_word' id='word_1_150' title='bbox 1183 1972 1418 2035; x_wconf 89' lang='lat' dir='ltr'><strong>locutus</strong></span> <span class='ocrx_word' id='word_1_151' title='bbox 1462 1980 1553 2034; x_wconf 91' lang='lat' dir='ltr'><strong>est</strong></span> <span class='ocrx_word' id='word_1_152' title='bbox 1594 1974 1745 2052; x_wconf 91' lang='lat' dir='ltr'><strong>ipse,</strong></span> <span class='ocrx_word' id='word_1_153' title='bbox 3041 1981 3093 2022; x_wconf 85' lang='lat'><strong>1⁵</strong></span> 
     </span>
    </p>

    <p class='ocr_par' dir='ltr' id='par_1_4' title="bbox 188 2072 3091 3900">
     <span class='ocr_line' id='line_1_18' title="bbox 731 2072 2746 2154; baseline -0.001 -16"><span class='ocrx_word' id='word_1_154' title='bbox 731 2084 852 2138; x_wconf 88' lang='lat' dir='ltr'><strong>aut</strong></span> <span class='ocrx_word' id='word_1_155' title='bbox 894 2074 1293 2138; x_wconf 87' lang='lat' dir='ltr'><strong>terebrare</strong></span> <span class='ocrx_word' id='word_1_156' title='bbox 1338 2092 1555 2136; x_wconf 91' lang='lat' dir='ltr'><strong>cavas</strong></span> <span class='ocrx_word' id='word_1_157' title='bbox 1600 2081 1815 2135; x_wconf 88' lang='lat' dir='ltr'><strong>utero</strong></span> <span class='ocrx_word' id='word_1_158' title='bbox 1861 2082 1932 2136; x_wconf 88' lang='lat' dir='ltr'><strong>et</strong></span> <span class='ocrx_word' id='word_1_159' title='bbox 1973 2082 2345 2154; x_wconf 88' lang='lat' dir='ltr'><strong>temptare</strong></span> <span class='ocrx_word' id='word_1_160' title='bbox 2389 2072 2746 2144; x_wconf 88' lang='lat' dir='ltr'><strong>latebras,</strong></span> 
     </span>
     <span class='ocr_line' id='line_1_19' title="bbox 730 2176 2772 2270; baseline -0.004 -30"><span class='ocrx_word' id='word_1_161' title='bbox 730 2184 854 2270; x_wconf 69' lang='lat' dir='ltr'><strong>aut</strong></span> <span class='ocrx_word' id='word_1_162' title='bbox 895 2177 1152 2259; x_wconf 80' lang='lat' dir='ltr'><strong>pelago</strong></span> <span class='ocrx_word' id='word_1_163' title='bbox 1199 2177 1508 2249; x_wconf 89' lang='lat' dir='ltr'><strong>Danaum</strong></span> <span class='ocrx_word' id='word_1_164' title='bbox 1554 2176 1876 2239; x_wconf 83' lang='lat' dir='ltr'><strong>insidias</strong></span> <span class='ocrx_word' id='word_1_165' title='bbox 1920 2185 2433 2256; x_wconf 88' lang='lat' dir='ltr'><strong>suspectaque</strong></span> <span class='ocrx_word' id='word_1_166' title='bbox 2477 2176 2668 2238; x_wconf 92' lang='lat' dir='ltr'><strong>dona</strong></span> <span class='ocrx_word' id='word_1_167' title='bbox 2762 2219 2772 2231; x_wconf 92' lang='lat'><strong>.</strong></span> 
     </span>
     <span class='ocr_line' id='line_1_20' title="bbox 729 2278 1523 2361; baseline -0.004 -20"><span class='ocrx_word' id='word_1_168' title='bbox 729 2281 1247 2361; x_wconf 89' lang='lat' dir='ltr'><strong>praecipitare</strong></span> <span class='ocrx_word' id='word_1_169' title='bbox 1289 2278 1523 2340; x_wconf 85' lang='lat' dir='ltr'><strong>iubet:</strong></span> 
     </span>
     <span class='ocr_line' id='line_1_21' title="bbox 426 2380 3011 2465; baseline -0.002 -19"><span class='ocrx_word' id='word_1_170' title='bbox 426 2392 528 2446; x_wconf 88' lang='lat' dir='ltr'><strong>aut</strong></span> <span class='ocrx_word' id='word_1_171' title='bbox 567 2381 796 2465; x_wconf 82' lang='lat' dir='ltr'><strong>pelago,</strong></span> <span class='ocrx_word' id='word_1_172' title='bbox 843 2401 983 2445; x_wconf 89' lang='lat' dir='ltr'><strong>ecce</strong></span> <span class='ocrx_word' id='word_1_173' title='bbox 1026 2391 1160 2452; x_wconf 90' lang='lat' dir='ltr'><strong>aut;</strong></span> <span class='ocrx_word' id='word_1_174' title='bbox 1216 2389 1316 2444; x_wconf 91' lang='lat' dir='ltr'><strong>aut</strong></span> <span class='ocrx_word' id='word_1_175' title='bbox 1370 2380 1677 2443; x_wconf 88' lang='lat' dir='ltr'><strong>terebrare</strong></span> <span class='ocrx_word' id='word_1_176' title='bbox 1722 2398 1921 2452; x_wconf 88' lang='lat' dir='ltr'><strong>cavas,</strong></span> <span class='ocrx_word' id='word_1_177' title='bbox 1980 2399 2121 2443; x_wconf 91' lang='lat' dir='ltr'><strong>ecce</strong></span> <span class='ocrx_word' id='word_1_178' title='bbox 2178 2391 2304 2452; x_wconf 88' lang='lat' dir='ltr'><strong>aut;</strong></span> <span class='ocrx_word' id='word_1_179' title='bbox 2373 2388 2773 2463; x_wconf 82' lang='lat' dir='ltr'><strong>suspectaque</strong></span> <span class='ocrx_word' id='word_1_180' title='bbox 2839 2382 3011 2453; x_wconf 90' lang='lat' dir='ltr'><strong>dona,</strong></span> 
     </span>
     <span class='ocr_line' id='line_1_22' title="bbox 426 2482 3091 2566; baseline -0.001 -18"><span class='ocrx_word' id='word_1_181' title='bbox 426 2492 769 2566; x_wconf 87' lang='lat' dir='ltr'><strong>suspectave</strong></span> <span class='ocrx_word' id='word_1_182' title='bbox 813 2483 1019 2546; x_wconf 89' lang='lat' dir='ltr'><strong>debuit</strong></span> <span class='ocrx_word' id='word_1_183' title='bbox 1060 2484 1280 2547; x_wconf 88' lang='lat' dir='ltr'><strong>dicere.</strong></span> <span class='ocrx_word' id='word_1_184' title='bbox 1373 2501 1507 2545; x_wconf 90' lang='lat' dir='ltr'><strong>nam</strong></span> <span class='ocrx_word' id='word_1_185' title='bbox 1552 2485 1633 2544; x_wconf 87' lang='lat' dir='ltr'><strong>ita</strong></span> <span class='ocrx_word' id='word_1_186' title='bbox 1678 2483 2011 2560; x_wconf 84' lang='lat' dir='ltr'><strong>loquimur,</strong></span> <span class='ocrx_word' id='word_1_187' title='bbox 2059 2488 2196 2546; x_wconf 73' lang='lat' dir='ltr'><strong>‘aut</strong></span> <span class='ocrx_word' id='word_1_188' title='bbox 2236 2482 2646 2547; x_wconf 88' lang='lat' dir='ltr'><strong>incendendus</strong></span> <span class='ocrx_word' id='word_1_189' title='bbox 2692 2492 2784 2546; x_wconf 91' lang='lat' dir='ltr'><strong>est</strong></span> <span class='ocrx_word' id='word_1_190' title='bbox 2829 2502 3015 2563; x_wconf 90' lang='lat' dir='ltr'><strong>equus</strong></span> <span class='ocrx_word' id='word_1_191' title='bbox 3039 2506 3091 2545; x_wconf 71' lang='lat' dir='ltr'><strong>so</strong></span> 
     </span>
     <span class='ocr_line' id='line_1_23' title="bbox 331 2584 3014 2667; baseline -0 -17"><span class='ocrx_word' id='word_1_192' title='bbox 331 2588 336 2593; x_wconf 70' lang='grc'><strong>“</strong></span> <span class='ocrx_word' id='word_1_193' title='bbox 425 2595 528 2650; x_wconf 86' lang='lat' dir='ltr'><strong>aut</strong></span> <span class='ocrx_word' id='word_1_194' title='bbox 568 2589 632 2649; x_wconf 89' lang='lat' dir='ltr'><strong>in</strong></span> <span class='ocrx_word' id='word_1_195' title='bbox 677 2604 842 2648; x_wconf 90' lang='lat' dir='ltr'><strong>mare</strong></span> <span class='ocrx_word' id='word_1_196' title='bbox 885 2584 1369 2667; x_wconf 85' lang='lat' dir='ltr'><strong>praecipitandus</strong></span> <span class='ocrx_word' id='word_1_197' title='bbox 1414 2595 1515 2649; x_wconf 89' lang='lat' dir='ltr'><strong>aut</strong></span> <span class='ocrx_word' id='word_1_198' title='bbox 1555 2585 2016 2657; x_wconf 88' lang='lat' dir='ltr'><strong>terebrandus’;</strong></span> <span class='ocrx_word' id='word_1_199' title='bbox 2061 2585 2163 2649; x_wconf 91' lang='lat' dir='ltr'><strong>ille</strong></span> <span class='ocrx_word' id='word_1_200' title='bbox 2206 2586 2377 2649; x_wconf 89' lang='lat' dir='ltr'><strong>aliter</strong></span> <span class='ocrx_word' id='word_1_201' title='bbox 2422 2586 2587 2657; x_wconf 84' lang='lat' dir='ltr'><strong>dixit,</strong></span> <span class='ocrx_word' id='word_1_202' title='bbox 2641 2585 2768 2648; x_wconf 74' lang='lat' dir='ltr'><strong>‘aut</strong></span> <span class='ocrx_word' id='word_1_203' title='bbox 2812 2587 3014 2649; x_wconf 87' lang='lat' dir='ltr'><strong>incen-</strong></span> 
     </span>
     <span class='ocr_line' id='line_1_24' title="bbox 424 2688 3015 2769; baseline 0 -18"><span class='ocrx_word' id='word_1_204' title='bbox 424 2688 655 2753; x_wconf 87' lang='lat' dir='ltr'><strong>dendus</strong></span> <span class='ocrx_word' id='word_1_205' title='bbox 700 2697 791 2750; x_wconf 89' lang='lat' dir='ltr'><strong>est</strong></span> <span class='ocrx_word' id='word_1_206' title='bbox 833 2706 1019 2769; x_wconf 90' lang='lat' dir='ltr'><strong>equus</strong></span> <span class='ocrx_word' id='word_1_207' title='bbox 1062 2697 1164 2750; x_wconf 86' lang='lat' dir='ltr'><strong>aut</strong></span> <span class='ocrx_word' id='word_1_208' title='bbox 1203 2690 1266 2750; x_wconf 89' lang='lat' dir='ltr'><strong>in</strong></span> <span class='ocrx_word' id='word_1_209' title='bbox 1313 2707 1477 2751; x_wconf 86' lang='lat' dir='ltr'><strong>mare</strong></span> <span class='ocrx_word' id='word_1_210' title='bbox 1520 2689 1904 2769; x_wconf 88' lang='lat' dir='ltr'><strong>proiciendus</strong></span> <span class='ocrx_word' id='word_1_211' title='bbox 1949 2696 2009 2750; x_wconf 90' lang='lat' dir='ltr'><strong>et</strong></span> <span class='ocrx_word' id='word_1_212' title='bbox 2035 2688 2484 2759; x_wconf 89' lang='lat' dir='ltr'><strong>terebrandus&#39;;</strong></span> <span class='ocrx_word' id='word_1_213' title='bbox 2531 2690 2841 2767; x_wconf 89' lang='lat' dir='ltr'><strong>praemisit</strong></span> <span class='ocrx_word' id='word_1_214' title='bbox 2870 2689 3015 2751; x_wconf 88' lang='lat' dir='ltr'><strong>duas</strong></span> 
     </span>
     <span class='ocr_line' id='line_1_25' title="bbox 426 2789 3015 2873; baseline -0.001 -18"><span class='ocrx_word' id='word_1_215' title='bbox 426 2793 856 2855; x_wconf 87' lang='lat' dir='ltr'><strong>disiunctiones</strong></span> <span class='ocrx_word' id='word_1_216' title='bbox 910 2801 970 2853; x_wconf 89' lang='lat' dir='ltr'><strong>et</strong></span> <span class='ocrx_word' id='word_1_217' title='bbox 1024 2790 1276 2854; x_wconf 88' lang='lat' dir='ltr'><strong>subiecit</strong></span> <span class='ocrx_word' id='word_1_218' title='bbox 1330 2795 1741 2855; x_wconf 87' lang='lat' dir='ltr'><strong>conexionem.</strong></span> <span class='ocrx_word' id='word_1_219' title='bbox 1843 2792 2130 2873; x_wconf 89' lang='lat' dir='ltr'><strong>numquid</strong></span> <span class='ocrx_word' id='word_1_220' title='bbox 2187 2793 2383 2872; x_wconf 88' lang='lat' dir='ltr'><strong>possis</strong></span> <span class='ocrx_word' id='word_1_221' title='bbox 2448 2793 2527 2853; x_wconf 88' lang='lat' dir='ltr'><strong>ita</strong></span> <span class='ocrx_word' id='word_1_222' title='bbox 2584 2789 2815 2862; x_wconf 89' lang='lat' dir='ltr'><strong>dicere,</strong></span> <span class='ocrx_word' id='word_1_223' title='bbox 2874 2794 3015 2853; x_wconf 75' lang='lat' dir='ltr'><strong>‘aut</strong></span> 
     </span>
     <span class='ocr_line' id='line_1_26' title="bbox 424 2892 3009 2976; baseline 0 -19"><span class='ocrx_word' id='word_1_224' title='bbox 424 2894 834 2957; x_wconf 89' lang='lat' dir='ltr'><strong>incendendus</strong></span> <span class='ocrx_word' id='word_1_225' title='bbox 879 2903 983 2957; x_wconf 87' lang='lat' dir='ltr'><strong>aut</strong></span> <span class='ocrx_word' id='word_1_226' title='bbox 1025 2893 1420 2957; x_wconf 88' lang='lat' dir='ltr'><strong>terebrandus</strong></span> <span class='ocrx_word' id='word_1_227' title='bbox 1465 2903 1524 2957; x_wconf 93' lang='lat' dir='ltr'><strong>et</strong></span> <span class='ocrx_word' id='word_1_228' title='bbox 1567 2894 1965 2974; x_wconf 84' lang='lat' dir='ltr'><strong>arguendus’:</strong></span> <span class='ocrx_word' id='word_1_229' title='bbox 2013 2913 2133 2956; x_wconf 90' lang='lat' dir='ltr'><strong>non</strong></span> <span class='ocrx_word' id='word_1_230' title='bbox 2178 2904 2375 2976; x_wconf 87' lang='lat' dir='ltr'><strong>potest</strong></span> <span class='ocrx_word' id='word_1_231' title='bbox 2416 2894 2546 2956; x_wconf 86' lang='lat' dir='ltr'><strong>fieri</strong></span> <span class='ocrx_word' id='word_1_232' title='bbox 2589 2896 2704 2957; x_wconf 91' lang='lat' dir='ltr'><strong>ista</strong></span> <span class='ocrx_word' id='word_1_233' title='bbox 2736 2892 3009 2968; x_wconf 86' lang='lat' dir='ltr'><strong>elocutio,</strong></span> 
     </span>
     <span class='ocr_line' id='line_1_27' title="bbox 424 2996 3090 3077; baseline -0.001 -17"><span class='ocrx_word' id='word_1_234' title='bbox 424 2996 530 3060; x_wconf 88' lang='lat' dir='ltr'><strong>sed</strong></span> <span class='ocrx_word' id='word_1_235' title='bbox 583 2999 664 3059; x_wconf 88' lang='lat' dir='ltr'><strong>ita</strong></span> <span class='ocrx_word' id='word_1_236' title='bbox 720 2997 998 3067; x_wconf 88' lang='lat' dir='ltr'><strong>dicimus,</strong></span> <span class='ocrx_word' id='word_1_237' title='bbox 1066 2998 1206 3059; x_wconf 78' lang='lat' dir='ltr'><strong>‘aut</strong></span> <span class='ocrx_word' id='word_1_238' title='bbox 1259 2997 1670 3059; x_wconf 88' lang='lat' dir='ltr'><strong>incendendus</strong></span> <span class='ocrx_word' id='word_1_239' title='bbox 1714 3005 1817 3058; x_wconf 90' lang='lat' dir='ltr'><strong>aut</strong></span> <span class='ocrx_word' id='word_1_240' title='bbox 1859 2996 2255 3059; x_wconf 85' lang='lat' dir='ltr'><strong>terebrandus</strong></span> <span class='ocrx_word' id='word_1_241' title='bbox 2308 3005 2412 3059; x_wconf 91' lang='lat' dir='ltr'><strong>aut</strong></span> <span class='ocrx_word' id='word_1_242' title='bbox 2454 2996 2848 3077; x_wconf 82' lang='lat' dir='ltr'><strong>arguendus’;</strong></span> <span class='ocrx_word' id='word_1_243' title='bbox 2913 2996 3011 3059; x_wconf 90' lang='lat' dir='ltr'><strong>illa</strong></span> <span class='ocrx_word' id='word_1_244' title='bbox 3038 3017 3090 3057; x_wconf 74' lang='lat'><strong>25</strong></span> 
     </span>
     <span class='ocr_line' id='line_1_28' title="bbox 426 3097 3011 3180; baseline -0 -18"><span class='ocrx_word' id='word_1_245' title='bbox 426 3099 675 3162; x_wconf 89' lang='lat' dir='ltr'><strong>elocutio</strong></span> <span class='ocrx_word' id='word_1_246' title='bbox 722 3117 841 3162; x_wconf 92' lang='lat' dir='ltr'><strong>non</strong></span> <span class='ocrx_word' id='word_1_247' title='bbox 885 3099 1174 3180; x_wconf 86' lang='lat' dir='ltr'><strong>procedit.</strong></span> <span class='ocrx_word' id='word_1_248' title='bbox 1231 3118 1374 3179; x_wconf 84' lang='lat' dir='ltr'><strong>ergo</strong></span> <span class='ocrx_word' id='word_1_249' title='bbox 1419 3098 1706 3162; x_wconf 89' lang='lat' dir='ltr'><strong>debemus</strong></span> <span class='ocrx_word' id='word_1_250' title='bbox 1749 3101 1905 3162; x_wconf 89' lang='lat' dir='ltr'><strong>scire</strong></span> <span class='ocrx_word' id='word_1_251' title='bbox 1936 3101 2215 3178; x_wconf 87' lang='lat' dir='ltr'><strong>quoniam</strong></span> <span class='ocrx_word' id='word_1_252' title='bbox 2261 3101 2372 3161; x_wconf 89' lang='lat' dir='ltr'><strong>ista</strong></span> <span class='ocrx_word' id='word_1_253' title='bbox 2418 3097 2656 3161; x_wconf 84' lang='lat' dir='ltr'><strong>licentia</strong></span> <span class='ocrx_word' id='word_1_254' title='bbox 2700 3108 3011 3161; x_wconf 90' lang='lat' dir='ltr'><strong>auctorum</strong></span> 
     </span>
     <span class='ocr_line' id='line_1_29' title="bbox 188 3200 3011 3283; baseline -0.001 -17"><span class='ocrx_word' id='word_1_255' title='bbox 188 3215 402 3281; x_wconf 65' lang='lat' dir='ltr'><strong>441,ae</strong></span> <span class='ocrx_word' id='word_1_256' title='bbox 427 3212 535 3266; x_wconf 91' lang='lat' dir='ltr'><strong>est.</strong></span> <span class='ocrx_word' id='word_1_257' title='bbox 624 3222 735 3265; x_wconf 89' lang='lat' dir='ltr'><strong>nec</strong></span> <span class='ocrx_word' id='word_1_258' title='bbox 775 3202 885 3264; x_wconf 90' lang='lat' dir='ltr'><strong>tibi</strong></span> <span class='ocrx_word' id='word_1_259' title='bbox 929 3204 1145 3264; x_wconf 89' lang='lat' dir='ltr'><strong>mirum</strong></span> <span class='ocrx_word' id='word_1_260' title='bbox 1190 3205 1267 3265; x_wconf 86' lang='lat' dir='ltr'><strong>sit</strong></span> <span class='ocrx_word' id='word_1_261' title='bbox 1309 3210 1377 3264; x_wconf 87' lang='lat' dir='ltr'><strong>nt</strong></span> <span class='ocrx_word' id='word_1_262' title='bbox 1418 3200 1622 3283; x_wconf 62' lang='lat' dir='ltr'><strong>alitera</strong></span> <span class='ocrx_word' id='word_1_263' title='bbox 1666 3220 1804 3282; x_wconf 89' lang='lat' dir='ltr'><strong>pars</strong></span> <span class='ocrx_word' id='word_1_264' title='bbox 1847 3222 1958 3283; x_wconf 92' lang='lat' dir='ltr'><strong>pro</strong></span> <span class='ocrx_word' id='word_1_265' title='bbox 2005 3202 2190 3265; x_wconf 89' lang='lat' dir='ltr'><strong>altera</strong></span> <span class='ocrx_word' id='word_1_266' title='bbox 2233 3203 2424 3282; x_wconf 89' lang='lat' dir='ltr'><strong>posita</strong></span> <span class='ocrx_word' id='word_1_267' title='bbox 2469 3202 2562 3263; x_wconf 86' lang='lat' dir='ltr'><strong>sit.</strong></span> <span class='ocrx_word' id='word_1_268' title='bbox 2635 3208 2695 3263; x_wconf 90' lang='lat' dir='ltr'><strong>et</strong></span> <span class='ocrx_word' id='word_1_269' title='bbox 2733 3203 2798 3262; x_wconf 89' lang='lat' dir='ltr'><strong>in</strong></span> <span class='ocrx_word' id='word_1_270' title='bbox 2840 3220 3011 3282; x_wconf 91' lang='lat' dir='ltr'><strong>prae·</strong></span> 
     </span>
     <span class='ocr_line' id='line_1_30' title="bbox 423 3304 3012 3387; baseline -0.001 -18"><span class='ocrx_word' id='word_1_271' title='bbox 423 3306 821 3387; x_wconf 88' lang='lat' dir='ltr'><strong>positionibus</strong></span> <span class='ocrx_word' id='word_1_272' title='bbox 863 3304 979 3366; x_wconf 91' lang='lat' dir='ltr'><strong>hoc</strong></span> <span class='ocrx_word' id='word_1_273' title='bbox 1023 3305 1372 3367; x_wconf 90' lang='lat' dir='ltr'><strong>invenimus.</strong></span> <span class='ocrx_word' id='word_1_274' title='bbox 1436 3323 1572 3366; x_wconf 86' lang='lat' dir='ltr'><strong>nam</strong></span> <span class='ocrx_word' id='word_1_275' title='bbox 1617 3306 1953 3366; x_wconf 87' lang='lat' dir='ltr'><strong>invenimus</strong></span> <span class='ocrx_word' id='word_1_276' title='bbox 1996 3306 2502 3386; x_wconf 88' lang='lat' dir='ltr'><strong>praepositionem</strong></span> <span class='ocrx_word' id='word_1_277' title='bbox 2541 3321 2661 3382; x_wconf 81' lang='lat' dir='ltr'><strong>pro</strong></span> <span class='ocrx_word' id='word_1_278' title='bbox 2697 3309 3012 3382; x_wconf 79' lang='lat' dir='ltr'><strong>praeposi-</strong></span> 
     </span>
     <span class='ocr_line' id='line_1_31' title="bbox 423 3405 3008 3488; baseline -0.002 -17"><span class='ocrx_word' id='word_1_279' title='bbox 423 3412 584 3471; x_wconf 79' lang='lat' dir='ltr'><strong>tione</strong></span> <span class='ocrx_word' id='word_1_280' title='bbox 625 3410 896 3488; x_wconf 79' lang='lat' dir='ltr'><strong>positam,</strong></span> <span class='ocrx_word' id='word_1_281' title='bbox 946 3416 1011 3469; x_wconf 89' lang='lat' dir='ltr'><strong>ut</strong></span> <span class='ocrx_word' id='word_1_282' title='bbox 1052 3417 1143 3469; x_wconf 89' lang='lat' dir='ltr'><strong>est</strong></span> <span class='ocrx_word' id='word_1_283' title='bbox 1187 3407 1344 3470; x_wconf 76' lang='lat' dir='ltr'><strong>‘aut</strong></span> <span class='ocrx_word' id='word_1_284' title='bbox 1399 3407 1524 3469; x_wconf 92' lang='lat' dir='ltr'><strong>ubi</strong></span> <span class='ocrx_word' id='word_1_285' title='bbox 1579 3405 1714 3469; x_wconf 91' lang='lat' dir='ltr'><strong>sub</strong></span> <span class='ocrx_word' id='word_1_286' title='bbox 1769 3405 2078 3478; x_wconf 90' lang='lat' dir='ltr'><strong>lucem’,</strong></span> <span class='ocrx_word' id='word_1_287' title='bbox 2135 3425 2247 3488; x_wconf 92' lang='lat' dir='ltr'><strong>pro</strong></span> <span class='ocrx_word' id='word_1_288' title='bbox 2294 3426 2366 3468; x_wconf 90' lang='lat' dir='ltr'><strong>eo</strong></span> <span class='ocrx_word' id='word_1_289' title='bbox 2414 3406 2573 3486; x_wconf 90' lang='lat' dir='ltr'><strong>quod</strong></span> <span class='ocrx_word' id='word_1_290' title='bbox 2622 3414 2709 3468; x_wconf 88' lang='lat' dir='ltr'><strong>est</strong></span> <span class='ocrx_word' id='word_1_291' title='bbox 2751 3406 2813 3467; x_wconf 91' lang='lat' dir='ltr'><strong>in</strong></span> <span class='ocrx_word' id='word_1_292' title='bbox 2859 3405 3008 3476; x_wconf 91' lang='lat' dir='ltr'><strong>luce,</strong></span> 
     </span>
     <span class='ocr_line' id='line_1_32' title="bbox 424 3507 3088 3591; baseline -0.001 -18"><span class='ocrx_word' id='word_1_293' title='bbox 424 3530 566 3574; x_wconf 91' lang='lat' dir='ltr'><strong>ecce</strong></span> <span class='ocrx_word' id='word_1_294' title='bbox 609 3508 719 3572; x_wconf 93' lang='lat' dir='ltr'><strong>alia</strong></span> <span class='ocrx_word' id='word_1_295' title='bbox 762 3510 1125 3591; x_wconf 89' lang='lat' dir='ltr'><strong>praepositio</strong></span> <span class='ocrx_word' id='word_1_296' title='bbox 1155 3529 1267 3591; x_wconf 90' lang='lat' dir='ltr'><strong>pro</strong></span> <span class='ocrx_word' id='word_1_297' title='bbox 1311 3508 1424 3571; x_wconf 91' lang='lat' dir='ltr'><strong>alia</strong></span> <span class='ocrx_word' id='word_1_298' title='bbox 1467 3511 1654 3590; x_wconf 88' lang='lat' dir='ltr'><strong>posita</strong></span> <span class='ocrx_word' id='word_1_299' title='bbox 1703 3516 1811 3570; x_wconf 88' lang='lat' dir='ltr'><strong>est.</strong></span> <span class='ocrx_word' id='word_1_300' title='bbox 1866 3510 2009 3570; x_wconf 89' lang='lat' dir='ltr'><strong>item</strong></span> <span class='ocrx_word' id='word_1_301' title='bbox 2055 3509 2169 3570; x_wconf 89' lang='lat' dir='ltr'><strong>alio</strong></span> <span class='ocrx_word' id='word_1_302' title='bbox 2214 3507 2349 3571; x_wconf 90' lang='lat' dir='ltr'><strong>loco</strong></span> <span class='ocrx_word' id='word_1_303' title='bbox 2395 3511 2552 3571; x_wconf 87' lang='lat' dir='ltr'><strong>‘cui</strong></span> <span class='ocrx_word' id='word_1_304' title='bbox 2597 3515 2881 3570; x_wconf 91' lang='lat' dir='ltr'><strong>tantum</strong></span> <span class='ocrx_word' id='word_1_305' title='bbox 2926 3508 3088 3571; x_wconf 78' lang='lat' dir='ltr'><strong>deso</strong></span> 
     </span>
     <span class='ocr_line' id='line_1_33' title="bbox 423 3610 3011 3693; baseline -0.001 -19"><span class='ocrx_word' id='word_1_306' title='bbox 423 3622 494 3675; x_wconf 88' lang='lat' dir='ltr'><strong>te</strong></span> <span class='ocrx_word' id='word_1_307' title='bbox 538 3613 818 3683; x_wconf 88' lang='lat' dir='ltr'><strong>licuit’,</strong></span> <span class='ocrx_word' id='word_1_308' title='bbox 865 3629 975 3692; x_wconf 91' lang='lat' dir='ltr'><strong>pro</strong></span> <span class='ocrx_word' id='word_1_309' title='bbox 1019 3613 1082 3673; x_wconf 91' lang='lat' dir='ltr'><strong>in</strong></span> <span class='ocrx_word' id='word_1_310' title='bbox 1127 3619 1215 3681; x_wconf 87' lang='lat' dir='ltr'><strong>te;</strong></span> <span class='ocrx_word' id='word_1_311' title='bbox 1283 3610 1395 3673; x_wconf 92' lang='lat' dir='ltr'><strong>alia</strong></span> <span class='ocrx_word' id='word_1_312' title='bbox 1440 3629 1551 3692; x_wconf 89' lang='lat' dir='ltr'><strong>pro</strong></span> <span class='ocrx_word' id='word_1_313' title='bbox 1594 3610 1706 3671; x_wconf 90' lang='lat' dir='ltr'><strong>alia</strong></span> <span class='ocrx_word' id='word_1_314' title='bbox 1752 3613 1946 3691; x_wconf 88' lang='lat' dir='ltr'><strong>posita</strong></span> <span class='ocrx_word' id='word_1_315' title='bbox 1992 3620 2102 3676; x_wconf 92' lang='lat' dir='ltr'><strong>est.</strong></span> <span class='ocrx_word' id='word_1_316' title='bbox 2188 3613 2240 3672; x_wconf 92' lang='lat' dir='ltr'><strong>si</strong></span> <span class='ocrx_word' id='word_1_317' title='bbox 2295 3612 2409 3673; x_wconf 85' lang='lat' dir='ltr'><strong>hoc</strong></span> <span class='ocrx_word' id='word_1_318' title='bbox 2452 3613 2516 3673; x_wconf 90' lang='lat' dir='ltr'><strong>in</strong></span> <span class='ocrx_word' id='word_1_319' title='bbox 2559 3612 3011 3693; x_wconf 89' lang='lat' dir='ltr'><strong>praepositioni-</strong></span> 
     </span>
     <span class='ocr_line' id='line_1_34' title="bbox 423 3713 3011 3794; baseline -0.002 -16"><span class='ocrx_word' id='word_1_320' title='bbox 423 3715 537 3778; x_wconf 90' lang='lat' dir='ltr'><strong>bus</strong></span> <span class='ocrx_word' id='word_1_321' title='bbox 582 3715 889 3793; x_wconf 81' lang='lat' dir='ltr'><strong>contingit,</strong></span> <span class='ocrx_word' id='word_1_322' title='bbox 937 3716 1229 3794; x_wconf 85' lang='lat' dir='ltr'><strong>contingit</strong></span> <span class='ocrx_word' id='word_1_323' title='bbox 1272 3714 1386 3776; x_wconf 89' lang='lat' dir='ltr'><strong>hoc</strong></span> <span class='ocrx_word' id='word_1_324' title='bbox 1430 3722 1491 3775; x_wconf 93' lang='lat' dir='ltr'><strong>et</strong></span> <span class='ocrx_word' id='word_1_325' title='bbox 1533 3714 1595 3774; x_wconf 91' lang='lat' dir='ltr'><strong>in</strong></span> <span class='ocrx_word' id='word_1_326' title='bbox 1640 3714 2081 3775; x_wconf 90' lang='lat' dir='ltr'><strong>coniunctione.</strong></span> <span class='ocrx_word' id='word_1_327' title='bbox 2173 3731 2317 3792; x_wconf 80' lang='lat' dir='ltr'><strong>ergo</strong></span> <span class='ocrx_word' id='word_1_328' title='bbox 2372 3716 2485 3776; x_wconf 89' lang='lat' dir='ltr'><strong>ista</strong></span> <span class='ocrx_word' id='word_1_329' title='bbox 2530 3722 2619 3775; x_wconf 63' lang='lat' dir='ltr'><strong>est</strong></span> <span class='ocrx_word' id='word_1_330' title='bbox 2662 3713 3011 3793; x_wconf 82' lang='lat' dir='ltr'><strong>significatio</strong></span> 
     </span>
     <span class='ocr_line' id='line_1_35' title="bbox 423 3817 1202 3900; baseline -0.001 -20"><span class='ocrx_word' id='word_1_331' title='bbox 423 3818 731 3900; x_wconf 87' lang='lat' dir='ltr'><strong>potestatis</strong></span> <span class='ocrx_word' id='word_1_332' title='bbox 774 3835 925 3897; x_wconf 89' lang='lat' dir='ltr'><strong>quae</strong></span> <span class='ocrx_word' id='word_1_333' title='bbox 968 3817 1202 3879; x_wconf 91' lang='lat' dir='ltr'><strong>dicitur.</strong></span> 
     </span>
    </p>

    <p class='ocr_par' dir='ltr' id='par_1_5' title="bbox 422 3916 3090 4307">
     <span class='ocr_line' id='line_1_36' title="bbox 591 3916 3006 4000; baseline -0.001 -18"><span class='ocrx_word' id='word_1_334' title='bbox 591 3916 822 3982; x_wconf 82' lang='lat' dir='ltr'><strong>Accidit</strong></span> <span class='ocrx_word' id='word_1_335' title='bbox 865 3927 924 3981; x_wconf 92' lang='lat' dir='ltr'><strong>et</strong></span> <span class='ocrx_word' id='word_1_336' title='bbox 965 3921 1179 3999; x_wconf 83' lang='lat' dir='ltr'><strong>figura,</strong></span> <span class='ocrx_word' id='word_1_337' title='bbox 1229 3917 1476 3998; x_wconf 88' lang='lat' dir='ltr'><strong>simplex</strong></span> <span class='ocrx_word' id='word_1_338' title='bbox 1524 3923 1585 3979; x_wconf 90' lang='lat' dir='ltr'><strong>et</strong></span> <span class='ocrx_word' id='word_1_339' title='bbox 1627 3919 1961 3999; x_wconf 84' lang='lat' dir='ltr'><strong>conposita:</strong></span> <span class='ocrx_word' id='word_1_340' title='bbox 2023 3916 2274 4000; x_wconf 87' lang='lat' dir='ltr'><strong>simplex</strong></span> <span class='ocrx_word' id='word_1_341' title='bbox 2321 3928 2407 3989; x_wconf 88' lang='lat' dir='ltr'><strong>at,</strong></span> <span class='ocrx_word' id='word_1_342' title='bbox 2455 3920 2766 3999; x_wconf 89' lang='lat' dir='ltr'><strong>conposita</strong></span> <span class='ocrx_word' id='word_1_343' title='bbox 2809 3928 3006 3997; x_wconf 87' lang='lat' dir='ltr'><strong>atque.</strong></span> 
     </span>
     <span class='ocr_line' id='line_1_37' title="bbox 422 4019 3090 4102; baseline -0.001 -17"><span class='ocrx_word' id='word_1_344' title='bbox 422 4025 532 4086; x_wconf 90' lang='lat' dir='ltr'><strong>ista</strong></span> <span class='ocrx_word' id='word_1_345' title='bbox 575 4023 917 4102; x_wconf 87' lang='lat' dir='ltr'><strong>praeposita</strong></span> <span class='ocrx_word' id='word_1_346' title='bbox 961 4035 1082 4084; x_wconf 88' lang='lat' dir='ltr'><strong>non</strong></span> <span class='ocrx_word' id='word_1_347' title='bbox 1126 4020 1306 4083; x_wconf 89' lang='lat' dir='ltr'><strong>debet</strong></span> <span class='ocrx_word' id='word_1_348' title='bbox 1348 4039 1457 4101; x_wconf 90' lang='lat' dir='ltr'><strong>per</strong></span> <span class='ocrx_word' id='word_1_349' title='bbox 1502 4019 1541 4080; x_wconf 94' lang='lat' dir='ltr'><strong>d</strong></span> <span class='ocrx_word' id='word_1_350' title='bbox 1585 4020 1787 4082; x_wconf 88' lang='lat' dir='ltr'><strong>scribi.</strong></span> <span class='ocrx_word' id='word_1_351' title='bbox 1847 4022 2004 4083; x_wconf 86' lang='lat' dir='ltr'><strong>inter</strong></span> <span class='ocrx_word' id='word_1_352' title='bbox 2048 4027 2109 4082; x_wconf 90' lang='lat' dir='ltr'><strong>at</strong></span> <span class='ocrx_word' id='word_1_353' title='bbox 2153 4029 2214 4083; x_wconf 91' lang='lat' dir='ltr'><strong>et</strong></span> <span class='ocrx_word' id='word_1_354' title='bbox 2257 4021 2330 4083; x_wconf 91' lang='lat' dir='ltr'><strong>ad</strong></span> <span class='ocrx_word' id='word_1_355' title='bbox 2374 4020 2489 4082; x_wconf 90' lang='lat' dir='ltr'><strong>hoc</strong></span> <span class='ocrx_word' id='word_1_356' title='bbox 2532 4023 2799 4092; x_wconf 86' lang='lat' dir='ltr'><strong>interest,</strong></span> <span class='ocrx_word' id='word_1_357' title='bbox 2851 4021 3011 4102; x_wconf 90' lang='lat' dir='ltr'><strong>quod</strong></span> <span class='ocrx_word' id='word_1_358' title='bbox 3036 4042 3090 4083; x_wconf 70' lang='lat' dir='ltr'><strong>ss</strong></span> 
     </span>
     <span class='ocr_line' id='line_1_38' title="bbox 423 4122 3009 4206; baseline -0.001 -19"><span class='ocrx_word' id='word_1_359' title='bbox 423 4126 513 4197; x_wconf 91' lang='lat' dir='ltr'><strong>ad,</strong></span> <span class='ocrx_word' id='word_1_360' title='bbox 559 4126 611 4186; x_wconf 92' lang='lat' dir='ltr'><strong>si</strong></span> <span class='ocrx_word' id='word_1_361' title='bbox 653 4142 762 4206; x_wconf 91' lang='lat' dir='ltr'><strong>per</strong></span> <span class='ocrx_word' id='word_1_362' title='bbox 806 4124 844 4186; x_wconf 98' lang='lat' dir='ltr'><strong>d</strong></span> <span class='ocrx_word' id='word_1_363' title='bbox 889 4123 1115 4186; x_wconf 86' lang='lat' dir='ltr'><strong>scribas</strong></span> <span class='ocrx_word' id='word_1_364' title='bbox 1159 4124 1662 4206; x_wconf 89' lang='lat' dir='ltr'><strong>praepositionem</strong></span> <span class='ocrx_word' id='word_1_365' title='bbox 1706 4123 1871 4192; x_wconf 79' lang='lat' dir='ltr'><strong>sacis,</strong></span> <span class='ocrx_word' id='word_1_366' title='bbox 1920 4122 2017 4184; x_wconf 84' lang='lat' dir='ltr'><strong>‘ad</strong></span> <span class='ocrx_word' id='word_1_367' title='bbox 2063 4126 2459 4205; x_wconf 89' lang='lat' dir='ltr'><strong>propinquam</strong></span> <span class='ocrx_word' id='word_1_368' title='bbox 2504 4123 2698 4197; x_wconf 87' lang='lat' dir='ltr'><strong>vado&#39;,</strong></span> <span class='ocrx_word' id='word_1_369' title='bbox 2744 4123 2817 4185; x_wconf 90' lang='lat' dir='ltr'><strong>ad</strong></span> <span class='ocrx_word' id='word_1_370' title='bbox 2862 4125 3009 4186; x_wconf 87' lang='lat' dir='ltr'><strong>ami-</strong></span> 
     </span>
     <span class='ocr_line' id='line_1_39' title="bbox 425 4227 3009 4307; baseline -0 -18"><span class='ocrx_word' id='word_1_371' title='bbox 425 4247 559 4289; x_wconf 89' lang='lat' dir='ltr'><strong>cum</strong></span> <span class='ocrx_word' id='word_1_372' title='bbox 605 4231 730 4297; x_wconf 87' lang='lat' dir='ltr'><strong>eo’;</strong></span> <span class='ocrx_word' id='word_1_373' title='bbox 787 4228 839 4288; x_wconf 92' lang='lat' dir='ltr'><strong>si</strong></span> <span class='ocrx_word' id='word_1_374' title='bbox 892 4244 1002 4307; x_wconf 89' lang='lat' dir='ltr'><strong>per</strong></span> <span class='ocrx_word' id='word_1_375' title='bbox 1046 4245 1079 4288; x_wconf 93' lang='lat' dir='ltr'><strong>a</strong></span> <span class='ocrx_word' id='word_1_376' title='bbox 1125 4234 1185 4288; x_wconf 88' lang='lat' dir='ltr'><strong>et</strong></span> <span class='ocrx_word' id='word_1_377' title='bbox 1225 4235 1269 4297; x_wconf 86' lang='lat' dir='ltr'><strong>t,</strong></span> <span class='ocrx_word' id='word_1_378' title='bbox 1316 4235 1376 4287; x_wconf 89' lang='lat' dir='ltr'><strong>at</strong></span> <span class='ocrx_word' id='word_1_379' title='bbox 1420 4227 1905 4288; x_wconf 87' lang='lat' dir='ltr'><strong>coniunctionem</strong></span> <span class='ocrx_word' id='word_1_380' title='bbox 1960 4227 2126 4288; x_wconf 75' lang='lat' dir='ltr'><strong>sacia.</strong></span> <span class='ocrx_word' id='word_1_381' title='bbox 2215 4244 2332 4305; x_wconf 89' lang='lat' dir='ltr'><strong>qua</strong></span> <span class='ocrx_word' id='word_1_382' title='bbox 2390 4227 2621 4287; x_wconf 88' lang='lat' dir='ltr'><strong>ratione</strong></span> <span class='ocrx_word' id='word_1_383' title='bbox 2678 4227 2796 4288; x_wconf 80' lang='lat' dir='ltr'><strong>ita?</strong></span> <span class='ocrx_word' id='word_1_384' title='bbox 2863 4244 3009 4305; x_wconf 87' lang='lat' dir='ltr'><strong>quo-</strong></span> 
     </span>
    </p>
   </div>
   <div class='ocr_carea' id='block_1_3' title="bbox 426 4430 3014 4922">
    <p class='ocr_par' dir='ltr' id='par_1_6' title="bbox 426 4430 3014 4922">
     <span class='ocr_line' id='line_1_40' title="bbox 562 4430 2905 4498; baseline -0 -14"><span class='ocrx_word' id='word_1_385' title='bbox 562 4432 597 4484; x_wconf 85' lang='lat'>3</span> <span class='ocrx_word' id='word_1_386' title='bbox 634 4433 732 4482; x_wconf 79' lang='lat' dir='ltr'><strong>ista</strong></span> <span class='ocrx_word' id='word_1_387' title='bbox 765 4430 896 4483; x_wconf 83' lang='lat' dir='ltr'><strong>BC.-</strong></span> <span class='ocrx_word' id='word_1_388' title='bbox 932 4432 1032 4481; x_wconf 80' lang='lat' dir='ltr'><strong>ista</strong></span> <span class='ocrx_word' id='word_1_389' title='bbox 1066 4438 1233 4482; x_wconf 86' lang='lat' dir='ltr'><strong>autem</strong></span> <span class='ocrx_word' id='word_1_390' title='bbox 1270 4432 1422 4498; x_wconf 85' lang='lat' dir='ltr'><strong>ponis</strong></span> <span class='ocrx_word' id='word_1_391' title='bbox 1458 4432 1624 4484; x_wconf 74' lang='lat' dir='ltr'><strong>deleto</strong></span> <span class='ocrx_word' id='word_1_392' title='bbox 1665 4447 1712 4482; x_wconf 77' lang='grc' dir='ltr'><strong>υ.</strong></span> <span class='ocrx_word' id='word_1_393' title='bbox 1746 4438 1916 4480; x_wconf 84' lang='lat' dir='ltr'><strong>autem</strong></span> <span class='ocrx_word' id='word_1_394' title='bbox 1952 4430 2002 4479; x_wconf 98' lang='lat' dir='ltr'><em>A</em></span> <span class='ocrx_word' id='word_1_395' title='bbox 2106 4432 2141 4481; x_wconf 77' lang='lat'>4</span> <span class='ocrx_word' id='word_1_396' title='bbox 2176 4430 2400 4496; x_wconf 84' lang='lat' dir='ltr'><strong>loqueris</strong></span> <span class='ocrx_word' id='word_1_397' title='bbox 2437 4430 2517 4481; x_wconf 86' lang='lat' dir='ltr'><strong>Cb</strong></span> <span class='ocrx_word' id='word_1_398' title='bbox 2555 4431 2753 4483; x_wconf 86' lang='lat' dir='ltr'><strong>locutus</strong></span> <span class='ocrx_word' id='word_1_399' title='bbox 2789 4431 2905 4483; x_wconf 89' lang='lat' dir='ltr'><strong>AB</strong></span> 
     </span>
     <span class='ocr_line' id='line_1_41' title="bbox 426 4498 2876 4569; baseline -0.001 -13"><span class='ocrx_word' id='word_1_400' title='bbox 426 4507 492 4557; x_wconf 83' lang='lat'><strong>12</strong></span> <span class='ocrx_word' id='word_1_401' title='bbox 529 4499 892 4569; x_wconf 79' lang='lat' dir='ltr'><strong>subiectisque]</strong></span> <span class='ocrx_word' id='word_1_402' title='bbox 943 4502 1101 4567; x_wconf 73' lang='lat' dir='ltr'><strong>Ver-9.</strong></span> <span class='ocrx_word' id='word_1_403' title='bbox 1141 4502 1271 4555; x_wconf 85' lang='lat' dir='ltr'><strong>Aen.</strong></span> <span class='ocrx_word' id='word_1_404' title='bbox 1306 4502 1350 4551; x_wconf 88' lang='lat'><strong>11</strong></span> <span class='ocrx_word' id='word_1_405' title='bbox 1385 4500 1455 4553; x_wconf 82' lang='lat'><strong>36</strong></span> <span class='ocrx_word' id='word_1_406' title='bbox 1488 4517 1600 4568; x_wconf 80' lang='lat' dir='ltr'><strong>sqq.</strong></span> <span class='ocrx_word' id='word_1_407' title='bbox 1747 4501 1813 4553; x_wconf 81' lang='lat'><strong>16</strong></span> <span class='ocrx_word' id='word_1_408' title='bbox 1843 4498 2113 4568; x_wconf 85' lang='lat' dir='ltr'><strong>temptare]</strong></span> <span class='ocrx_word' id='word_1_409' title='bbox 2149 4510 2429 4567; x_wconf 84' lang='lat' dir='ltr'><strong>temperare</strong></span> <span class='ocrx_word' id='word_1_410' title='bbox 2455 4500 2506 4550; x_wconf 93' lang='lat' dir='ltr'><em>B</em></span> <span class='ocrx_word' id='word_1_411' title='bbox 2538 4502 2794 4553; x_wconf 84' lang='lat' dir='ltr'><strong>terebrare</strong></span> <span class='ocrx_word' id='word_1_412' title='bbox 2833 4503 2876 4554; x_wconf 83' lang='lat' dir='ltr'><strong><em>G</em></strong></span> 
     </span>
     <span class='ocr_line' id='line_1_42' title="bbox 426 4570 3011 4638; baseline -0.002 -11"><span class='ocrx_word' id='word_1_413' title='bbox 426 4575 493 4628; x_wconf 88' lang='grc'><strong>17</strong></span> <span class='ocrx_word' id='word_1_414' title='bbox 528 4575 753 4625; x_wconf 77' lang='lat' dir='ltr'><strong>danuam</strong></span> <span class='ocrx_word' id='word_1_415' title='bbox 788 4571 830 4622; x_wconf 85' lang='lat' dir='ltr'><em>C</em></span> <span class='ocrx_word' id='word_1_416' title='bbox 935 4581 1298 4638; x_wconf 72' lang='lat' dir='ltr'><strong>suspectaeque</strong></span> <span class='ocrx_word' id='word_1_417' title='bbox 1323 4571 1373 4620; x_wconf 87' lang='grc' dir='ltr'><em>Α</em></span> <span class='ocrx_word' id='word_1_418' title='bbox 1479 4570 1548 4622; x_wconf 87' lang='grc'><strong>20</strong></span> <span class='ocrx_word' id='word_1_419' title='bbox 1580 4581 1885 4636; x_wconf 74' lang='lat' dir='ltr'><strong>suspectans</strong></span> <span class='ocrx_word' id='word_1_420' title='bbox 1918 4573 1995 4621; x_wconf 89' lang='lat' dir='ltr'><strong>sic</strong></span> <span class='ocrx_word' id='word_1_421' title='bbox 2031 4573 2205 4622; x_wconf 87' lang='lat' dir='ltr'><strong>debuit</strong></span> <span class='ocrx_word' id='word_1_422' title='bbox 2233 4571 2403 4622; x_wconf 84' lang='lat' dir='ltr'><strong>ABG</strong></span> <span class='ocrx_word' id='word_1_423' title='bbox 2500 4573 2571 4623; x_wconf 85' lang='lat'><strong>22</strong></span> <span class='ocrx_word' id='word_1_424' title='bbox 2602 4580 2650 4620; x_wconf 82' lang='lat' dir='ltr'><strong>et</strong></span> <span class='ocrx_word' id='word_1_425' title='bbox 2680 4573 3011 4623; x_wconf 86' lang='lat' dir='ltr'><strong>terebrandus</strong></span> 
     </span>
     <span class='ocr_line' id='line_1_43' title="bbox 427 4641 3013 4707; baseline -0.002 -11"><span class='ocrx_word' id='word_1_426' title='bbox 427 4645 683 4707; x_wconf 74' lang='lat' dir='ltr'><strong>A(&#39;.‘)BG</strong></span> <span class='ocrx_word' id='word_1_427' title='bbox 706 4653 793 4693; x_wconf 84' lang='lat' dir='ltr'><strong>aut</strong></span> <span class='ocrx_word' id='word_1_428' title='bbox 826 4641 1158 4693; x_wconf 80' lang='lat' dir='ltr'><strong>terebrandus</strong></span> <span class='ocrx_word' id='word_1_429' title='bbox 1195 4659 1228 4692; x_wconf 86' lang='lat' dir='ltr'><strong>a</strong></span> <span class='ocrx_word' id='word_1_430' title='bbox 1334 4641 1403 4693; x_wconf 87' lang='grc'><strong>23</strong></span> <span class='ocrx_word' id='word_1_431' title='bbox 1434 4643 1649 4693; x_wconf 80' lang='lat' dir='ltr'><strong>subiecit</strong></span> <span class='ocrx_word' id='word_1_432' title='bbox 1682 4658 1717 4692; x_wconf 84' lang='lat' dir='ltr'><strong>a</strong></span> <span class='ocrx_word' id='word_1_433' title='bbox 1756 4641 1943 4693; x_wconf 80' lang='lat' dir='ltr'><strong>subicit</strong></span> <span class='ocrx_word' id='word_1_434' title='bbox 1973 4642 2147 4695; x_wconf 85' lang='lat' dir='ltr'><strong>ABG</strong></span> <span class='ocrx_word' id='word_1_435' title='bbox 2249 4643 2349 4692; x_wconf 82' lang='lat' dir='ltr'><strong>ista</strong></span> <span class='ocrx_word' id='word_1_436' title='bbox 2374 4642 2545 4692; x_wconf 87' lang='lat' dir='ltr'><strong>dicere</strong></span> <span class='ocrx_word' id='word_1_437' title='bbox 2571 4642 2677 4693; x_wconf 84' lang='lat' dir='ltr'><strong>Ac</strong></span> <span class='ocrx_word' id='word_1_438' title='bbox 2779 4644 2848 4694; x_wconf 84' lang='grc'><strong>24</strong></span> <span class='ocrx_word' id='word_1_439' title='bbox 2882 4653 3013 4693; x_wconf 82' lang='lat' dir='ltr'><strong>tere-</strong></span> 
     </span>
     <span class='ocr_line' id='line_1_44' title="bbox 427 4711 3004 4780; baseline -0.002 -13"><span class='ocrx_word' id='word_1_440' title='bbox 427 4711 670 4780; x_wconf 72' lang='lat' dir='ltr'><strong>brandus]</strong></span> <span class='ocrx_word' id='word_1_441' title='bbox 715 4712 1059 4765; x_wconf 84' lang='lat' dir='ltr'><strong>uerberandus</strong></span> <span class='ocrx_word' id='word_1_442' title='bbox 1089 4714 1197 4764; x_wconf 88' lang='lat' dir='ltr'><strong>AC</strong></span> <span class='ocrx_word' id='word_1_443' title='bbox 1228 4720 1441 4778; x_wconf 76' lang='lat' dir='ltr'><strong>utroque</strong></span> <span class='ocrx_word' id='word_1_444' title='bbox 1467 4715 1577 4764; x_wconf 78' lang='lat' dir='ltr'><strong>loeo</strong></span> <span class='ocrx_word' id='word_1_445' title='bbox 1676 4711 1746 4763; x_wconf 88' lang='grc'><strong>28</strong></span> <span class='ocrx_word' id='word_1_446' title='bbox 1784 4726 1877 4776; x_wconf 89' lang='lat' dir='ltr'><strong>pro</strong></span> <span class='ocrx_word' id='word_1_447' title='bbox 1911 4713 2289 4778; x_wconf 83' lang='lat' dir='ltr'><strong>praepositione</strong></span> <span class='ocrx_word' id='word_1_448' title='bbox 2319 4726 2411 4766; x_wconf 88' lang='lat' dir='ltr'><strong>om.</strong></span> <span class='ocrx_word' id='word_1_449' title='bbox 2449 4712 2615 4763; x_wconf 84' lang='lat' dir='ltr'><strong>ABG</strong></span> <span class='ocrx_word' id='word_1_450' title='bbox 2719 4711 2788 4762; x_wconf 83' lang='lat'><strong>29</strong></span> <span class='ocrx_word' id='word_1_451' title='bbox 2826 4722 2879 4762; x_wconf 84' lang='lat' dir='ltr'><strong>ut</strong></span> <span class='ocrx_word' id='word_1_452' title='bbox 2906 4711 3004 4779; x_wconf 81' lang='lat' dir='ltr'><strong>est]</strong></span> 
     </span>
     <span class='ocr_line' id='line_1_45' title="bbox 429 4780 3014 4848; baseline -0.001 -12"><span class='ocrx_word' id='word_1_453' title='bbox 429 4786 515 4836; x_wconf 90' lang='lat' dir='ltr'><strong>ubi</strong></span> <span class='ocrx_word' id='word_1_454' title='bbox 552 4793 629 4835; x_wconf 86' lang='lat' dir='ltr'><strong>est</strong></span> <span class='ocrx_word' id='word_1_455' title='bbox 663 4783 832 4834; x_wconf 82' lang='lat' dir='ltr'><strong>ABG</strong></span> <span class='ocrx_word' id='word_1_456' title='bbox 966 4793 1053 4832; x_wconf 85' lang='lat' dir='ltr'><strong>aut</strong></span> <span class='ocrx_word' id='word_1_457' title='bbox 1088 4784 1176 4834; x_wconf 85' lang='lat' dir='ltr'><strong>ubi</strong></span> <span class='ocrx_word' id='word_1_458' title='bbox 1225 4785 1319 4833; x_wconf 88' lang='lat' dir='ltr'><strong>sub</strong></span> <span class='ocrx_word' id='word_1_459' title='bbox 1364 4783 1476 4832; x_wconf 88' lang='lat' dir='ltr'><strong>luce</strong></span> <span class='ocrx_word' id='word_1_460' title='bbox 1511 4783 1646 4834; x_wconf 81' lang='lat' dir='ltr'><strong>AC.-</strong></span> <span class='ocrx_word' id='word_1_461' title='bbox 1701 4784 1862 4846; x_wconf 67' lang='lat' dir='ltr'><strong>Vera.</strong></span> <span class='ocrx_word' id='word_1_462' title='bbox 1905 4798 2084 4848; x_wconf 70' lang='lat' dir='ltr'><strong>yeory.</strong></span> <span class='ocrx_word' id='word_1_463' title='bbox 2130 4783 2149 4831; x_wconf 90' lang='lat'>1</span> <span class='ocrx_word' id='word_1_464' title='bbox 2188 4782 2291 4832; x_wconf 79' lang='lat'><strong>445</strong></span> <span class='ocrx_word' id='word_1_465' title='bbox 2462 4782 2531 4834; x_wconf 84' lang='lat'><strong>30</strong></span> <span class='ocrx_word' id='word_1_466' title='bbox 2564 4780 2707 4847; x_wconf 88' lang='lat' dir='ltr'><strong>item]</strong></span> <span class='ocrx_word' id='word_1_467' title='bbox 2745 4783 2814 4833; x_wconf 80' lang='lat' dir='ltr'><strong>ita</strong></span> <span class='ocrx_word' id='word_1_468' title='bbox 2851 4782 3014 4834; x_wconf 83' lang='lat' dir='ltr'><strong>ABG</strong></span> 
     </span>
     <span class='ocr_line' id='line_1_46' title="bbox 565 4852 2762 4922; baseline -0.001 -18"><span class='ocrx_word' id='word_1_469' title='bbox 565 4852 672 4922; x_wconf 88' lang='lat' dir='ltr'><strong>cui]</strong></span> <span class='ocrx_word' id='word_1_470' title='bbox 718 4854 878 4919; x_wconf 67' lang='lat' dir='ltr'><strong>Vera.</strong></span> <span class='ocrx_word' id='word_1_471' title='bbox 917 4853 1048 4907; x_wconf 80' lang='lat' dir='ltr'><strong>Aen.</strong></span> <span class='ocrx_word' id='word_1_472' title='bbox 1086 4853 1151 4905; x_wconf 89' lang='lat' dir='ltr'><strong>VI</strong></span> <span class='ocrx_word' id='word_1_473' title='bbox 1187 4854 1291 4906; x_wconf 84' lang='grc'><strong>502</strong></span> <span class='ocrx_word' id='word_1_474' title='bbox 1430 4852 1501 4906; x_wconf 82' lang='grc'><strong>35</strong></span> <span class='ocrx_word' id='word_1_475' title='bbox 1535 4853 1847 4920; x_wconf 79' lang='lat' dir='ltr'><strong>praepositio</strong></span> <span class='ocrx_word' id='word_1_476' title='bbox 1889 4855 1940 4903; x_wconf 90' lang='lat' dir='ltr'><em>A</em></span> <span class='ocrx_word' id='word_1_477' title='bbox 2079 4852 2146 4903; x_wconf 84' lang='lat'><strong>37</strong></span> <span class='ocrx_word' id='word_1_478' title='bbox 2185 4867 2286 4916; x_wconf 86' lang='lat' dir='ltr'><strong>qua</strong></span> <span class='ocrx_word' id='word_1_479' title='bbox 2322 4853 2570 4904; x_wconf 82' lang='lat' dir='ltr'><strong>rationem</strong></span> <span class='ocrx_word' id='word_1_480' title='bbox 2607 4853 2676 4902; x_wconf 77' lang='lat' dir='ltr'><strong>ita</strong></span> <span class='ocrx_word' id='word_1_481' title='bbox 2712 4853 2762 4902; x_wconf 90' lang='lat' dir='ltr'><em>A</em></span> 
     </span>
    </p>
   </div>
  </div>
 </body>
</html>
