3541 5564
472 322 596 387 606
1584 325 1944 389 MACROBII

524 446 566 487 p.
593 435 797 476 2736-38
824 432 870 474 Ρ.
920 470 937 493 ⁸

471 516 742 575 invenies
788 494 1091 594 trisyllaho
1135 517 1352 576 minus.
1440 533 1685 576 necesse
1746 523 1837 577 est
1883 516 2040 576 enim
2086 524 2148 578 ut
2192 518 2387 596 prima
2431 516 2652 596 syllaba
2697 516 3045 578 declinatio-

470 618 565 677 nis
609 618 714 687 sit,
772 624 838 677 ut
882 616 989 696 λε,
1047 618 1302 679 secunda
1347 618 1624 696 originiS,
1673 626 1737 679 ut
1781 617 1900 696 λυ,
1953 620 2130 679 tertia
2177 617 2398 687 finalis,
2457 626 2522 679 ut
2564 624 2672 680 κα.
2760 619 3045 699 quicquid

471 720 651 796 igitur
695 719 826 799 plus
870 720 1082 790 suerit,
1139 720 1208 780 ad
1257 715 1266 802 Ι
1326 720 1580 781 mediam
1624 718 1941 800 syllabam,
1999 739 2148 800 quae
2194 721 2436 800 quidem
2481 722 2735 798 originis
2779 729 2899 792 est,
2947 740 3042 782 re-

471 822 695 892 fertur3
741 821 1058 883 declinatio
1103 840 1242 882 vero
1298 830 1358 882 et
1413 825 1548 883 linis
1592 821 1854 901 singulas
1897 822 2235 902 possident,
2294 830 2359 883 ut
2402 830 2494 884 est
2535 821 2907 904 πεφίληκα,
2961 840 3044 884 πε

473 922 919 993 declinationis,
978 923 1142 1004 φιλη
1188 925 1467 1002 originiS,
1528 942 1612 984 κα
1668 925 1823 985 linis,
1913 942 2055 1003 ergo
2099 922 2621 1005 παρακείμενος,
2668 926 2727 985 id
2775 934 2866 986 est
2909 943 3044 1004 per·
3075 937 3104 976 ⁵

472 1026 719 1095 sectum,
768 1028 963 1086 minus
1007 1024 1313 1105 trisyllabo
1356 1044 1474 1087 non
1520 1028 1822 1088 invenitur
1853 1036 2103 1107 excepto
2133 1018 2307 1105 οῖδα,
2354 1027 2512 1107 quod
2557 1025 2913 1107 bisyllabum
2958 1036 3051 1089 est

474 1135 534 1187 et
577 1127 1082 1208 παρακείμενος.
1174 1148 1283 1189 nec
1329 1130 1575 1198 mirum,
1622 1147 1757 1189 cum
1805 1128 1918 1189 boc
1963 1129 2213 1190 verbum
2258 1131 2321 1190 in
2366 1128 2566 1190 multis
2611 1128 2852 1207 regulae
2897 1131 3049 1197 resi·

473 1236 608 1290 stat.
697 1228 921 1291 nullum
977 1248 1227 1311 namque
1284 1231 1615 1311 perfectum
1672 1231 1784 1291 hoc
1828 1239 2074 1311 excepto
2120 1231 2194 1292 ab
2250 1250 2315 1291 οι
2360 1231 2724 1311 diphthongo
2768 1231 3048 1292 inchoare

474 1334 760 1412 reperies,
849 1334 992 1392 item
1036 1351 1169 1393 cum
1214 1335 1405 1412 prima
1451 1332 1617 1393 verbi
1661 1335 1877 1413 positio
1923 1352 1981 1394 ει
2025 1333 2390 1413 diphthongo
2446 1332 2716 1403 inchoat,
2784 1336 2844 1394 in
2890 1332 3049 1394 nullo

474 1442 741 1514 tempore
784 1441 1073 1495 mutatur:
1121 1434 1298 1496 huius
1341 1434 1506 1495 verbi
1552 1436 1736 1513 origo,
1783 1436 1845 1496 id
1891 1444 1980 1497 est
2026 1432 2207 1515 εἴδω,
2255 1438 2503 1497 mutavit
2548 1454 2606 1496 ει
2651 1436 2711 1497 iu
2758 1444 2842 1496 οι.
2899 1450 3048 1516 qno-
3077 1448 3133 1489 1⁰

473 1539 630 1599 tiens
673 1537 1005 1616 perfectum
1050 1555 1082 1597 a
1126 1535 1299 1614 longa
1342 1539 1562 1606 oritur,
1610 1544 1856 1597 necesse
1902 1545 1992 1598 est
2036 1537 2678 1617 plusquamperfectum
2724 1537 2799 1599 ab
2846 1538 3050 1599 eadem

475 1656 710 1717 semper
782 1640 1078 1718 incipere,
1136 1639 1291 1718 quod
1366 1639 1478 1699 hoc
1542 1638 1789 1700 verbum
1858 1639 2143 1717 neglegit:
2212 1650 2346 1700 n'am
2403 1639 3051 1719 plusquamperfectum

474 1732 670 1822 ᾔδειν
713 1748 831 1809 est,
879 1759 1011 1800 cum
1058 1743 1388 1820 perfectum
1434 1732 1585 1801 οἴδα
1630 1743 1727 1801 sit.
1798 1741 2014 1802 deinde
2060 1759 2233 1801 omne
2280 1741 2663 1822 participium
2707 1743 2769 1801 in
2816 1744 2906 1813 ως
2948 1741 3050 1801 de-

474 1844 677 1902 sinens
731 1842 915 1903 solam
971 1841 1239 1904 ultimam
1294 1841 1575 1922 syllabam
1633 1845 1694 1904 in
1753 1836 1941 1921 ἄλφα
2006 1842 2286 1903 mutando
2342 1843 2500 1903 idem
2559 1843 3050 1923 tempusel‘llcit,

473 1939 917 2024 γεγραφηκώς
958 1940 1375 2025 γεγράφηκα,
1408 1932 1706 2017 λελυκὼς
1734 1940 2013 2005 λέλυκαε
2063 1938 2256 2016 εἰδώς
2299 1951 2496 2005 autem
2542 1958 2659 2005 non
2704 1945 2847 2006 facit
2878 1934 3049 2021 εἷδα,
3082 1956 3135 1996 ¹⁵

476 2046 580 2106 sed
636 2035 806 2107 οἶδα.
896 2044 1055 2107 solus
1109 2047 1294 2123 igitur
1348 2048 1462 2107 iste
1518 2045 2007 2127 παρακείμενος
2060 2048 2223 2107 vitiis
2278 2045 2558 2108 obsessus
2615 2066 2732 2107 non
2791 2045 3051 2107 nocebit.

477 2160 651 2208 omne
697 2148 946 2208 verbum
990 2144 1299 2226 graecum,
1348 2148 1400 2209 sl
1445 2150 1506 2208 in
1553 2151 1853 2228 praesenti
1901 2168 1934 2209 a
1979 2146 2234 2228 simplici
2282 2157 2530 2228 excepto
2576 2167 2616 2227 ρ
2661 2149 2875 2228 incipit
2917 2166 3051 2208 con-

476 2257 755 2318 sonante,
804 2230 1057 2330 primam
1102 2252 1163 2310 in
1196 2257 1461 2361 tempoge
1493 2252 1758 2329 perlecto
1791 2250 2075 2331 syllabam
2119 2252 2410 2328 geminat,
2455 2243 2695 2330 γράφω
2724 2245 3054 2329 γέγραφα,

477 2346 648 2429 λέγω
694 2346 946 2430 λέλεχα,
1008 2370 1118 2411 nec
1161 2352 1297 2413 talis
1341 2354 1664 2430 geminatio
1709 2354 2171 2433 praepositionis
2216 2352 2450 2412 adiectu
2495 2351 2838 2430 impeditur,
2885 2369 3056 2431 προ-

478 2452 717 2533 κομίζω
762 2449 1240 2534 προκεκόμικα,
1287 2449 1660 2534 συγγράφω
1704 2450 2163 2533 συγγέγραφα.
2224 2471 2396 2513 omne
2441 2455 2773 2532 perfectum
2819 2461 3055 2534 tempus
3081 2465 3138 2506 ⁸⁰

478 2557 539 2614 in
586 2557 1023 2634 perispomenis
1068 2557 1154 2617 vel
1202 2556 1391 2616 solum
1438 2558 1694 2634 primum
1740 2559 1802 2616 in
1849 2555 2152 2635 barytonis
2197 2555 2419 2616 desinit
2463 2563 2564 2616 aut
2608 2558 2670 2617 in
2715 2562 2802 2616 κα
2846 2563 2947 2617 aut
2990 2558 3054 2616 in

476 2674 573 2735 φα
619 2664 718 2717 aut
761 2658 822 2718 in
868 2676 972 2737 χα,
1018 2653 1346 2737 τετήρηκα
1374 2653 1682 2737 γέγραφα
1710 2654 2038 2738 πέπληχα,
2084 2658 2230 2718 adeo
2260 2665 2324 2717 ut
2355 2675 2528 2718 omne
2573 2675 2762 2737 paene
2808 2656 3055 2718 verbum

477 2755 761 2819 similium
806 2759 1260 2821 declinationem
1307 2766 1618 2840 sequatur,
1664 2757 1846 2840 τηρῶ
1890 2765 2134 2840 τηρεῖς,
2180 2758 2377 2839 χωρῶ
2422 2766 2681 2840 χωρεῖς,
2726 2753 3056 2841 τετήρηκα

477 2855 853 2940 κεχώρηκα·
889 2858 1133 2941 γράφω
1161 2858 1465 2942 γράφεις,
1497 2857 1722 2941 τρέφω
1751 2857 2043 2940 τρέφεις,
2072 2856 2380 2940 γέγραφα
2410 2856 2707 2942 τέτραφα
2726 2880 2740 2894 ·
2790 2858 3056 2944 πλήττω

476 2958 815 3042 πλήττεις,
874 2958 1084 3025 τάττω
1135 2959 1420 3043 τάττεις,
1477 2960 1780 3044 πέπληχα
1835 2958 2095 3041 τέταχα.
2185 2980 2295 3023 nec
2351 2972 2408 3023 te
2467 2971 2694 3027 moveat
2752 2966 2939 3046 quod,
3002 2968 3054 3027 si
3084 2978 3140 3019 ²⁵

475 3082 752 3142 graecum
810 3064 1055 3126 verbum
1111 3067 1360 3144 incipiat
1415 3065 1488 3125 ab
1544 3084 1658 3126 nna
1719 3065 1792 3125 de
1849 3064 1942 3126 his
1997 3065 2214 3125 litteris
2268 3083 2417 3144 quas
2470 3062 2678 3128 δασέα
2723 3063 3058 3149 σύμφωνα

476 3168 717 3236 vocant,
777 3185 909 3227 cum
967 3167 1037 3227 ad
1096 3168 1554 3244 geminationem
1612 3169 1877 3236 venitur,
1936 3185 2053 3227 non
2113 3163 2287 3227 δασύ
2343 3169 2625 3237 iteratur,
2700 3157 2804 3230 sed
2869 3161 3059 3230 ἀντί-

479 3280 750 3348 στοιχον
794 3270 956 3339 eiuS,
1014 3268 1255 3347 θαρρῶ
1300 3264 1720 3350 τεθάρρηκα,
1779 3263 2049 3347 φονεύω
2089 3264 2513 3348 πεφόνευκα,
2569 3268 2731 3348 χρίω
2762 3267 3055 3350 κέχρικα.

478 3372 538 3431 in
585 3369 787 3431 latinis
832 3390 969 3431 vero
1014 3370 1221 3432 eadem
1266 3370 1462 3431 littera
1506 3370 1877 3449 geminatur,
1926 3369 2066 3432 sallo
2112 3371 2314 3431 fefelli.
2407 3372 2451 3432 F
2497 3373 2654 3433 enim
2700 3372 2856 3451 apud
2902 3371 3059 3432 Lati·

478 3491 586 3533 nos
631 3466 809 3533 δασύ
855 3491 972 3534 non
1021 3480 1140 3542 est,
1189 3475 1327 3552 quia
1374 3490 1491 3533 non
1523 3473 1746 3533 babent
1776 3480 2168 3534 consonantes
2215 3469 2507 3551 δασείας,
2553 3481 2614 3533 et
2643 3473 2689 3534 F
2722 3474 3058 3552 digammon
3085 3487 3144 3528 ³0

478 3583 567 3635 est
611 3569 939 3644 Αἰολέων,
987 3574 1143 3655 quod
1203 3573 1293 3637 illi
1337 3574 1528 3635 solent
1576 3577 1764 3652 magis
1824 3581 2033 3635 contra
2080 3577 2203 3635 vim
2255 3576 2640 3655 aspirationis
2686 3574 3003 3636 adhibere:
3057 3572 3065 3657 Ι

427 3659 441 3681 '
477 3683 702 3737 tantum
749 3676 915 3736 abest
962 3685 1024 3737 ut
1067 3695 1175 3756 pro
1220 3695 1271 3755 φ
1316 3675 1653 3737 habendum
1699 3678 1797 3737 sit.
1859 3678 2053 3755 ipsum
2099 3684 2295 3737 autem
2340 3696 2390 3755 φ
2438 3676 2585 3737 adeo
2632 3677 2892 3738 latinitas
2936 3695 3055 3737 non

476 3779 729 3857 recipit,
779 3785 842 3838 nt
887 3796 995 3857 pro
1041 3796 1111 3838 eo
1157 3779 1333 3838 etiam
1381 3780 1441 3838 in
1497 3779 1730 3857 graecis
1775 3776 2118 3839 nominibus
2161 3799 2199 3858 p
2245 3787 2303 3840 et
2346 3779 2384 3839 h
2431 3785 2661 3849 utatur,
2726 3787 2788 3839 ut
2832 3778 3059 3859 Philip-

476 3899 585 3959 pus
628 3879 927 3940 Phaedon.

649 3981 867 4058 Frigeo
924 3982 1093 4042 frixi·
1121 3982 1262 4042 facit
1318 4001 1348 4042 a
1406 3982 1664 4043 secunda
1723 3982 2166 4060 coniugatione,
2214 3985 2369 4060 frigo
2417 4001 2555 4044 vero
2602 3984 2740 4044 frixi
2787 4001 2820 4043 a
2863 3982 3057 4052 tertia,
3086 3993 3142 4035 ³⁵

481 4084 635 4144 unde
691 4084 910 4145 frixum
966 4083 1307 4153 frixorium,
1365 4084 1427 4144 id
1484 4091 1576 4143 est
1629 4083 2089 4145 calefactorium.
2181 4083 2458 4145 similiter
2516 4104 2660 4146 aceo
2715 4101 2849 4145 aces
2906 4085 3061 4154 acui,

480 4186 635 4247 unde
693 4184 1092 4246 inchoativum
1149 4204 1388 4254 acesco,
1437 4192 1496 4245 et
1540 4204 1689 4246 acuo
1734 4187 1898 4247 acuis
1943 4187 2107 4256 acui;
2155 4187 2284 4247 sero
2328 4185 2437 4247 tuli
2484 4196 2544 4248 et
2592 4187 2731 4248 tollo
2776 4185 2919 4255 tuli,
2965 4203 3064 4247 su-

480 4289 633 4349 stulo
690 4288 900 4349 sustuli
958 4288 1154 4349 adtulo
1201 4287 1416 4349 adtuli:
1474 4287 1688 4347 Accius
1743 4306 1884 4348 vero
1930 4289 1990 4348 in
2039 4288 2406 4349 Andromeda
2451 4290 2626 4351 etiam
2673 4308 2744 4349 ex
2790 4306 2860 4349 eo
2903 4286 3063 4368 quod

624 4542 685 4594 13
728 4533 914 4608 ᾔδειν]
954 4540 1135 4594 ειδειν
1172 4542 1221 4591 Ρ
1362 4543 1425 4593 17
1465 4552 1676 4608 excepto
1713 4560 1745 4608 ρ
1794 4544 1954 4593 Ianus
1989 4550 2204 4608 excepto
2237 4560 2270 4609 γ
2305 4543 2354 4592 Ρ
2490 4544 2555 4596 19
2593 4541 2840 4609 προμιζω
2878 4542 2928 4592 Ρ

481 4614 548 4663 20
582 4626 894 4676 συνγραφω
923 4625 1293 4677 συνγεγραφα
1330 4613 1380 4662 Ρ
1515 4613 1582 4661 ’22
1626 4609 1925 4679 τεθηρηκα
1955 4612 2004 4661 Ρ
2138 4611 2207 4662 23
2242 4625 2452 4680 tet-mm
2476 4627 2774 4678 κεκωρηκα
2808 4614 2859 4663 Ρ
2996 4611 3066 4662 28

481 4697 695 4746 φονειω
733 4681 782 4730 P
888 4681 954 4732 33
993 4695 1084 4746 pro
1120 4696 1181 4730 ea
1218 4681 1268 4729 P
1367 4680 1435 4730 37
1472 4679 1605 4747 aeui]
1643 4683 1781 4731 acuit
1809 4683 1858 4731 P
1959 4681 2154 4732 sustulo
2193 4681 2375 4731 sustuli
2413 4681 2584 4732 adtuio
2618 4679 2795 4744 adtuli,
2838 4697 2866 4732 e
2889 4681 3068 4747 quibus

482 4751 678 4800 sustnlo
709 4758 758 4801 et
793 4751 965 4800 adtulo
1002 4756 1076 4801 ‘uc
1109 4764 1205 4800 non
1234 4752 1574 4801 convenientia
1616 4752 2043 4802 antecedentibus’
2080 4753 2221 4802 uncis
2256 4753 2451 4802 inclusit
2481 4752 2655 4810 Ianus,
2697 4766 2795 4800 non
2832 4759 2969 4803 reete
2999 4751 3066 4802 ab

484 4828 783 4884 excerptor-e
821 4824 989 4871 relata
1033 4836 1145 4872 esse
1189 4822 1436 4872 videntur.
1488 4823 1719 4884 sortasse
1757 4821 1865 4872 fero
1902 4823 1991 4873 tuli
2030 4832 2079 4872 et
2115 4819 2236 4874 tollo
2272 4821 2381 4886 tuli,
2421 4822 2611 4872 suffero
2645 4823 2830 4872 sustuli
2865 4831 2915 4872 et
2950 4837 3066 4873 sus-
