3541 5564
1376 319 1850 383 COMMENTVM
2790 318 2910 382 131

2566 441 2608 482 p.
2636 429 2789 469 'lo—78
2816 428 2863 468 L.

331 523 476 584 ergo
531 505 827 567 distinctio
883 507 1212 586 corrumpit
1261 508 1406 567 istas
1451 507 1706 585 regulas.
1795 509 1936 567 item
1983 507 2261 568 discretio
2304 515 2503 586 potest
2550 505 2747 588 [causa
2793 507 2912 567 dis-

329 607 637 688 cretionis]
695 626 1083 686 corrumpere
1137 610 1281 668 istas
1336 608 1600 686 regulas,
1659 617 1722 670 ut
1777 610 1931 689 pone
1989 617 2048 669 et
2100 614 2274 690 pone.
2367 612 2416 670 si
2474 609 2693 671 dixeris
2735 611 2911 689 pone,

326 712 442 770 erit
507 711 897 790 praepositio;
973 711 1023 770 si
1087 709 1310 770 dixeris
1378 717 1565 790 pone,
1635 714 1749 773 erit
1816 711 2058 772 verbum
2115 713 2448 792 imperativi
2505 711 2683 772 modi.
2774 730 2914 772 ecce

322 820 572 891 propter
624 811 1042 872 discretionem
1101 822 1496 892 corrumpunt
1541 816 1794 892 regulas
1885 830 2068 891 quare
2113 817 2536 893 corrumpunt?
2582 816 2716 891 quia
2764 814 2912 874 dixi-

273 930 459 975 6mus
504 911 723 975 nullam
770 921 999 992 partem
1032 932 1161 974 esse
1193 916 1504 986 orationiS,
1553 934 1702 994 quae
1748 917 1810 976 in
1859 915 2062 976 ultima
2109 922 2276 994 parte
2321 915 2536 976 haheat
2580 924 2911 984 accentum,

325 1024 383 1075 et
427 1018 764 1076 invenimus
809 1014 985 1086 duas,
1032 1017 1187 1096 pone
1236 1024 1294 1076 et
1335 1022 1509 1096 pone,
1559 1022 1700 1094 ergo
1746 1025 1805 1077 et
1852 1016 2013 1095 ergo.
2103 1016 2207 1077 sed
2254 1035 2373 1077 non
2420 1018 2767 1079 naturaliter
2811 1019 2915 1079 ha·

322 1119 425 1180 bet
490 1116 589 1178 illa
659 1118 860 1179 ultima
928 1114 1149 1197 syllaba
1214 1128 1554 1188 accentum,
1613 1119 1715 1179 sed
1775 1128 2019 1199 propter
2074 1119 2513 1180 discretionem.
2604 1139 2739 1181 nam
2797 1138 2916 1198 quo

323 1221 502 1281 modo
545 1227 744 1301 potest
786 1220 914 1280 lieri
960 1228 1022 1280 ut
1066 1221 1175 1280 ista
1225 1220 1426 1281 ultima
1475 1219 1696 1301 syllaba
1742 1221 1958 1282 habeat
2001 1229 2342 1286 accentum.
2403 1241 2536 1282 cum
2592 1220 2918 1282 dixerimus

322 1325 383 1382 in
432 1321 637 1383 ultima
682 1319 904 1401 syllaba
937 1340 1261 1400 numquam
1292 1324 1546 1384 inveniri
1588 1342 1763 1402 posse
1811 1324 2161 1384 accentum?
2208 1342 2343 1385 nam
2387 1323 2624 1403 quando
2670 1323 2919 1384 dicimus

250 1443 297 1481 10
322 1425 481 1504 pone
531 1423 829 1504 [ultimam
875 1424 1099 1485 habere
1144 1423 1512 1506 accentum],
1561 1443 1681 1485 non
1725 1424 1862 1486 ideo
1908 1424 2195 1495 dicimuS,
2245 1426 2380 1503 quia
2429 1427 2514 1486 sic
2558 1424 2737 1486 debet
2781 1426 2916 1494 dici,

319 1527 426 1586 sed
474 1535 542 1588 ut
586 1528 664 1586 sit
708 1527 1008 1587 discretio.
1099 1529 1240 1586 item
1288 1527 1526 1604 quando
1572 1527 1827 1588 dicimus
1875 1531 2047 1605 ergo,
2104 1546 2224 1588 non
2268 1528 2406 1588 ideo
2453 1528 2733 1597 dicimuS,
2782 1530 2918 1605 quia

322 1630 409 1689 sic
454 1626 634 1689 debet
679 1628 825 1697 dici,
870 1628 976 1688 sed
1024 1635 1088 1688 ut
1130 1630 1206 1688 sit
1251 1627 1549 1690 discretio.
1625 1632 1767 1690 item
1816 1628 2053 1707 quando
2099 1629 2351 1689 dicimus
2396 1634 2568 1708 ergo,
2618 1648 2737 1690 non
2782 1630 2918 1690 ideo

326 1730 607 1799 dicimus,
642 1731 778 1809 quia
823 1731 907 1790 sic
952 1729 1130 1790 debet
1170 1729 1316 1798 dici,
1364 1730 1465 1790 sed
1515 1739 1579 1791 ut
1623 1733 1699 1791 sit
1743 1731 2024 1793 discretio
2068 1744 2316 1810 propter
2362 1731 2504 1808 ergo
2551 1733 2916 1793 coniunctio-

327 1851 465 1893 nem
510 1832 880 1892 rationalem.
970 1832 1107 1892 ideo
1151 1834 1213 1892 in
1261 1830 1464 1892 ultima
1512 1832 1730 1911 syllaba
1778 1836 2161 1895 inveniuntur
2207 1842 2503 1894 accentus,
2586 1852 2726 1910 ergo
2773 1834 2918 1894 istae

245 1952 302 1991 15
325 1943 465 1995 sunt
520 1933 673 1995 duae
727 1941 928 2013 partes
981 1941 1237 2009 tantum,
1306 1952 1456 2012 quae
1516 1953 1695 1995 causa
1755 1935 2129 1996 discretionis
2183 1944 2575 2014 corrumpunt
2629 1935 2915 2013 regulam.

326 2037 729 2116 pronuntiatio
786 2036 1128 2114 frequenter
1185 2038 1545 2115 corrumpit,
1605 2046 1666 2097 ut
1722 2046 1858 2116 puta
1907 2039 1914 2118 l
1965 2037 2192 2098 dor-tus
2285 2056 2434 2116 quae
2477 2036 2699 2118 syllaba
2746 2037 2924 2099 habet
2945 2055 3120 2110 427,ss

326 2140 675 2200 accentum?
745 2137 885 2206 doc,
944 2140 1223 2216 quoniam
1279 2140 1444 2218 prior
1499 2138 1720 2218 syllaba
1779 2158 2016 2219 semper
2070 2138 2250 2199 habet
2294 2151 2623 2200 accentum.
2715 2140 2917 2201 ultima

326 2243 485 2301 enim
530 2257 855 2316 numquam
899 2240 1078 2301 habet
1121 2249 1220 2300 aut
1263 2243 1544 2301 inversu
1591 2248 1693 2301 aut
1733 2243 1795 2301 in
1841 2261 2036 2321 prosa.
2097 2241 2248 2302 adde
2292 2239 2376 2302 illi
2422 2242 2917 2311 coniunctionem,

329 2352 386 2403 et
426 2343 592 2404 vides
648 2343 925 2420 quoniam
984 2343 1148 2420 prior
1203 2341 1423 2423 syllaba
1472 2343 1683 2422 perdet
1726 2352 2067 2413 accentum,
2125 2352 2266 2423 puta
2311 2343 2672 2422 ‘doctusque
2718 2343 2919 2405 Palae-

244 2451 523 2506 somon’.
615 2447 729 2505 iam
785 2446 993 2523 incipit
1048 2465 1163 2505 non
1221 2446 1281 2505 in
1339 2445 1450 2505 doc
1511 2463 1639 2505 esse
1695 2455 2004 2516 accentus,
2065 2446 2169 2505 sed
2223 2448 2284 2505 in
2341 2452 2462 2515 tus;
2522 2465 2661 2507 ecce
2717 2445 2918 2507 ultima

329 2546 552 2628 syllaba
610 2545 855 2607 babebit
910 2556 1237 2607 accentum.
1330 2555 1389 2607 et
1433 2566 1583 2627 quae
1627 2555 1766 2609 sunt
1811 2556 2010 2628 partes
2055 2565 2207 2625 quae
2251 2547 2486 2608 additae
2533 2556 2924 2627 corrumpunt

329 2650 601 2729 regulas?
648 2668 767 2709 non
814 2650 970 2709 enim
1015 2667 1226 2709 omnes
1270 2659 1689 2729 corrumpunt,
1737 2650 1843 2711 sed
1888 2658 2027 2710 sunt
2068 2658 2268 2729 partes
2314 2670 2465 2729 quae
2509 2650 2742 2711 additae
2788 2669 2920 2710 cor-

328 2760 635 2831 rumpunt.
727 2759 786 2812 et
841 2757 982 2811 sunt
1034 2752 1208 2813 istae:
1279 2770 1386 2822 ne,
1446 2752 1682 2832 quando
1738 2760 1829 2813 est
1872 2753 2237 2823 coniunctio,
2299 2771 2437 2814 ecce
2481 2752 2664 2814 hahes
2709 2771 2920 2822 unam;

329 2874 423 2924 ve,
494 2872 634 2914 ecce
702 2852 888 2913 habes
944 2853 1117 2922 duas;
1175 2873 1323 2933 que,
1385 2873 1525 2915 ecce
1583 2854 1769 2916 babes
1825 2863 1976 2921 tres:
2034 2873 2131 2925 ce,
2191 2875 2331 2915 ecce
2389 2856 2573 2916 habes
2620 2863 2919 2933 quattuor.

247 2959 473 3017 esistae
519 2962 661 3016 sunt
705 2974 855 3035 quae
901 2965 1290 3035 corrumpunt
1333 2956 1568 3035 regulas
1613 2964 1984 3017 accentuum.
2048 2965 2186 3036 puta
2233 2958 2484 3037 primuS,
2533 2957 2684 3018 adde
2715 2976 2922 3018 omnes

329 3061 468 3122 istas
524 3067 754 3138 partes:
815 3058 1145 3136 primusne,
1209 3077 1349 3117 ecce
1408 3078 1526 3119 non
1583 3057 1827 3120 babebit
1880 3061 1995 3119 iam
2053 3067 2365 3120 accentum
2424 3061 2544 3138 pri.
2603 3059 2707 3119 sed
2765 3080 2916 3128 muS,

329 3179 467 3221 ecce
526 3161 885 3238 corrumpit;
948 3168 1005 3220 et
1059 3162 1109 3220 si
1163 3159 1326 3221 dicas
1380 3161 1706 3239 primusve,
1768 3180 1907 3221 ecce
1954 3163 2313 3240 corrumpit;
2375 3163 2751 3241 primusque,
2799 3163 2920 3241 pri-

331 3262 570 3330 musce,
620 3279 763 3321 ecce
808 3263 1153 3341 corrumpit.
1216 3262 1321 3323 sed
1367 3263 1520 3322 sorte
1565 3263 1727 3323 dicas
1775 3263 1920 3323 mihi
1964 3262 2100 3322 ‘sed
2148 3264 2362 3342 positio
2408 3266 2752 3342 corrumpit,
2801 3282 2921 3325 non

328 3382 608 3424 accessus
637 3364 882 3423 istarum
915 3366 1229 3442 partium’.
1295 3366 1469 3424 etiam
1514 3366 1562 3424 si
1609 3366 1824 3443 positio
1871 3383 1989 3425 non
2036 3363 2375 3433 accederet,
2426 3373 2621 3425 tamen
2654 3383 2923 3427 corrum-

254 3489 305 3528 ao
332 3474 582 3547 peretur
627 3474 939 3527 accentus„
1012 3473 1150 3545 puta
1196 3467 1386 3536 Musa,
1434 3485 1533 3527 mu
1578 3466 1757 3528 hahet
1802 3475 2138 3535 accentum:
2196 3466 2346 3526 adde
2391 3466 2474 3526 illi
2519 3469 2657 3527 istas
2701 3475 2920 3546 parteS,

329 3579 387 3631 et
418 3570 852 3648 corrumpitur,
898 3569 1143 3628 Musaue
1183 3568 1419 3629 Musave
1462 3569 1745 3645 Musaque
1786 3570 2051 3630 Musace:
2101 3588 2239 3629 ecce
2279 3568 2377 3628 illa
2411 3588 2563 3648 quae
2607 3578 2697 3630 est
2724 3570 2922 3629 brevis

333 3670 536 3731 ultima
599 3672 723 3750 ipsa
781 3668 960 3730 babet
1004 3677 1331 3732 accentum.
1420 3678 1479 3730 et
1523 3671 1778 3731 diximus
1822 3672 1991 3750 quia,
2039 3669 2275 3749 quando
2320 3669 2682 3749 paenultima
2729 3670 2925 3731 brevis

329 3774 538 3842 l'uerit,
589 3781 732 3832 tunc
779 3774 948 3833 tertia
996 3791 1026 3831 a
1073 3773 1188 3832 fine
1234 3771 1475 3833 habehit
1519 3780 1857 3841 accentum;
1917 3780 1976 3832 et
2020 3780 2214 3833 tamen
2263 3790 2402 3832 ecce
2448 3782 2804 3852 corruptam·
2833 3774 2922 3832 in-

332 3876 617 3934 venimus,
711 3891 852 3934 ecce
910 3873 1099 3943 videS‚
1157 3876 1217 3934 in
1277 3884 1561 3954 quantum
1622 3873 1853 3934 valeant
1906 3875 2051 3934 istae
2096 3871 2464 3954 parlticulae‚
2529 3876 2589 3934 in
2636 3882 2922 3952 quantum

259 4000 306 4038 aa
333 3978 560 4056 possint
604 3982 695 4045 ut,
745 3978 922 4036 etiam
968 3975 1163 4038 brevis
1206 3979 1257 4035 si
1302 3978 1407 4046 sit,
1464 3977 1528 4036 id
1587 3985 1676 4063 est
1729 3975 1950 4055 syllaba
1996 3994 2148 4054 quae
2206 3976 2551 4038 naturaliter
2596 3975 2792 4036 brevis
2837 3984 2926 4036 est

333 4086 581 4157 cogatur
626 4076 852 4138 habere
898 4085 1236 4161 accentum,
1285 4097 1403 4138 non
1449 4077 1827 4147 naturaliter,
1876 4078 1978 4138 sed
2025 4096 2199 4138 causa
2246 4080 2511 4138 istarum.
2602 4098 2737 4140 nam
2785 4097 2923 4140 ecce

333 4181 526 4249 Musa.
575 4177 677 4241 illa
720 4178 938 4258 syllaba
987 4197 1136 4257 quae
1166 4182 1331 4260 prior
1362 4192 1452 4240 est
1490 4182 1615 4260 ipsa
1649 4180 1830 4240 habet
1860 4187 2190 4241 accentum.
2250 4182 2301 4240 si
2332 4181 2511 4241 addas
2541 4200 2657 4260 que
2703 4190 2804 4241 aut
2834 4199 2920 4248 ve,

333 4283 378 4341 si
425 4283 591 4343 dicas
620 4281 907 4360 Musaque
948 4282 1216 4348 Musave,
1267 4281 1476 4342 ubiubi
1518 4284 1861 4360 contigerit,
1909 4284 2033 4362 ipsa
2079 4286 2284 4343 ultima
2330 4282 2508 4343 habet
2551 4289 2875 4343 accentum.

475 4489 502 4539 1
554 4487 693 4537 idem
736 4487 976 4537 discretio
1010 4486 1117 4537 Bc
1158 4487 1291 4535 idem
1327 4486 1553 4535 discritio
1584 4503 1617 4535 a
1656 4487 1790 4536 idem
1828 4487 2088 4544 distinctio
2130 4486 2177 4535 Α
2350 4485 2385 4536 9
2422 4487 2651 4536 inuenire
2686 4486 2790 4536 Ac

341 4558 542 4620 quando
579 4558 812 4607 dicemus
842 4556 892 4605 A
1034 4555 1098 4607 10
1136 4571 1234 4607 non
1274 4557 1389 4606 ideo
1429 4556 1654 4605 dicemus
1685 4558 1734 4605 A
1880 4557 1942 4606 11
1983 4557 2183 4618 quando
2222 4557 2447 4607 dicemus
2486 4572 2611 4623 ergo
2645 4570 2743 4605 non
2781 4556 2922 4619 (ideo

341 4627 463 4677 add.
502 4625 597 4693 0¹⁸¹)
625 4628 856 4677 dicemus
894 4626 943 4675 A
1088 4626 1149 4677 13
1187 4627 1589 4676 coniunctionem
1628 4627 1779 4677 Boa
1816 4627 2121 4675 iunctionem
2159 4626 2210 4674 A
2296 4614 2382 4676 ”14
2419 4623 2736 4692 rationalem]
2779 4641 2923 4676 suam

342 4697 505 4747 ABG
668 4698 995 4746 inueniuntur
1032 4697 1149 4746 AB
1184 4698 1443 4746 inuenitur
1479 4696 1568 4745 Ga
1746 4697 1809 4746 17
1848 4696 1945 4745 doc
1981 4696 2031 4745 B
2066 4698 2133 4745 do
2172 4696 2276 4746 AC
2446 4696 2512 4745 32
2550 4696 2772 4745 diximus
2807 4698 2926 4760 qnia

341 4768 543 4830 quando
579 4767 727 4819 BGa
765 4767 991 4816 diximus
1034 4767 1134 4816 iam
1168 4767 1372 4830 quando
1411 4766 1458 4815 Α
1565 4766 1633 4817 35
1669 4768 1840 4816 breuis
1876 4767 1920 4815 si
1956 4767 2023 4815 sit
2060 4767 2114 4815 id
2141 4773 2218 4815 est
2245 4762 2428 4817 Bou*
2464 4767 2648 4815 bren..
2690 4767 2742 4815 id
2772 4777 2849 4817 est
2879 4767 2925 4815 A

358 4896 361 4899 Δ
443 4836 512 4887 36
548 4847 764 4903 cogatur
790 4836 1157 4887 Lindemannns
1181 4838 1383 4902 cogitur
1411 4835 1512 4885 AB
1544 4844 1758 4902 cogetur
1785 4837 1826 4883 G
1924 4836 1993 4886 33
2021 4836 2104 4885 ubi
2139 4845 2186 4884 et
2213 4837 2297 4884 ubi
2321 4836 2363 4886 C
2462 4837 2640 4885 ultima
2664 4852 2757 4887 om.
2777 4836 2922 4886 ABG

2434 4920 2521 4983 9*
