3541 5564
1368 390 1845 468 count-:wrm
2466 344 2473 353 ⁵
2784 391 2911 458 213

2541 514 2584 557 p.
2611 503 2790 545 263—65
2816 503 2860 544 L.

329 583 563 645 modus:
622 583 674 643 si
730 580 938 643 modus
996 588 1110 652 est,
1169 580 1409 642 verbum
1459 588 1548 641 est
1594 582 1723 641 sine
1768 580 1978 650 dubio;
2037 600 2176 643 ecce
2235 581 2418 644 habes
2465 581 2618 660 quod
2666 582 2910 645 verbum

331 694 428 746 est.
521 683 624 746 sed
684 683 919 762 quando
976 682 1110 744 dico
1168 682 1278 743 ‘da
1325 682 1469 744 mihi
1519 682 1779 754 bibere'‚
1838 681 1954 744 tale
2001 692 2089 745 est
2143 702 2210 745 ac
2265 685 2313 745 si
2371 684 2562 746 dicam
2611 685 2720 747 ‘da
2765 686 2912 746 mihi

328 789 595 868 panem’.
683 805 895 867 panem
952 792 1149 847 autem
1204 787 1569 847 accusativus
1624 793 1729 847 est.
1822 803 1964 864 ergo
2009 785 2172 847 vides
2237 789 2515 867 quoniam
2564 788 2743 851 verbo
2788 809 2911 851 non

329 897 520 969 potest
576 890 741 968 iungi
796 889 909 950 nisi
955 889 1317 950 accusativus
1363 907 1550 950 casus
1646 885 1995 950 naturaliter
2040 890 2118 948 ita
2175 908 2239 949 se
2284 886 2462 952 habet
2505 891 2617 952 ista
2662 910 2787 962 τρε,
2848 900 2911 953 ut

280 992 649 1072 spraemisso
694 990 876 1053 verbo
931 998 1254 1068 sequantur
1311 992 1580 1061 nomina,
1639 989 1696 1051 id
1743 997 1834 1051 est
1876 998 2156 1070 sequatur
2202 1009 2387 1053 casus,
2479 991 2704 1055 nullum
2752 996 2910 1055 enim

327 1111 543 1155 nomen
588 1094 716 1154 sine
757 1112 898 1155 casu
944 1099 1050 1154 est.
1116 1110 1258 1170 ergo
1303 1092 1541 1171 quando
1587 1092 1720 1153 dico
1767 1092 1876 1153 ‘da
1924 1092 2066 1154 mihi
2127 1092 2303 1173 [offer
2359 1094 2503 1155 mihi
2561 1094 2698 1175 quid
2745 1095 2906 1177 dico]

325 1194 716 1264 columnam',
775 1194 1108 1256 columnam
1167 1213 1337 1256 casus
1393 1204 1481 1256 est
1536 1196 1929 1264 accusativus;
1990 1196 2174 1256 ‘offer
2230 1196 2373 1256 mihi
2431 1195 2768 1268 arborem’,
2814 1217 2909 1260 ar-

325 1298 528 1360 borem
576 1316 747 1359 casus
793 1304 882 1359 est
924 1298 1322 1379 accusatilvnS.
1413 1316 1554 1376 ergo
1602 1306 1661 1358 et
1702 1300 1752 1358 si
1799 1298 1960 1358 dicas
1994 1296 2242 1367 bibere,
2291 1297 2496 1360 bibere
2539 1299 2769 1360 videtur
2814 1320 2908 1361 ac-

322 1402 619 1463 cusativus
675 1418 803 1461 esse
861 1418 1058 1470 casuS,
1121 1402 1397 1479 quoniam
1452 1399 1549 1461 illa
1614 1402 1842 1470 omnia,
1903 1418 2056 1478 quac
2112 1402 2433 1480 iunguntur
2494 1403 2625 1462 istis
2688 1401 2906 1472 verhiS,

253 1526 299 1564 ιο
324 1522 494 1565 casus
540 1511 692 1564 sunt.
785 1521 926 1581 ergo
986 1504 1197 1580 nequis
1241 1509 1478 1581 putaret
1522 1501 1685 1564 illum
1731 1503 2085 1563 infinitivum
2134 1502 2374 1565 modum
2422 1502 2737 1583 aliquando
2782 1504 2909 1565 fieri

322 1624 497 1685 posse
546 1613 611 1668 ut
655 1603 896 1666 caderet
938 1608 998 1665 in
1043 1623 1216 1666 casus
1263 1612 1321 1665 et
1364 1606 1593 1666 ratione
1625 1606 1882 1666 nominis
1914 1602 2341 1675 declinaretur,
2387 1604 2523 1665 ideo
2570 1605 2682 1666 hoc
2728 1607 2908 1667 inter-

320 1709 540 1787 posuit.
632 1708 786 1767 scire
844 1715 1037 1768 autem
1096 1706 1277 1768 debes
1340 1709 1617 1786 quoniam
1663 1706 1761 1767 ille
1806 1708 2130 1768 infinitivus
2175 1706 2411 1784 quidem
2460 1713 2551 1768 est
2595 1707 2806 1769 modus
2853 1715 2910 1768 et

320 1811 460 1871 facit
511 1809 904 1870 elocutionem
946 1827 1250 1888 graecam,
1299 1808 1537 1870 latinam
1571 1826 1913 1887 numquam.
1975 1810 2246 1886 quotiens
2277 1810 2358 1870 ita
2391 1808 2647 1870 volueris
2691 1812 2906 1882 facere,

320 1931 534 1991 graece
578 1912 841 1993 loqueris
887 1919 1120 1991 aperte,
1179 1911 1285 1971 ‘da
1333 1912 1479 1974 mihi
1525 1910 1787 1981 bibere’,
1837 1907 1952 1984 δός
1994 1931 2106 1992 μοι
2150 1917 2350 1973 πιεῖν.
2437 1918 2494 1972 et
2541 1914 2653 1973 erit
2695 1930 2907 1991 graeca

249 2032 295 2072 15
321 2015 610 2083 elocutio,
670 2015 848 2075 latina
907 2033 1024 2076 non
1071 2021 1174 2075 est.
1266 2014 1414 2075 haec
1459 2022 1654 2075 autem
1701 2013 1956 2075 elocutio
2002 2024 2136 2094 apta
2183 2022 2273 2074 est
2317 2014 2538 2093 poetis,
2587 2021 2721 2094 apta
2765 2013 2906 2094 lyri-

319 2119 432 2188 cis,
482 2116 663 2195 longe
709 2124 935 2179 remota
980 2124 1072 2178 est
1115 2135 1146 2176 a
1191 2135 1468 2177 sermone
1514 2117 1834 2177 communi.
1926 2133 2068 2194 ergo
2112 2124 2359 2196 propter
2403 2117 2575 2177 istam
2622 2115 2905 2177 elocutio-

318 2239 453 2282 nem
501 2221 863 2299 interposuit
904 2220 1068 2279 ‘siue
1115 2220 1307 2289 casu’,
1370 2218 1577 2295 nequis
1635 2216 1742 2278 tibi
1787 2217 2013 2279 diceret
2061 2216 2260 2299 [ergo]
2310 2218 2417 2280 ‘da
2462 2217 2606 2279 mihi
2652 2217 2904 2289 bibere’,

317 2322 530 2383 bibere
587 2340 730 2401 ergo
785 2323 1150 2384 accusativus
1207 2339 1378 2381 casus
1434 2327 1550 2388 est,
1612 2322 1887 2400 quoniam
1944 2318 2042 2380 illa
2100 2321 2295 2381 omnia
2352 2339 2464 2401 per
2508 2323 2903 2383 accusativum

314 2423 726 2505 proferuntur.
819 2423 923 2484 sed
969 2441 1087 2484 non
1134 2432 1250 2492 est;
1308 2422 1406 2483 illa
1452 2440 1662 2502 graeca
1709 2426 1894 2501 ligura
1940 2430 2057 2517 est,
2117 2441 2328 2502 graeca
2385 2422 2719 2484 elocutione
2751 2443 2901 2504 pro-

241 2529 527 2589 msertur.

489 2630 682 2691 Omne
737 2628 981 2690 verbum
1040 2636 1138 2689 aut
1194 2647 1370 2708 agere
1425 2627 1642 2709 aliquid
1712 2634 1812 2689 aut
1871 2629 1992 2708 pati
2048 2629 2353 2707 significat.
2443 2628 2581 2706 quid
2637 2631 2711 2691 sit
2772 2630 3104 2703 hoc,503‚6

311 2739 525 2813 postea
581 2732 732 2795 dico.
809 2731 1219 2812 interpositum
1282 2741 1402 2802 est,
1463 2740 1529 2793 ut
1584 2730 1878 2792 diceretur
1945 2732 2196 2793 activum
2264 2732 2557 2812 passivum
2626 2738 2902 2795 neutrum

314 2854 638 2897 commune
694 2842 753 2896 et
807 2834 1129 2914 deponens·
1179 2836 1436 2915 ,quare?
1503 2833 1616 2894 hoc
1684 2833 1817 2894 dico
1883 2843 2106 2913 postea.
2195 2835 2432 2895 interim
2501 2836 2657 2896 scire
2724 2834 2905 2896 debes

312 2938 472 3019 quod
538 2955 712 2998 omne
769 2935 1014 2998 verbum
1073 2936 1230 3017 quod
1288 2943 1377 2998 est
1431 2937 1493 2996 in
1549 2954 1748 2997 rerum
1807 2943 2015 2998 natura
2082 2944 2183 2997 aut
2235 2954 2410 3015 agere
2466 2944 2565 2998 aut
2617 2938 2740 3018 pati
2796 2956 2905 2999 nos

238 3040 595 3101 zostendit.
688 3046 746 3099 et
800 3057 867 3100 re
923 3056 1057 3101 vera
1115 3040 1240 3119 ipsa
1300 3045 1505 3099 natura
1563 3057 1761 3099 rerum
1824 3040 1909 3099 sic
1962 3058 2027 3100 se
2083 3038 2279 3101 habet.
2371 3039 2653 3119 quicquid
2711 3047 2801 3101 est
2845 3041 2902 3101 in

313 3151 438 3204 toto
484 3140 749 3211 munde,
809 3147 911 3202 aut
952 3142 1172 3221 patitur
1217 3149 1314 3201 aut
1359 3143 1479 3219 agit
1521 3142 1650 3201 sine
1697 3140 1905 3200 dubio:
1965 3159 2184 3218 quaere
2228 3160 2435 3203 omnes
2478 3160 2602 3212 reS‚
2652 3150 2711 3204 et
2755 3138 2765 3224 Ι
2814 3142 2902 3203 in·

309 3246 518 3305 venies
575 3242 730 3323 quod
787 3250 1079 3320 coguntur
1124 3245 1324 3304 nescio
1371 3260 1483 3320 qua
1539 3245 1768 3304 ratione
1826 3251 1927 3303 aut
1981 3245 2101 3323 pati
2146 3251 2247 3305 aut
2292 3252 2452 3305 certe
2496 3244 2662 3324 ipsae
2706 3260 2899 3323 agere.

310 3366 492 3409 curre
540 3365 652 3426 per
694 3345 790 3406 illa
838 3364 1084 3424 genera,
1134 3353 1193 3406 et
1236 3347 1501 3406 invenies
1543 3346 1622 3406 ita
1670 3364 1802 3406 esse
1845 3344 2112 3406 verbum.
2174 3365 2313 3407 ecce
2346 3345 2509 3425 lego:
2555 3345 2688 3424 lego
2720 3364 2900 3425 agen·

311 3451 385 3510 tis
433 3455 528 3509 est
571 3437 951 3526 significatio,
999 3446 1167 3526 legor
1210 3450 1504 3528 passivum
1552 3454 1670 3517 est,
1719 3456 1777 3509 et
1822 3456 2021 3509 tamen
2055 3457 2112 3509 et
2157 3449 2382 3527 agentis
2414 3456 2503 3509 est
2532 3450 2895 3527 significatio.

235 3569 284 3608 ao
311 3560 451 3613 nato
500 3549 662 3611 unde
709 3551 832 3610 est?
877 3568 907 3609 a
955 3549 1209 3611 neutrali
1255 3558 1372 3618 est.
1423 3558 1480 3611 et
1523 3559 1719 3611 tamen
1764 3551 1995 3629 agentis
2040 3556 2143 3611 est.
2234 3570 2412 3613 curro
2457 3551 2725 3612 neutrale
2770 3570 2899 3613 ver-

309 3654 449 3715 bum
501 3660 624 3722 est,
690 3661 748 3713 et
790 3659 982 3713 lamen
1040 3654 1271 3730 agentis
1329 3661 1433 3715 est.
1510 3651 1721 3733 vapulo
1779 3651 2045 3715 neutrale
2103 3660 2218 3725 est,
2279 3660 2336 3714 et
2379 3659 2577 3714 tamen
2623 3655 2900 3733 patientis

309 3765 425 3825 est;
476 3755 553 3816 ab
603 3753 718 3815 alio
764 3756 920 3815 enim
968 3752 1197 3834 vapulo.
1288 3756 1364 3816 ita
1425 3754 1642 3825 luctor,
1701 3754 1940 3835 loquor,
2001 3757 2109 3816 ista
2153 3755 2366 3817 similia
2412 3755 2763 3835 deponentia
2810 3756 2895 3816 di-

307 3865 533 3919 cuntur
580 3857 808 3926 omnia,
860 3865 917 3917 et
964 3868 1159 3928 tamen
1204 3859 1692 3936 significationem
1737 3858 1960 3920 habent
2005 3860 2249 3936 agentis.
2312 3876 2453 3936 ergo
2485 3843 2899 3939 quodcumque

310 3968 398 4020 est
443 3958 728 4028 verbum,
792 3977 1035 4020 necesse
1081 3966 1171 4020 est
1214 3966 1276 4018 ut
1318 3961 1377 4019 in
1423 3958 1529 4021 has
1574 3959 1744 4020 cadat
1789 3961 2274 4038 significationeS,
2325 3968 2387 4021 ut
2432 3979 2606 4034 omne
2653 3959 2898 4022 verbum

235 4068 409 4121 soant
455 4062 693 4139 agentis
738 4061 813 4120 sit
858 4066 954 4120 aut
997 4061 1302 4140 patientiS,
1352 4061 1488 4122 licet
1533 4061 1690 4122 aliud
1737 4061 1951 4122 habeat
1982 4080 2187 4140 genus

480 4162 687 4224 Verbo
744 4163 1020 4224 accidunt
1074 4171 1328 4242 septem,
1398 4163 1649 4243 qualitas
1716 4166 2053 4243 coniugatio
2119 4183 2306 4242 genus
2369 4183 2651 4226 numerus
2716 4167 2900 4244 figura
2924 4177 3133 4240 411,26

310 4275 551 4346 tempus
597 4283 868 4345 persona.
956 4264 1204 4345 qualitas
1248 4264 1566 4326 verborum
1613 4264 1889 4326 dividitur
1934 4268 1992 4327 iu
2042 4268 2184 4328 duas
2228 4274 2427 4347 partes
2470 4266 2894 4347 principaliter,
2923 4247 3133 4305 503,25

308 4366 365 4427 id
415 4375 512 4428 est
560 4367 615 4427 in
663 4366 873 4427 modos
919 4373 977 4427 et
1020 4369 1081 4429 in
1128 4368 1365 4429 sormaS.
1444 4368 1603 4428 modi
1649 4375 1846 4428 autem
1891 4376 2032 4429 sunt
2075 4375 2238 4438 octo,
2298 4387 2506 4430 omnes
2551 4376 2684 4430 octo
2729 4378 2895 4438 sunt;

449 4626 484 4674 2
526 4621 646 4690 sed]
690 4625 730 4673 si
771 4625 818 4671 A
958 4625 990 4676 6
1030 4625 1148 4689 quid
1183 4625 1296 4674 dico
1335 4625 1384 4673 Α
1421 4625 1542 4688 quid
1582 4624 1727 4674 edico
1760 4624 1861 4673 Ba
1895 4624 2017 4686 quid
2056 4625 2200 4673 edico
2236 4640 2373 4674 corr.
2416 4626 2538 4688 quid
2576 4625 2719 4675 Edico
2757 4627 2799 4676 G

310 4697 373 4746 14
411 4709 772 4744 chnomnnu
802 4695 843 4744 G
876 4709 1190 4745 Λωοκοιηιιη
1233 4693 1343 4742 ΑΒ
1487 4697 1548 4745 15
1588 4691 1779 4759 lyricis]
1823 4703 1899 4743 est
1936 4694 2105 4758 lyricis
2150 4696 2190 4744 G
2323 4696 2386 4746 21
2430 4695 2621 4759 aliquid
2658 4695 2725 4744 a*
2770 4697 2893 4759 quid

306 4765 479 4815 ABG
624 4764 693 4815 26
729 4762 855 4831 agit]
897 4765 1017 4814 l’acit
1056 4766 1200 4816 Rea
1237 4765 1345 4830 agit
1380 4764 1500 4813 facit
1536 4765 1581 4812 A
1690 4766 1755 4814 27
1796 4772 1880 4813 aut
1913 4762 2040 4830 pati]
2077 4773 2126 4814 et
2165 4766 2264 4828 pati
2308 4766 2472 4815 ABG
2576 4767 2686 4832 ipse
2722 4766 2892 4815 facere

308 4837 376 4884 ita
415 4850 534 4885 esse
577 4834 786 4884 uerbum
818 4850 962 4884 curre
1000 4851 1090 4901 per
1125 4834 1210 4884 illa
1249 4850 1436 4900 genera
1475 4842 1522 4883 et
1555 4835 1787 4884 inuenies
1820 4850 1936 4884 ecce
1973 4835 2088 4901 lego
2120 4833 2289 4885 ABG
2422 4836 2492 4888 29
2526 4837 2784 4903 passiuum
2817 4845 2893 4887 est

307 4913 357 4955 et
392 4913 568 4955 tamen
607 4906 805 4971 agentis
843 4905 947 4955 BC
1083 4903 1151 4956 30
1187 4920 1332 4955 curro
1371 4906 1595 4955 neutrale
1630 4905 1840 4954 uerbum
1880 4913 1956 4956 est
1993 4911 2041 4956 et
2078 4903 2280 4972 agentis
2319 4905 2489 4958 ABG
