3541 5564
1328 337 1423 399 Ex
1473 338 1703 399 COMM.
1754 338 1830 400 ΙΝ
1882 338 2049 400 DON.
2865 337 2987 403 327

945 542 1053 615 Ex
1107 543 1348 617 codice
1399 542 1818 616 Monacensi
1872 543 2109 615 Emm.
2168 543 2251 616 G.
2314 545 2450 616 121

576 677 984 739 Barbarismus
1042 687 1133 739 est
1193 697 1305 739 una
1367 698 1503 758 pars
1548 680 1831 739 orationis
1877 680 2078 739 vitiosa
2123 681 2183 740 in
2230 681 2532 741 communi
2574 699 2876 750 sermone,
2926 682 2985 741 in

408 788 679 857 poemate
727 779 1170 859 metaplasmus:
1232 779 1670 841 adtendendum
1726 780 1883 861 quod
1931 780 2191 841 Donatus
2235 783 2640 842 strenuissime
2700 784 2988 863 peritissi-

408 899 622 959 meque
679 901 848 942 suam
905 882 1088 943 edidit
1144 889 1354 943 artem.
1443 884 1702 962 primum
1768 883 1926 942 enim
1993 900 2356 961 componens
2419 885 2710 944 minorem
2767 884 2837 945 ad
2897 886 2985 945 in·

355 998 380 1036 5
410 983 725 1044 struendos
769 1003 988 1063 pueros
1035 1004 1160 1045 eam
1207 986 1265 1045 in
1315 984 1558 1045 exordio
1602 986 1694 1045 sui
1740 984 2052 1045 voluminis
2096 985 2390 1063 imposuit.
2481 985 2797 1047 secundam
2844 1004 2985 1046 vero

408 1086 725 1146 editionem
782 1105 812 1145 a
871 1084 1062 1146 littera
1119 1087 1450 1166 ceterisque
1507 1084 1812 1165 particulis
1868 1085 1939 1145 ad
1997 1087 2369 1164 superficiem
2415 1087 2850 1166 pertinentibus
2896 1090 2985 1147 in-

407 1187 667 1256 choavit,
729 1197 787 1248 et
843 1196 1046 1267 postea
1104 1197 1237 1249 octo
1282 1197 1509 1268 partes:
1568 1187 1659 1248 bis
1704 1197 1899 1248 autem
1947 1190 2153 1267 positis
2198 1189 2269 1249 ad
2317 1189 2730 1268 complendam
2775 1210 2984 1251 secun·

407 1288 538 1350 dam
588 1288 910 1349 editionem
956 1289 1390 1352 barbarismum
1438 1298 1496 1350 ct
1540 1298 1752 1351 cetera.
1783 1291 1914 1349 vitia
1962 1292 2186 1368 posuit,
2237 1298 2294 1350 et
2338 1292 2491 1351 sicut
2536 1293 2809 1371 primitus
2850 1311 2986 1372 par·

406 1400 524 1461 tes,
572 1392 631 1452 id
679 1399 768 1452 est
809 1411 1012 1453 vocem
1060 1392 1315 1454 litteram
1362 1391 1640 1471 syllabam
1689 1401 2065 1470 ceterasque,
2114 1410 2262 1470 quae
2308 1392 2380 1453 ad
2425 1393 2800 1472 superficiem
2848 1413 2986 1473 per-

332 1505 381 1545 10
410 1495 625 1564 tinent,
681 1504 988 1574 posuerat,
1055 1495 1132 1555 ita
1188 1494 1261 1554 de
1321 1496 1471 1555 vitiis
1533 1494 1841 1575 disputans
1896 1492 2329 1556 barbarismum
2389 1496 2449 1554 in
2505 1497 2696 1575 capite
2762 1515 2987 1576 ponere

410 1595 665 1664 studuit,
726 1597 826 1674 qui
884 1598 1212 1675 corrumpit
1266 1597 1670 1675 superficiem,
1731 1598 1793 1656 in
1840 1596 2101 1656 secundo
2146 1596 2277 1657 loco
2333 1598 2783 1668 soloecismum,
2832 1598 2985 1678 quod

408 1699 608 1758 vitium
655 1698 983 1777 corrumpit
1026 1716 1265 1759 sensum
1314 1706 1767 1778 contextumque
1813 1700 2086 1778 partium.
2163 1701 2295 1759 exin
2342 1700 2537 1779 posuit
2581 1701 2880 1761 schemata
2929 1709 2987 1760 et

408 1810 628 1879 tropos,
677 1800 775 1878 qui
820 1805 1093 1860 ornatum
1140 1797 1410 1861 tribuunt
1453 1800 1947 1880 praecedentibus
1991 1799 2277 1880 partibus.

1517 1898 1553 1936 δὲ
1682 1898 1717 1936 *
1848 1902 1883 1940 *

574 1985 994 2059 Quaerendum
1040 1996 1155 2056 est,
1213 2006 1330 2067 quo
1376 1987 1552 2048 modo
1597 1988 1863 2049 Donatus
1921 1987 2076 2051 dicat
2122 1988 2550 2050 barbarismum
2598 2008 2753 2059 esse,
2801 1991 2987 2070 siquis

330 2100 380 2140 15
408 2088 560 2149 dicat
605 2087 957 2149 salmentnm
1003 2106 1111 2168 pro
1157 2088 1609 2158 salsamentum,
1658 2108 1790 2150 cum
1839 2090 2026 2168 Caper
2081 2093 2524 2171 antiquissimus
2580 2091 2787 2152 doctor
2832 2092 2989 2152 dicat

407 2189 726 2250 5salmenta
796 2209 870 2249 ne
943 2191 1149 2251 timeas
1217 2192 1520 2269 proferre,
1582 2192 1718 2270 quia
1790 2190 2034 2252 latinum
2093 2197 2235 2260 est'.
2327 2193 2398 2253 ad
2457 2193 2612 2274 quod
2670 2193 2983 2254 dicendum

406 2293 540 2370 quia
588 2300 648 2352 et
688 2291 1039 2353 salmentnm
1086 2301 1145 2353 et
1187 2291 1604 2354 salsamentum
1651 2292 1767 2353 dici
1811 2301 2020 2373 potest.
2084 2293 2434 2356 salmentnm
2482 2303 2676 2356 autem
2711 2303 2801 2356 est
2842 2315 2982 2376 pnr-

404 2402 742 2472 gamentum
791 2396 1003 2465 mariS,
1051 2393 1470 2456 salsamentum
1518 2415 1657 2456 vero
1702 2394 1938 2475 salsugo
1985 2395 2234 2466 dicitur,
2295 2398 2354 2456 in
2402 2415 2516 2476 qua
2564 2396 2839 2475 liquescit
2882 2395 2984 2466 sal,

405 2504 468 2557 ut
513 2514 722 2556 carnes
768 2495 1137 2557 condiantur.
1226 2499 1411 2577 siquis
1457 2498 1634 2579 igitur
1679 2499 1905 2567 scienS‚
1964 2497 2101 2578 quid
2145 2499 2220 2557 sit
2264 2497 2680 2560 salsamentum
2729 2508 2786 2559 et
2845 2499 2984 2577 quid

329 2596 794 2667 msatmentum‚
854 2596 1070 2659 dixerit
1127 2599 1479 2660 salmentnm
1536 2619 1645 2679 pro
1706 2618 1776 2660 eo
1834 2599 1993 2680 quod
2052 2606 2140 2660 est
2193 2598 2646 2669 salsamentum,
2714 2619 2822 2681 per
2884 2600 2985 2661 de-

407 2701 752 2761 tractionem
796 2696 1053 2779 syllabae
1100 2699 1532 2763 barbarismum
1576 2702 1733 2762 facit.

1517 2806 1552 2843 ³16
1679 2804 1715 2841 'tl-⁵
1842 2804 1878 2841 213

576 2887 687 2948 Per
731 2889 1199 2949 immutationem
1244 2888 1520 2969 syllabae,
1568 2896 1632 2949 ut
1675 2890 1962 2969 pernities
2006 2909 2117 2970 pro
2164 2891 2488 2970 pernicies:
2540 2909 2676 2960 non,
2712 2899 2777 2951 ut
2805 2890 2985 2971 pleri-

408 3006 522 3067 que
565 2998 801 3069 putant,
863 2991 922 3050 ni
970 2998 1231 3051 mutatur
1273 2993 1332 3052 in
1381 2994 1490 3061 mi,
1554 2991 1657 3052 sed
1714 2993 1914 3070 potius
1970 2994 2011 3051 ti
2068 2993 2127 3052 in
2182 2991 2374 3051 locum
2422 2993 2492 3052 ci.
2583 2992 2984 3072 quaerendum

408 3098 498 3148 est
542 3099 768 3160 autem,
819 3111 999 3171 quare
1046 3093 1263 3153 dixerit
1307 3093 1572 3154 Donatus
1615 3094 2084 3153 immutationem
2142 3112 2272 3153 esse
2318 3092 2574 3171 syllabae
2621 3096 2677 3155 in
2726 3094 2838 3154 boc
2883 3112 2986 3154 no-

330 3207 383 3247 25
413 3193 600 3262 mine,
662 3211 793 3253 cum
852 3212 972 3254 non
1027 3202 1147 3255 tota
1204 3191 1452 3274 syllaba,
1512 3195 1614 3255 sed
1671 3213 1785 3255 una
1845 3202 2069 3256 tantum
2129 3194 2303 3256 modo
2347 3195 2573 3266 littera,
2623 3196 2679 3255 id
2727 3204 2818 3256 est
2862 3205 2883 3256 t
2927 3198 2988 3256 in'

406 3291 596 3354 locum
654 3312 688 3353 c
745 3303 1028 3356 mutetur.
1120 3314 1254 3356 nam
1311 3304 1445 3377 post
1490 3315 1521 3356 c
1566 3295 1654 3356 vel
1713 3305 1851 3376 post
1894 3306 1917 3357 t
1961 3316 2198 3378 semper
2255 3300 2273 3357 i
2318 3296 2618 3358 scribitur.
2712 3297 2783 3359 ad
2831 3296 2986 3376 quod

404 3395 887 3475 respondendum
943 3400 1410 3460 immutationem
1471 3417 1600 3459 esse
1656 3398 1913 3477 syllabae
1980 3402 2296 3470 veraciter,
2367 3403 2501 3480 quia
2570 3401 2910 3459 immutatur
2967 3407 2989 3458 t

405 3515 537 3557 cum
600 3515 710 3557 suo
766 3499 784 3556 i
840 3499 899 3559 in
958 3498 1153 3560 locum
1213 3520 1245 3561 c
1302 3507 1360 3561 et
1418 3502 1455 3559 i.
1546 3497 1795 3561 alterum
1844 3518 2099 3580 namque
2143 3521 2351 3563 sonum
2400 3501 2576 3562 babet
2621 3503 2639 3561 i
2686 3510 2819 3581 post
2864 3510 2886 3561 t
2930 3509 2989 3562 et

407 3597 653 3660 alterum
719 3605 853 3679 post
918 3618 968 3659 c.
1060 3620 1195 3662 nam
1251 3609 1385 3682 post
1441 3619 1474 3661 c
1530 3600 1711 3662 habet
1767 3603 2046 3682 pinguem
2102 3622 2345 3674 sonum,
2413 3612 2549 3683 post
2607 3610 2629 3663 t
2684 3603 2984 3682 gracilem.

329 3717 382 3756 30
407 3702 702 3778 pernicies
745 3708 943 3763 autem
988 3722 1224 3784 semper
1268 3722 1301 3765 c
1345 3702 1568 3764 habere
1613 3702 1809 3766 debet.

1215 3959 1324 4032 Ex
1376 3959 1617 4034 codice
1648 3959 2025 4035 ·Vossiano
2081 3965 2172 4034 37

574 4094 972 4156 Soloecismus
1028 4095 1166 4175 quid
1236 4097 1361 4157 est?
1436 4098 1622 4158 oratio
1690 4096 1885 4157 latinis
1938 4098 2172 4176 quidem
2228 4097 2451 4173 verbiS‚
2521 4116 2723 4160 verum
2782 4100 2985 4158 vitiosa

547 4267 569 4316 l
610 4267 787 4317 Codex
825 4266 1148 4317 Monacensis
1184 4268 1336 4316 Emm.
1381 4268 1442 4317 G.
1485 4268 1579 4319 121
1618 4266 1731 4334 (M)
1767 4283 1905 4318 saec.
1946 4268 1994 4318 X
2027 4270 2072 4333 f.
2112 4271 2179 4321 92
2224 4285 2406 4319 inctru-
2443 4285 2507 4319 on
2545 4284 2690 4319 vocs.
2763 4268 2875 4318 Vox
2912 4277 2987 4317 est

404 4350 490 4384 ner
520 4338 648 4387 ictus
686 4337 946 4387 sensibilis
983 4337 1175 4400 auditu,
1216 4347 1457 4401 quantum
1498 4338 1546 4386 in
1576 4338 1689 4403 ipso
1728 4347 1823 4392 eat.
1862 4338 2255 4389 haec‘dil'linitio
2293 4340 2388 4389 hoc
2423 4340 2573 4390 modo
2611 4340 2867 4405 iungitur,
2910 4349 2987 4388 est

405 4420 502 4454 vox
538 4422 625 4455 ner
661 4407 818 4469 ictae,
865 4406 963 4456 hoo
1004 4415 1081 4456 est
1116 4422 1204 4456 aer
1240 4422 1531 4472 percussus.
1606 4409 1696 4458 sed
1733 4410 1992 4470 quaeritur
2027 4423 2058 4457 a
2098 4424 2196 4473 quo
2237 4411 2513 4475 percutitur
2548 4437 2617 4446 —
2648 4410 2693 4471 l'.
2740 4409 2861 4459 140*
2899 4409 2989 4471 (de

405 4479 589 4538 tropis)
630 4477 695 4524 ita
737 4486 788 4526 et
822 4479 1018 4526 Aeneas
1058 4475 1285 4526 facturus
1323 4475 1479 4537 foret,
1520 4478 1563 4527 si
1601 4480 1648 4526 ei
1687 4479 1893 4528 daretur
1928 4496 1957 4527 a
1987 4479 2162 4528 Latino
2202 4479 2413 4529 Lavinia
2449 4482 2689 4529 coniunx.
2753 4475 3021 4528 commen-⁸

405 4549 570 4594 tarius
601 4548 650 4595 in
684 4556 843 4597 artem
878 4548 1112 4596 maiorem
1143 4548 1337 4599 Donati
1475 4548 1539 4597 12
1578 4556 1800 4596 scemata
1834 4558 2008 4613 tropos
2042 4548 2106 4597 M
2222 4551 2282 4600 15
2320 4565 2410 4615 pro
2452 4550 2783 4599 salameutum
2822 4548 2886 4597 M

406 4612 591 4680 Caper]
628 4631 684 4678 p.
720 4618 856 4668 2244
1004 4617 1066 4667 17
1104 4614 1491 4683 salsamentum]
1534 4616 1869 4667 salamentnm
1905 4620 1965 4669 M
2069 4619 2138 4669 20
2173 4619 2477 4669 salmentnm
2516 4630 2565 4669 et
2600 4620 2784 4669 dixerit
2824 4618 2886 4666 M

403 4684 471 4731 22
502 4684 772 4751 pernicies]
811 4686 1054 4752 pernities
1095 4687 1155 4736 M
1295 4686 1365 4738 30
1395 4688 1636 4751 pernities
1671 4698 1836 4737 utitem
1878 4689 1944 4737 M

543 4753 606 4804 31
649 4756 826 4805 Codex
856 4756 1123 4807 Leidensis
1166 4760 1316 4808 Voss·
1357 4757 1444 4808 37.
1483 4759 1530 4806 8
1556 4758 1672 4820 (V)
1704 4775 1840 4811 saec.
1881 4757 1960 4807 X:
2011 4759 2081 4821 cf.
2116 4759 2292 4822 praef.
2339 4775 2544 4824 qramm-
2588 4776 2635 4811 v.
2678 4760 2693 4807 l
2731 4776 2783 4823 p.
2820 4757 2986 4807 xxm

398 4822 445 4885 f.
471 4823 575 4874 67*
617 4839 680 4873 ns
719 4841 1042 4876 somnolento.
1085 4826 1431 4878 Soloecismus
1468 4828 1590 4891 quid
1630 4837 1708 4877 est
1745 4857 1809 4864 —
1842 4829 1887 4892 f.
1919 4828 1987 4879 (58
2023 4829 2392 4880 immutatione.
2434 4831 2713 4878 adiectione
2750 4830 2986 4894 quatinus
