3541 5564
1605 382 1747 445 ARS
2827 375 2951 443 491

381 569 523 656 ipse
590 568 1001 654 Augustinus
1067 576 1328 632 retract.
1384 567 1420 632 I
1474 567 1546 649 6,
1591 589 1717 648 per
1770 573 1927 631 idem
1980 577 2234 647 tempus,
2294 588 2414 645 quo
2469 571 2811 630 Mediolani
2852 568 2962 641 fui

382 676 735 752 baptismum
775 680 1202 752 percepturus,
1250 676 1431 735 etiam
1476 675 1939 750 disciplinarum
1982 673 2167 733 libros
2209 679 2462 734 conatus
2502 689 2630 733 sum
2671 672 2955 748 seribere,

383 780 771 853 interroqans
822 795 924 838 eos
978 779 1087 852 qui
1134 793 1363 837 mecum
1419 781 1597 835 erant
1649 782 1832 851 atque
1886 777 1962 836 ab
2005 776 2183 836 huius
2225 776 2390 836 modi
2425 777 2638 836 studiis
2681 791 2799 835 non
2843 775 2960 834 ab-

380 881 727 955 horrebant,
768 897 889 956 per
931 881 1280 956 corporalia
1322 880 1569 955 cupiens
1611 878 1697 936 ad
1738 880 2155 953 incorporalia
2199 878 2550 953 quibusdam
2595 879 2775 953 quasi
2801 893 2961 955 pas-

380 984 541 1044 sibus
592 985 775 1045 certis
832 984 925 1043 vel
969 984 1296 1058 pervenire
1349 983 1443 1041 vel
1496 982 1737 1042 ducere.
1811 982 1923 1041 sed
1963 996 2169 1041 eorum
2211 983 2401 1040 solum
2444 982 2521 1041 de
2557 982 2962 1054 yrammatica

378 1087 596 1146 librum
640 1087 949 1146 absolvere
978 1088 1186 1161 potui,
1251 1101 1422 1159 quem
1476 1091 1688 1160 postea
1745 1084 1823 1143 de
1876 1084 2151 1144 armario
2205 1090 2409 1144 nostro
2442 1084 2726 1160 perdidi,
2784 1089 2843 1142 et
2887 1084 2962 1142 de

382 1192 611 1251 musica
661 1205 773 1249 sex
825 1189 1159 1262 volumina,
1218 1193 1504 1262 quantum
1559 1188 1774 1246 attinet
1827 1186 1916 1245 ad
1974 1202 2108 1246 eam
2168 1192 2410 1261 partem
2465 1202 2624 1261 quae
2691 1185 2963 1261 rythmus

380 1298 653 1352 vocatur.
725 1306 928 1373 quare
970 1307 1119 1350 cum
1163 1294 1230 1349 et
1269 1284 1440 1349 hunc
1485 1283 1566 1349 de
1609 1293 1748 1349 arte
1793 1283 2222 1369 grammatica
2262 1283 2502 1349 librum
2533 1292 2599 1348 et
2638 1284 2965 1370 principia

382 1386 764 1453 dialecticae
807 1397 873 1453 et
914 1386 1281 1453 rhetoricae
1335 1387 1419 1452 ab
1475 1387 1848 1471 Augustino
1907 1387 2149 1474 scripta
2204 1409 2349 1451 esse
2402 1396 2747 1471 negarent,
2805 1384 2964 1451 haec

383 1491 600 1555 omnia
641 1490 812 1554 inter
856 1511 1056 1575 opera
1100 1487 1286 1552 ‘olim
1330 1488 1458 1575 ipsi
1487 1510 1830 1576 perperam
1863 1488 2231 1574 adscripta'
2277 1489 2345 1553 in
2387 1487 2750 1575 appendice
2804 1487 2965 1553 tomi

382 1592 574 1679 primi
626 1616 691 1678 p.
736 1591 862 1657 599
920 1614 1061 1678 sqq.
1121 1591 1579 1658 exhibuerunt.
1666 1600 2013 1678 postquam
2076 1613 2233 1657 vero
2300 1613 2510 1656 novus
2578 1600 2643 1655 et
2706 1590 2790 1655 ab
2853 1588 2964 1655 illo

380 1693 573 1782 plane
617 1694 916 1759 diversus
963 1691 1046 1757 de
1091 1703 1230 1758 arte
1275 1694 1703 1778 grammatica
1730 1692 1899 1758 liber
1928 1694 2233 1758 inventus
2266 1704 2393 1774 est,
2440 1691 2554 1757 illo
2598 1692 2965 1779 antiquiore

381 1796 512 1861 iam
576 1794 775 1882 vulgo
841 1797 1013 1859 inter
1079 1796 1417 1882 supposita
1480 1796 1752 1877 reiecto,
1832 1795 2008 1859 hunc
2070 1817 2188 1882 pro
2260 1797 2541 1879 genuino
2606 1794 2965 1880 Augustini

382 1897 695 1984 opusculo
757 1897 1001 1963 habere
1067 1919 1196 1962 non
1253 1896 1585 1963 dubitavit
1646 1897 1894 1978 Maius,
1961 1898 2260 1985 quamvis
2316 1897 2402 1963 ab
2453 1898 2537 1961 iis
2595 1919 2765 1984 quae
2821 1897 2962 1983 ipse

384 2001 789 2084 Augustinus
839 1999 919 2064 de
964 1999 1197 2065 studiis
1244 2001 1376 2065 suis
1421 2000 1864 2085 grammaticis
1894 2001 1964 2064 in
2003 1998 2169 2065 libro
2200 2002 2733 2065 retractationum
2778 2022 2963 2087 prae-

382 2102 559 2167 dicat
602 2124 733 2167 non
791 2101 1004 2166 minus
1061 2100 1312 2166 alienus
1369 2104 1470 2167 sit.
1562 2104 1815 2166 saniore
1872 2102 2112 2168 iudicio
2156 2125 2313 2168 usus
2359 2102 2469 2167 W.
2517 2101 2848 2167 Crecelius
2894 2103 2964 2166 in

381 2203 666 2288 August.
722 2204 802 2267 de
858 2202 1117 2269 dialect.
1178 2202 1624 2288 (Elberfeldae
1670 2226 1729 2268 a.
1779 2204 1970 2284 1857)
2016 2227 2082 2291 p.
2126 2206 2166 2270 3
2222 2206 2553 2292 epitomen
2605 2203 2775 2268 hanc
2818 2224 2962 2268 esse

381 2306 667 2389 censuit,
727 2328 921 2391 quam
976 2304 1408 2371 Cassiodorus
1467 2328 1508 2369 a
1562 2328 1634 2369 86
1688 2307 2053 2371 confectam
2108 2328 2250 2370 esse
2308 2306 2553 2371 diceret
2598 2304 2681 2371 de
2726 2316 2850 2371 art.
2897 2316 2963 2371 et

382 2406 633 2495 discipl.
689 2429 745 2471 c.
797 2410 862 2487 1,
906 2413 1016 2473 sed
1054 2419 1112 2472 et
1153 2419 1421 2474 sanctum
1468 2413 1864 2487 Auyustinum
1907 2419 2171 2489 propter
2210 2415 2647 2490 simplicitatem
2683 2411 2960 2485 fratrum

379 2516 639 2575 breviter
679 2516 1094 2576 instruendam
1140 2517 1349 2590 aliqua
1395 2515 1470 2574 de
1511 2516 1716 2575 eodem
1758 2517 1931 2575 titulo
1960 2510 2072 2595 (de
2117 2521 2257 2576 arte
2299 2511 2750 2596 grammatica)
2796 2517 2962 2575 scri-'-

371 2620 564 2693 psisse
606 2619 968 2693 reperimus,
1031 2633 1189 2692 quae
1241 2618 1403 2678 vobis
1444 2619 1780 2677 lectitanda
1824 2620 2200 2692 reliquimus,
2249 2635 2326 2677 ne
2363 2620 2513 2693 quid
2551 2619 2803 2679 rudibus
2847 2620 2959 2677 de-

378 2736 505 2780 esse
546 2720 856 2795 videatur,
916 2722 1024 2795 qui
1077 2721 1161 2779 ad
1214 2725 1421 2779 tantae
1474 2722 1757 2780 scientiae
1810 2721 2075 2780 culmina
2122 2728 2602 2798 praeparantur.
2680 2715 2959 2803 denique

380 2817 705 2884 Weberus
762 2840 828 2904 p.
871 2819 916 2882 4
969 2817 1458 2904 inscriptionem
1511 2817 1697 2901 libri,
1755 2828 1961 2883 artem
2016 2840 2133 2904 pro
2188 2818 2470 2884 fratrum
2512 2819 2959 2884 mediocritate

378 2919 776 3000 breviatam,
823 2921 917 2984 ita
961 2921 1422 3005 interpretatus
1470 2930 1598 3004 est,
1654 2929 1729 2985 ut
1784 2942 1862 2984 ea
1904 2942 2071 3006 quae
2115 2922 2527 3006 Augustinus
2573 2922 2820 3007 scripta
2863 2943 2959 2986 re-

381 3021 681 3107 liquisset
723 3030 876 3107 post
919 3032 1195 3087 mortem
1240 3022 1377 3087 eius
1423 3021 1492 3084 in
1534 3045 1728 3087 usum
1773 3021 2052 3086 fratrum
2081 3020 2653 3088 Benedictinorum
2695 3023 2765 3086 in
2807 3046 2959 3089 con—

379 3122 689 3209 pendium
743 3122 1008 3187 redacta
1060 3145 1204 3188 esse
1261 3124 1525 3189 diceret.
1617 3144 1698 3189 ex
1753 3124 2036 3207 genuino
2092 3134 2310 3190 autem
2367 3125 2725 3210 Augustini
2789 3124 2958 3190 libro

378 3224 548 3289 hanc
591 3234 799 3289 artem
842 3234 1168 3311 sumptam
1223 3247 1368 3290 esse
1421 3226 1812 3314 conprobari
1869 3227 2080 3292 voluit
2121 3227 2357 3314 punico
2401 3225 2719 3293 vocabulo
2765 3232 2961 3292 deitas

380 3326 446 3390 in
502 3336 785 3391 tractatu
838 3326 919 3389 de
975 3326 1383 3393 barbarismo
1438 3329 1680 3414 posito,
1739 3350 1867 3416 quo
1923 3338 2073 3394 ante
2129 3351 2278 3393 eum
2320 3352 2478 3393 usus
2537 3337 2679 3393 erat
2720 3328 2956 3410 Maius,

379 3437 453 3492 ut
493 3427 617 3493 hoc
660 3437 992 3514 tamquam
1034 3428 1389 3494 certissimo
1435 3441 1817 3515 argumento
1864 3431 2311 3516 Augustinum
2355 3454 2500 3497 esse
2541 3429 2693 3494 libri
2738 3441 2956 3497 aucto·

381 3551 518 3594 rem
564 3528 1057 3596 demonstraret.
1115 3553 1267 3614 noe,
1315 3554 1480 3616 quae
1523 3542 1744 3618 partes
1775 3532 1844 3596 in
1873 3532 1973 3597 his
2019 3531 2206 3598 libris
2252 3533 2626 3618 Augustino
2668 3533 2956 3599 tribuen-

381 3631 506 3696 dae
550 3630 710 3711 sint,
767 3654 898 3696 non
953 3632 1215 3719 copiose
1270 3632 1772 3720 disputabimus.
1860 3634 1976 3698 sed
2029 3634 2159 3699 fide
2203 3633 2517 3701 librorum
2561 3657 2758 3700 manu
2802 3636 2957 3700 scri-

382 3743 669 3820 ptorum,
738 3754 1009 3819 quorum
1072 3723 1528 3822 inscriptiones
1595 3757 1798 3822 supra
1861 3737 2112 3822 positae
2186 3747 2366 3818 sunt,
2438 3735 2603 3803 illud
2676 3748 2955 3820 constat,

377 3845 724 3922 utrumque
765 3833 1005 3900 librum
1020 3885 1040 3919 ,
1095 3837 1397 3923 quamvis
1452 3837 1522 3902 in
1576 3838 1807 3903 eodem
1861 3849 2241 3922 argumento
2286 3849 2611 3922 versetur,
2658 3849 2876 3905 tamen
2920 3862 2960 3903 a

378 3938 846 4026 posterioribus
892 3939 1331 4023 grammaticis
1375 3941 1489 4004 uni
1530 3941 1902 4026 Augustino
1957 3940 2275 4006 tributum
2337 3963 2503 4006 esse.
2590 3964 2743 4006 nam
2787 3941 2960 4006 sicut

379 4063 420 4106 a
460 4042 723 4107 Donato
787 4039 1054 4126 eiusque
1109 4041 1573 4128 interpretibus
1630 4064 1709 4107 ea
1761 4063 1915 4127 pars
1971 4063 2139 4128 quae
2183 4052 2284 4106 est
2339 4041 2422 4106 de
2467 4052 2612 4109 octo
2657 4044 2957 4130 partibus

379 4143 691 4208 orationis
735 4142 838 4207 bis
885 4152 1169 4207 tractata
1212 4151 1341 4225 est,
1387 4144 1484 4208 ita
1527 4164 1613 4207 ex
1653 4143 1757 4208 his
1789 4143 2147 4228 Augustini
2191 4141 2377 4209 libris
2422 4147 2535 4232 qui
2578 4145 2960 4211 ferebantur

381 4244 656 4311 alterum
698 4243 951 4331 primae
995 4242 1298 4311 editionis
1341 4244 1558 4310 locum
1601 4244 1896 4311 obtinere
1925 4245 2273 4311 voluerunt
2301 4248 2710 4332 grammatici
2754 4268 2959 4334 eaque

383 4346 464 4413 de
528 4369 729 4413 causa
791 4370 909 4434 pro
973 4345 1422 4412 mediocritate
1486 4345 1764 4412 fratrum
1834 4345 2203 4412 breviatum
2270 4348 2603 4432 dicebant,
2678 4347 2959 4414 alterum

383 4451 569 4537 quasi
613 4448 1061 4532 eruditiorem,
1106 4459 1457 4537 propterea
1498 4447 1673 4536 quod
1725 4447 2147 4535 amplioribus
2204 4449 2569 4536 praeceptis
2623 4458 2689 4513 et
2745 4473 2959 4515 exem-

383 4550 508 4637 plis
572 4550 745 4616 illius
811 4552 1194 4616 tenuitatem
1259 4550 1621 4639 suppleret,
1686 4548 2059 4635 regularum
2133 4551 2394 4615 nomine
2465 4551 2958 4638 inscripserunt.

384 4651 514 4716 iam
556 4674 712 4718 vero
755 4654 914 4741 quid
958 4676 1043 4718 ex
1083 4652 1253 4719 libro
1283 4652 1671 4739 Augustini,
1718 4673 1911 4738 quem
1953 4650 2064 4717 ille
2109 4650 2191 4718 de
2235 4653 2664 4738 grammatica
2706 4664 2847 4718 arte
2891 4675 2961 4718 se

386 4754 732 4841 scripsisse
776 4755 968 4839 dicit,
1016 4754 1100 4821 ad
1144 4755 1345 4822 libros
1390 4756 1460 4820 in
1501 4755 1670 4820 hanc
1713 4754 1991 4819 formam
2032 4753 2332 4820 redactos
2376 4765 2811 4841 propagatum
2854 4757 2961 4841 sit,

387 4853 516 4921 dici
562 4878 690 4923 non
732 4868 979 4945 potest,
1025 4857 1348 4945 siquidem
1389 4867 1618 4924 neuter
1671 4858 2115 4945 incorruptam
2158 4855 2334 4921 illius
2380 4879 2646 4922 manum
2689 4878 2847 4946 prae
2891 4879 2962 4923 se

2420 4961 2555 5027 32*
