3541 5564
1219 1330 1332 1423 lm
1384 1329 1673 1423 nvnns
1735 1328 2199 1423 Nomfflfflvs

590 1721 887 1800 Aegyptus
930 1724 1169 1799 generis
1215 1724 1518 1790 feminini,
1579 1730 1642 1782 ut
1689 1722 1869 1782 David
1918 1720 2035 1798 (pS.
2090 1717 2235 1790 104,
2283 1717 2396 1802 38)
2456 1721 2702 1782 ‘laetata
2749 1726 2840 1778 est
2885 1721 2996 1779 Ae-

422 1825 690 1902 gyptus'.

593 1926 742 1985 Aera
818 1927 1057 2003 generis
1129 1929 1325 1986 neutri
1404 1946 1440 1981 x·
1535 1935 1597 1987 nt
1671 1926 1954 2003 Virgilius
2030 1923 2135 2005 (Α.
2194 1922 2350 1984 VIIII
2417 1919 2571 2003 699)
2645 1928 2815 1983 ‘aera
2894 1941 2999 2002 per

370 2040 395 2078 5
424 2031 751 2087 tenerum’.

591 2129 809 2188 Arvum
874 2131 1116 2206 generis
1180 2132 1407 2198 neutri,
1479 2138 1539 2190 ut
1606 2130 1750 2190 illud
1820 2129 2093 2189 ‘incolite
2157 2132 2426 2196 arvum';
2496 2127 2807 2206 pluraliter
2863 2145 2997 2187 arva

423 2229 838 2310 ‘Galilaeaque
884 2235 1079 2291 arva’.

589 2334 768 2392 Amor
821 2335 1060 2410 generis
1116 2334 1462 2402 masculini,
1524 2342 1586 2393 ut
1643 2332 1933 2392 Iuvencus
1979 2331 2035 2411 (I
2079 2328 2225 2414 512)
2273 2333 2575 2392 ‘fraterno
2620 2331 2857 2390 demum
2904 2349 2996 2390 re-

419 2434 767 2494 conciliatus
810 2437 1067 2495 amore'.

347 2548 392 2586 ¹0
590 2536 802 2597 Aestus
846 2536 917 2595 de
966 2538 1352 2598 inundatione
1409 2538 1645 2616 generis
1701 2537 2043 2606 masculini,
2102 2545 2162 2597 ut
2202 2536 2485 2614 Virgilius
2532 2533 2626 2614 (A.
2675 2533 2804 2594 VIII
2850 2530 2994 2612 674)

416 2641 798 2718 ‘aestumque
844 2638 1183 2700 secabant’.
1274 2658 1407 2700 nam
1455 2640 1526 2700 de
1586 2646 1807 2700 aestate
1854 2638 2317 2717 intellegendum
2362 2637 2516 2717 quod
2564 2637 2852 2697 leminino
2895 2654 2995 2714 ge-

418 2759 560 2800 nere
607 2741 842 2801 dicitur.

586 2843 764 2902 Artus
819 2844 1180 2921 singularem
1236 2863 1548 2904 numerum
1606 2862 1720 2904 non
1766 2843 1975 2911 habet,
2034 2844 2135 2904 sed
2183 2844 2494 2923 pluraliter
2540 2842 2851 2903 masculini
2894 2859 2994 2918 ge-

420 2946 612 3013 neriS,
662 2951 726 3003 ut
774 2944 1060 3004 Iuvencus
1107 2945 1153 3024 (1
1196 2942 1341 3025 623)
1391 2944 1818 3025 ‘splendebant
1863 2947 2128 3023 corporis
2173 2949 2395 3006 artus’.

347 3057 394 3095 15
589 3045 744 3123 Ager
801 3049 1039 3125 generis
1095 3048 1436 3116 masculini,
1494 3055 1558 3107 ut
1616 3048 1891 3108 dominus
1948 3049 2007 3106 in
2064 3048 2368 3125 evangelio
2427 3045 2676 3127 (Mutela.
2728 3043 2834 3114 13,
2881 3041 2995 3125 38)

423 3151 600 3223 ‘ager
648 3148 743 3207 bie
788 3149 1043 3208 mundus
1088 3151 1232 3210 est'.

589 3248 784 3310 Arbor
837 3253 1075 3327 generIS
1130 3253 1434 3321 feminini,
1492 3259 1557 3311 ut
1602 3251 1884 3311 Paulinus
1939 3251 2091 3312 ‘erit
2136 3258 2201 3310 ut
2244 3250 2420 3310 arbor
2474 3268 2623 3329 quae
2670 3250 2999 3330 propinqua

421 3350 710 3411 flumini'.
773 3351 1025 3431 ideoque
1072 3370 1278 3412 omnes
1322 3353 1568 3413 arbores
1613 3362 1729 3413 tam
1776 3355 1839 3412 in
1885 3355 2128 3433 proprio
2173 3371 2345 3432 quam
2392 3353 2451 3412 in
2497 3351 2849 3430 appellativo
2895 3369 2996 3410 no·

420 3454 576 3512 mine
635 3454 917 3514 semInino
971 3472 1192 3531 genere
1252 3463 1387 3515 sunt
1443 3455 1758 3514 vocandae.
1849 3455 1950 3514 sed
2008 3456 2121 3515 hoc
2178 3453 2414 3532 plenius
2470 3454 2529 3511 iu
2587 3452 2994 3531 sequentibus,

343 3564 396 3604 20
423 3572 557 3614 cum
604 3555 674 3614 de
720 3555 1038 3616 arboribus
1082 3559 1322 3636 proprie
1369 3557 1716 3623 scribimus,
1765 3557 2159 3617 declaramus.

588 3745 654 3801 M
696 3747 883 3803 codex
927 3746 1299 3803 Monacensis
1345 3746 1549 3803 14252
1596 3747 1994 3803 Emmeramus
2038 3744 2158 3802 252

602 3830 651 3886 V
690 3833 877 3887 codex
937 3832 1378 3892 Vindobonensis
1421 3832 1500 3889 89
1546 3836 1702 3888 initio
1747 3835 1979 3889 mutilus

586 3914 632 3969 L
670 3918 876 3985 ‚codex
931 3916 1331 3973 Laudunensis
1385 3916 1538 3983 463,
1595 3921 1653 3973 in
1713 3936 1824 3990 quo
1882 3918 2147 3987 exempla
2201 3919 2549 3987 scriptorum
2586 3922 2721 3987 post
2766 3935 2813 3972 v.
2862 3931 2995 3988 opes

417 4004 625 4056 omissa
671 4005 806 4056 sunt

554 4203 586 4251 4
623 4217 743 4251 aera
775 4203 909 4255 Non.
948 4200 1047 4253 193
1187 4201 1222 4251 6
1256 4216 1431 4250 arvum
1469 4203 1599 4251 Non.
1642 4200 1740 4252 192
1883 4202 1948 4252 14
1983 4210 2122 4250 artus
2157 4200 2291 4251 Non.
2331 4200 2425 4250 191
2465 4200 2616 4249 Char.
2640 4201 2728 4259 45,
2764 4199 2799 4249 6

558 4394 583 4442 1
619 4407 750 4442 meir
793 4389 990 4441 ''nueus
1023 4404 1087 4438 nn
1129 4388 1434 4441 ’'nommssus
1465 4403 1605 4440 cutus
1644 4402 1866 4438 cunutus
1894 4402 2004 4438 stur
2037 4388 2102 4437 M
2200 4391 2231 4438 2
2271 4387 2450 4456 David]
2492 4388 2593 4438 d'd'
2624 4386 2692 4436 M
2786 4389 2820 4437 4
2862 4389 2995 4437 Aara

414 4463 481 4512 L.
518 4465 700 4510 lacuna
734 4478 878 4528 qnam
916 4460 1131 4510 indicavi
1163 4462 1437 4522 exemplum
1467 4460 1672 4510 nominis
1704 4473 1823 4508 aera
1850 4460 2123 4523 pluraliter
2156 4465 2332 4508 neutro
2368 4473 2554 4522 yenere
2588 4458 2711 4506 dicti
2743 4457 2997 4507 excidisse

417 4531 612 4580 videtur
785 4533 819 4581 6
855 4533 1046 4580 Aurum
1087 4545 1205 4597 geu.
1249 4546 1363 4580 ueu.
1419 4537 1472 4578 ut
1511 4529 1635 4578 illud
1684 4528 1914 4577 incolites
1960 4529 2152 4578 Arnum
2190 4543 2313 4595 gen.
2352 4543 2466 4582 neu.
2510 4537 2565 4578 nt
2602 4527 2729 4576 illud
2767 4526 2994 4576 incolites

418 4615 596 4649 aruum
629 4601 754 4650 ML
898 4603 927 4650 7
967 4597 1313 4667 Galilaeaque]
1357 4598 1530 4654 Sedul.
1578 4599 1664 4648 llll
1707 4597 1806 4649 189
1845 4598 2069 4647 Galilaea
2106 4614 2196 4665 per
2232 4613 2354 4647 arva
2497 4600 2557 4650 11
2612 4596 2993 4664 intelligendum

417 4680 493 4718 est
525 4672 725 4734 qnando
763 4670 809 4719 L
975 4670 1038 4721 13
1088 4670 1258 4736 singl'i
1306 4684 1512 4719 numere
1551 4668 1715 4732 (eorr-
1754 4668 1865 4731 —ro)
1912 4684 2011 4717 non
2060 4668 2173 4717 bab'
2214 4667 2277 4716 M
2312 4668 2498 4733 siuguli
2549 4669 2596 4715 in
2638 4681 2849 4716 numero
2889 4682 2984 4716 non

418 4738 567 4789 babet
595 4740 642 4788 L
750 4741 812 4791 17
851 4740 1058 4790 Paulini
1090 4741 1364 4805 est-emplum
1407 4754 1504 4789 non
1539 4741 1704 4789 inveni
1826 4736 1888 4788 18
1926 4739 2130 4788 flumine
2168 4739 2233 4789 M
2247 4740 2290 4787 L
2410 4738 2474 4789 19
2508 4738 2604 4786 boc
2640 4753 2732 4790 om.
2768 4736 2889 4788 ML

417 4810 468 4857 in
497 4810 726 4873 sequeus
764 4811 827 4860 M
857 4812 907 4860 in
948 4811 1179 4874 sequenti
1221 4812 1263 4858 l,
1403 4809 1471 4857 20
1506 4809 1713 4874 propria
1745 4807 1868 4857 ML

2452 4890 2587 4955 37*
