3541 5564
1104 397 1508 460 EXCERPTA
1553 356 1957 458 ΒοΒιὲΝειΑ
2001 394 2103 457 34.
2149 393 2232 457 35
2834 392 2954 456 647

2591 516 2632 555 p.
2662 504 2748 544 165.
2777 505 2827 542 ac
2858 501 2907 540 v.

382 586 578 665 places
624 586 816 665 placet
861 585 1161 664 placemus
1208 585 1455 664 placetis
1500 585 1761 663 placent,
1812 591 1870 643 et
1916 583 2287 663 inpersonale
2319 583 2508 662 accipi
2554 590 2767 661 potest,
2816 584 2960 642 item

383 697 444 749 ut
489 689 793 767 superiuS,
841 706 981 747 casu
1026 687 1227 747 addito
1273 685 1362 745 vel
1409 686 1692 747 detracto.
1787 705 1921 746 nam
1967 686 2213 765 ‘placeo
2259 692 2485 745 amator
2531 687 2788 753 amicae,
2837 683 2958 762 pla-

381 808 481 849 ces
525 790 717 868 placet
762 797 823 849 et
864 788 1167 867 placemus
1210 789 1458 866 placetis
1503 788 1740 867 placent
1785 794 2077 847 amatores
2123 788 2373 847 amicae’
2422 785 2587 845 verbi
2636 793 2725 846 est
2765 786 2958 863 legiti-

382 911 474 951 ma
519 891 869 959 declinatio;
918 889 1179 968 eplacet'
1229 909 1367 949 vero
1414 890 1706 950 ‘scribere
1753 889 1955 966 legere
2004 888 2296 949 militare’
2344 889 2745 967 inpersonalia
2791 895 2958 956 suut;

330 994 469 1052 esic
514 1000 573 1051 et
617 992 771 1070 apud
819 991 1075 1051 Graecos
1119 983 1382 1071 ἀρέσκω
1428 984 1730 1069 ἄρίσκεις
1775 983 2042 1068 ἀρέσκει
2086 982 2355 1068 ἅρχων,
2419 984 2530 1048 καὶ
2586 989 2960 1069 πληθυντι-

384 1094 516 1165 κῶς
571 1088 942 1172 ἀρέσκομεν
998 1085 1313 1170 ἀρέσκετε
1368 1085 1775 1173 ἀρέσκουσιν
1833 1085 2183 1169 ἄρχοντες,
2255 1084 2422 1170 αὕτη
2479 1087 2605 1171 μὲν
2659 1086 2961 1171 συνήθης

371 1194 503 1259 ,τοῦ
548 1190 836 1275 ῥήματος
879 1193 1128 1271 κλίσις,
1174 1187 1443 1272 ἀρέσκει
1489 1189 1562 1254 δὲ
1607 1187 2101 1271 ἀναγινώσκειν
2147 1187 2636 1270 στρατεύεσθαι
2683 1192 2961 1271 φιλοσο-

390 1303 549 1375 φεῖν
593 1289 1013 1375 ἀπροσώπώς
1069 1295 1387 1357 κλίνεται.
1479 1298 1770 1375 contingit
1823 1313 2056 1374 quoque
2114 1302 2307 1373 potest
2362 1303 2421 1355 et
2465 1314 2537 1355 ex
2583 1297 2813 1372 integra
2859 1295 2958 1354 de-

385 1400 703 1459 clinatione
750 1399 985 1465 venire,

314 1520 360 1557 10
691 1500 999 1560 scilicet
1047 1507 1122 1559 nt
1167 1499 1415 1560 Turno
1461 1502 1852 1577 contingat
1897 1501 2103 1576 regia
2148 1501 2503 1569 coniunx,

385 1609 578 1680 potest
623 1611 683 1662 et
728 1602 1099 1681 inpersonale
1146 1620 1296 1663 esse.
1388 1605 1436 1661 si
1483 1605 1644 1662 enim
1690 1602 1916 1663 dixeris
1975 1602 2290 1680 ‘contingo
2337 1602 2629 1678 contingis
2674 1603 2964 1678 contingit.

391 1705 563 1764 iudex
624 1706 883 1765 civitati'
943 1724 1009 1764 ac
1065 1704 1372 1784 pluraliter
1429 1705 1863 1781 ‘contingimus
1918 1706 2264 1781 contingitis
2321 1705 2672 1780 contingunt
2739 1703 2964 1763 iudices

386 1808 671 1875 civitati’,
718 1807 889 1885 plena
936 1806 1252 1867 declinatio
1298 1806 1500 1875 verbi;
1549 1809 1598 1866 si
1646 1825 1784 1866 vero
1830 1806 2156 1883 ‘contingit
2200 1807 2542 1866 interfuisse
2587 1805 2963 1885 spectaculi&

388 1911 779 1988 supervenire
825 1908 1231 1977 cenantibus'‚
1283 1908 1437 1969 nulla
1485 1909 1578 1967 hic
1627 1908 2032 1985 intellegentia
2064 1916 2260 1968 certae
2293 1927 2600 1987 personae.
2664 1926 2772 1967 nec
2804 1910 2961 1968 enim

313 2026 363 2066 ιε
391 2010 462 2070 ad
510 2013 748 2070 tertiam
798 2008 805 2092 Ι
854 2029 1197 2089 personam,
1245 2011 1400 2089 quod
1450 2014 1639 2089 prima
1683 2011 1836 2070 facie
1869 2012 2157 2078 occurrit,
2206 2010 2514 2087 (lingitur,
2561 2010 2664 2070 scd
2708 2029 2805 2070 res
2838 2013 2966 2089 ipsa

394 2120 621 2172 tantum
668 2113 1004 2173 ostenditur
1036 2112 1344 2172 accidisse.
1407 2112 1686 2172 similiter
1732 2119 1793 2171 et
1824 2112 2067 2181 Graeci,
2120 2107 2581 2190 ἐπιτέτευγμαι
2629 2108 2966 2196 ἐπιτέτευ-

389 2210 494 2286 ξαι
537 2210 991 2275 ε’πιτέτευκται
1047 2207 1275 2291 ἅρχων
1331 2214 1411 2293 τῇ
1455 2207 1682 2288 πόλει,
1746 2210 1858 2273 καὶ
1914 2212 2388 2292 πληθυντικῶς
2445 2207 2966 2293 ἐπιτετεύγμεθα

392 2312 818 2394 ἐπιτέτευχθε
867 2302 1402 2394 ἐπιτετευγμένοι
1446 2311 1618 2375 εἰσὶν
1648 2308 1967 2393 ἄρχοντες
2010 2314 2088 2395 τῇ
2121 2308 2308 2374 πόλει
2353 2309 2519 2374 κατὰ
2562 2308 2685 2394 τὴν
2732 2312 2968 2393 ἐντελῆ

390 2417 648 2497 λέγεται
695 2415 946 2477 κλίσιν·
1008 2410 1261 2495 συνέβη
1307 2412 1381 2478 δὲ
1427 2423 1879 2498 συμπαρεῖναι
1921 2416 2005 2496 τῇ
2047 2412 2202 2497 θέᾳ,
2251 2412 2599 2496 ἐπιστῆναι
2644 2414 2966 2477 δειπνοῦ-

314 2537 364 2575 20
392 2524 525 2599 σιν,
570 2516 615 2601 ἢ
645 2515 850 2580 πάλιν
881 2514 1135 2598 συνέβη
1179 2512 1476 2599 ταραχὴν
1519 2519 1948 2599 γεγενῆσθαι,
1995 2514 2290 2598 πόλεμον
2338 2510 2722 2597 ἑγηγέρθαι,
2769 2512 2967 2579 οὐδε-

390 2623 507 2703 μία
564 2617 947 2702 προσώπων
991 2614 1034 2701 ἢ
1079 2613 1391 2701 ἀριθμῶν
1444 2620 1729 2702 ἔμφασις
1784 2612 2209 2701 ὡρισμένων·
2286 2614 2368 2679 οὐ
2424 2613 2551 2698 γὰρ
2600 2617 2694 2692 είς
2737 2620 2965 2699 τρίτον

391 2722 792 2803 πρόσωπον,
850 2717 1021 2802 ἅπερ
1078 2716 1164 2782 ἅν
1207 2743 1340 2784 τινι
1384 2722 1467 2806 τῇ
1509 2720 1739 2806 πρώτῃ
1786 2718 2230 2803 ἀπαντήσειεν
2275 2716 2476 2803 ἀκοῇ,
2532 2716 2965 2803 ἀναφέρεται,

394 2820 484 2899 ὠς
515 2825 657 2906 ἔβη,
705 2827 820 2906 “πῆ’
854 2824 973 2905 ἔβη
1014 2820 1485 2907 Ἀνδρομάχη’,
1542 2820 1714 2887 ἀλλά
1759 2820 1835 2888 τό
1879 2819 2093 2906 μόνον
2138 2818 2631 2905 ἀποβεβηκέναι
2674 2820 2762 2887 τὰ
2795 2826 2968 2904 πρᾶ-

392 2948 525 3008 γμα
569 2925 932 2988 δείκνυται.
1023 2928 1159 2988 huic
1215 2928 1412 2988 simile
1468 2936 1559 2988 cst
1587 2931 1765 2990 iuvat.
1860 2948 1991 2989 nam
2037 2930 2085 2988 si
2135 2927 2343 2988 dixero
2388 2928 2558 2988 ‘iuvo
2606 2931 2767 2989 iuvas
2813 2931 2967 2989 iuvat

315 3045 368 3082 25
396 3030 651 3109 aliquem
697 3029 1091 3108 sumptibus'‚
1142 3034 1371 3108 integra
1418 3038 1474 3090 et
1519 3031 1691 3091 solita
1736 3030 2054 3091 declinatio
2086 3019 2283 3100 verbi;
2344 3033 2566 3090 sivero
2607 3033 2804 3091 ‘iuvat
2835 3051 2966 3111 spe-

394 3140 586 3197 ctare,
637 3134 795 3191 iuvat
842 3130 1062 3198 ludere,
1109 3133 1269 3200 iuvat
1299 3136 1553 3200 amare’‚
1602 3132 1758 3192 nulla
1806 3133 1901 3193 hic
1945 3134 2300 3209 significatio
2347 3136 2578 3193 numeri
2628 3132 2714 3190 vel
2763 3153 2965 3212 perso-

395 3254 532 3300 nae,
582 3241 643 3293 ut.
687 3231 985 3309 Vergilius
2425 3296 2433 3306 ,

1504 3338 1709 3396 iuvat
1753 3337 2086 3396 evasisse
2135 3345 2240 3396 tot
2285 3336 2507 3396 nrbes

698 3437 1087 3513 Argolicas
1134 3436 1561 3516 mediosque
1610 3441 1851 3514 sugam
1899 3441 2234 3506 tenuisse
2282 3458 2411 3517 per
2457 3440 2735 3508 hosteS,

316 3556 368 3594 30
394 3549 452 3600 et
496 3539 637 3600 alibi

701 3643 954 3701 l'orsan
1001 3649 1073 3700 et
1116 3641 1295 3701 haec
1340 3642 1516 3702 olim
1565 3644 1996 3702 meminisse.
2046 3642 2353 3703 iuvabit.

394 3745 551 3804 idem
597 3745 774 3804 etiam
817 3742 1028 3803 Graeci
1074 3744 1443 3804 custodiunt:
1493 3762 1625 3803 nam
1671 3738 1916 3824 ἥδομαι
1961 3737 2088 3826 ἤδη
2133 3738 2361 3825 ἥδεται
2405 3740 2445 3827 ἡ
2492 3736 2658 3806 κατὰ
2701 3744 2970 3826 προσώ-

394 3865 542 3906 πων
599 3841 711 3905 καὶ
766 3840 1070 3925 συνήθης
1123 3845 1366 3919 κλίσις,
1430 3839 1577 3924 ἤδει
1634 3842 1709 3908 δὲ
1775 3839 2011 3926 ἄρχειν
2067 3847 2471 3927 φιλοσοφεῖν
2536 3857 2861 3928 γεωργεῖν
2928 3843 2968 3929 ἡ

395 3941 798 4027 ἀπρόσωπος
842 3945 1146 4027 ἔμφασις.
1223 3950 1490 4026 paenitet
1534 3967 1767 4027 quoque
1814 3949 1925 4008 hoc
1972 3957 2060 4008 est
2104 3951 2260 4029 quod
2307 3951 2459 4031 apud
2508 3951 2642 4011 illos
2686 3948 2962 4032 μεταμέ-

318 4060 370 4098 35
397 4050 522 4126 λει,
568 4045 681 4110 καὶ
724 4049 862 4111 τών
906 4045 1254 4130 προτέρων
1297 4070 1410 4130 μοι
1455 4045 1806 4130 μεταμέλει
1849 4046 2263 4131 μηνιμάτων.
2326 4061 2559 4132 oportet
2588 4056 2765 4115 etiam
2813 4054 2967 4114 idem

395 4162 486 4212 est
529 4152 686 4232 quod
732 4172 763 4213 a
811 4153 1054 4214 Graecis
1100 4147 1225 4231 χρή
1270 4154 1394 4212 sive
1440 4148 1550 4212 δεῖ
1586 4153 2052 4232 inpersonaliter
2095 4153 2333 4223 dicitnr,
2382 4163 2614 4234 oportet
2657 4175 2965 4234 quaerere,

395 4263 627 4334 oportet
671 4254 921 4323 habere,
969 4262 1201 4332 oportet
1245 4262 1412 4333 parta
1443 4273 1710 4323 servare,
1759 4248 1883 4335 χρὴ
1926 4254 2348 4333 πορίζεσθαι,
2406 4251 2529 4336 χρὴ
2574 4255 2784 4337 ἔχειν,
2844 4252 2968 4337 χρὴ

395 4352 475 4418 τὰ
529 4351 944 4436 πορισθέντα
1002 4350 1392 4434 φυλάττειν.
1485 4355 1582 4416 illa
1639 4359 1754 4416 iam
1816 4360 2054 4437 propria
2111 4358 2485 4427 Latinorum,
2559 4359 2753 4420 taedet
2805 4362 2971 4438 piget

530 4615 562 4660 ὓ
595 4608 724 4679 μέν]
764 4629 841 4677 μη
878 4612 925 4661 Β
1062 4613 1095 4660 8
1130 4625 1362 4676 κηνεται
1404 4612 1616 4674 contigit
1638 4612 1689 4659 B
1826 4614 1856 4661 9
1891 4613 2098 4662 uenisse
2123 4612 2172 4660 B
2315 4615 2383 4678 10,
2407 4611 2617 4679 seilicet]
2653 4614 2807 4678 Very.
2845 4617 2972 4663 Aen.

396 4679 465 4728 Xl
492 4682 587 4729 371
732 4684 792 4730 19
825 4675 964 4745 θέᾳ]
993 4680 1081 4730 θα
1108 4680 1157 4728 Β
1294 4681 1358 4728 22
1393 4694 1682 4742 αναφεται
1708 4679 1758 4728 Β
1895 4683 1961 4731 23
1995 4679 2072 4745 πῇ
2099 4675 2220 4746 ἔβη]
2249 4681 2398 4734 Hom.
2429 4681 2492 4729 ll.
2524 4680 2565 4730 Z
2592 4685 2688 4732 377
2826 4684 2892 4733 25
2927 4697 2969 4729 et

396 4748 541 4796 solita
566 4751 648 4798 ed.
682 4749 834 4800 Vina.
913 4749 1078 4797 solida
1101 4747 1153 4796 B
1322 4749 1388 4796 28
1416 4750 1555 4796 iuuat
1589 4763 1828 4796 euasesse
1853 4748 1932 4797 B:
1977 4750 2132 4812 Ver-9.
2161 4753 2292 4798 Aen.
2323 4751 2387 4797 ΙΙΙ
2413 4751 2513 4799 282
2685 4753 2745 4801 31
2776 4747 2970 4816 forsan]

405 4817 559 4877 Ver-(1.
587 4819 708 4865 Aen.
736 4818 754 4864 1
781 4820 879 4866 203
1015 4819 1080 4866 32
1106 4830 1554 4877 καταπροσωπον
1581 4815 1629 4864 Β
1774 4820 1840 4867 33
1864 4807 1994 4881 ἤδει
2021 4818 2182 4866 Ianus
2205 4816 2324 4866 εδει
2351 4818 2400 4865 Β
2539 4821 2605 4869 35
2628 4834 2904 4883 προτερον
2928 4821 2977 4868 B

532 4886 594 4933 37
621 4881 785 4949 parta]
812 4901 930 4950 pera
953 4902 1093 4936 corr.
1119 4895 1259 4950 perta
1283 4883 1334 4932 B
