3541 5564
1630 311 1773 372 Ans
2871 306 2999 372 495

471 435 516 475 p.
547 424 620 463 177
645 421 703 461 Μ.
2726 431 2769 472 p.
2796 421 2846 458 24
2875 418 2946 457 W.

420 501 590 563 sendi
636 509 696 561 et
738 502 988 562 essendo
1034 507 1095 561 et
1138 502 1455 562 essentium
1499 508 1559 560 et
1601 518 1804 562 essens
1849 499 2165 568 dixerunt,
2225 519 2403 580 quem
2448 499 2521 560 ad
2563 500 2801 561 modum
2846 500 2992 560 scri-

422 587 601 651 bendi
644 587 961 648 scribendo
1005 585 1387 706 scribendum
1432 585 1728 705 scribensie
2140 664 2175 704 'k

1420 858 1517 919 DE
1564 857 1989 920 PARTICIPIO

470 957 510 997 p.
540 946 613 985 179
639 942 698 984 Μ.
2628 954 2673 996 p.
2700 943 2764 983 2⁷.
2791 943 2842 984 28
2868 944 2942 987 w.

588 1015 739 1075 Sunt
782 1014 1070 1094 quaedam
1115 1014 1431 1093 participia
1477 1013 1683 1073 eadem
1730 1022 1788 1074 et
1835 1017 2101 1084 nomina,
2151 1021 2215 1073 ut
2258 1014 2449 1074 cultus
2494 1021 2555 1073 ct
2598 1016 2848 1094 sapienS,
2898 1035 2991 1076 ra-

367 1127 394 1166 5
422 1103 577 1162 tione
636 1100 886 1161 diversa.
975 1119 1110 1160 nam
1175 1099 1368 1159 cultus
1424 1117 1566 1158 casu
1622 1101 1895 1176 genetivo
1953 1099 2351 1159 discernitur:
2399 1119 2431 1159 a
2470 1102 2786 1179 participio
2832 1104 2992 1162 enim

419 1188 597 1247 huius
649 1185 792 1246 culti
848 1186 1016 1252 facit,
1080 1187 1239 1246 venit
1291 1190 1489 1244 autem
1546 1202 1578 1242 a
1636 1182 1817 1243 verbo
1872 1184 2035 1245 color
2091 1184 2307 1244 coleris
2361 1185 2606 1256 colitur;
2663 1205 2695 1246 a
2755 1188 2991 1247 nomine

418 1279 614 1332 autem
658 1271 835 1331 huius
895 1270 1085 1330 cultus
1141 1270 1300 1330 facit.
1388 1269 1624 1347 sapiens
1678 1287 1820 1328 vero
1876 1269 2008 1330 ideo
2054 1272 2232 1330 etiam
2273 1289 2489 1331 nomen
2534 1271 2788 1348 dicitur,
2833 1271 2990 1351 quod

420 1358 637 1436 recipit
680 1358 1194 1435 conparationem:
1242 1356 1389 1416 facit
1432 1355 1591 1414 enim
1636 1355 1873 1433 sapiens
1917 1357 2243 1435 sapientior
2288 1356 2779 1435 sapientissimus,
2839 1376 2990 1436 quae

420 1444 569 1503 ratio
615 1442 756 1501 mihi
805 1460 922 1501 non
967 1440 1282 1501 admodum
1339 1439 1549 1518 placet.
1638 1457 1775 1500 nam
1832 1448 1892 1500 et
1944 1441 2256 1521 participia
2300 1441 2575 1501 videntur
2619 1444 2989 1521 conparatio-

344 1554 392 1591 ιο
420 1547 554 1587 nem
613 1527 912 1606 recipere,
970 1527 1018 1585 si
1078 1525 1358 1606 loquendi
1419 1524 1783 1584 consuetudo
1839 1529 2143 1604 permittat
2197 1525 2286 1585 vel
2331 1527 2603 1587 hortetur
2648 1529 2988 1596 auctoritas,

418 1612 521 1673 sed
579 1619 806 1673 tantum
862 1613 1171 1690 praeteriti
1228 1611 1541 1692 temporis:
1625 1628 1759 1670 nam
1819 1609 1934 1670 duo
1990 1612 2186 1671 futura
2245 1630 2362 1671 non
2431 1611 2768 1672 admittunt.
2858 1614 2993 1691 quis

418 1700 578 1758 enim
621 1716 737 1757 non
784 1696 959 1757 audet
1004 1696 1201 1756 dicere
1247 1697 1710 1765 armatissimuS,
1769 1695 1927 1774 quod
1973 1695 2202 1757 Tullius
2245 1697 2363 1756 ait?
2408 1715 2517 1757 nec
2563 1704 2758 1758 tamen
2803 1716 2993 1757 arma-

421 1785 611 1843 turior
657 1788 758 1842 aut
803 1781 1142 1841 armandior
1187 1780 1261 1841 ab
1308 1799 1377 1840 eo
1421 1779 1578 1860 quod
1624 1786 1715 1839 est
1759 1787 2096 1841 armaturus
2142 1788 2203 1841 et
2245 1781 2563 1842 armandus
2607 1781 2726 1843 dici
2771 1789 2990 1862 potest.

418 1867 574 1946 quod
623 1866 924 1950 fatendum
971 1875 1093 1934 est,
1140 1868 1358 1927 sicum
1391 1874 1661 1944 tempore
1709 1866 2078 1945 accipiantur
2121 1867 2465 1946 participia,
2514 1867 2757 1936 difficile
2788 1868 2991 1928 viden·

345 1976 392 2013 15
422 1960 517 2012 tur
561 1970 733 2031 posse
780 1954 1262 2031 conparationem
1306 1953 1597 2029 recipere.
1688 1969 1822 2010 nam
1870 1957 1930 2010 et
1975 1950 2118 2011 illud
2164 1951 2318 2030 quod
2365 1952 2588 2012 cultum
2633 1952 2856 2013 dictum
2901 1960 2993 2012 est

417 2039 560 2097 facit·
603 2036 817 2097 cultior
862 2044 921 2096 et
964 2037 1345 2097 cultissimus.
1436 2034 1538 2095 sed
1594 2037 1645 2094 si
1705 2034 1776 2096 ad
1835 2042 2067 2115 tempus
2123 2037 2510 2114 praeteritum
2566 2039 2823 2106 referas,
2871 2056 2989 2097 non

415 2124 579 2182 facit.
670 2121 864 2182 cultus
908 2123 1066 2181 enim
1114 2139 1254 2198 ager
1299 2139 1372 2180 ex
1417 2123 1548 2199 ipso
1592 2119 1800 2182 habitu
1847 2139 1954 2181 suo
1998 2120 2191 2181 cultus
2237 2128 2360 2190 est;
2422 2124 2470 2181 si
2517 2128 2711 2182 autem
2759 2129 2992 2201 tempus

416 2207 686 2268 attendas
740 2209 1158 2286 praeteritum,
1217 2207 1422 2284 utique
1468 2206 1697 2265 actione
1743 2205 2008 2266 cultoris,
2093 2206 2367 2266 accidunt
2421 2208 2757 2286 participiis
2812 2209 2989 2267 etiam

416 2295 667 2369 figurae,
715 2293 871 2352 sicut
914 2289 1137 2353 ceteris
1180 2290 1453 2371 partibus
1497 2292 1816 2360 orationis,
1876 2291 2157 2370 simplex,
2205 2297 2270 2351 ut
2314 2290 2613 2362 scribens,
2661 2290 2988 2371 conposita,

337 2400 388 2439 20
416 2385 480 2437 ut
524 2376 890 2437 describens,

1348 2527 1445 2588 DE
1492 2527 2052 2590 CONIVNCTIONE

581 2649 931 2709 Coniunctio
976 2656 1065 2707 est
1110 2665 1248 2726 pars
1292 2648 1580 2708 orationis
1625 2647 1945 2708 adnectens
1991 2648 2386 2728 ordinansque
2433 2651 2805 2709 sententiam.
2852 2669 2988 2710 con-

411 2736 703 2796 iunctioni
749 2734 968 2795 accidit
1009 2739 1293 2813 potestas'.
1353 2739 1612 2811 potestas
1657 2739 1748 2794 est
1791 2732 1882 2793 vel
1926 2751 2078 2813 quae
2125 2733 2360 2813 copulat
2407 2733 2614 2803 verba,
2663 2740 2728 2794 ut
2771 2741 2833 2795 et
2875 2754 2991 2814 que

413 2840 510 2890 ac;
557 2820 646 2880 vel
693 2819 1010 2897 disiungit,
1060 2826 1122 2878 ut
1166 2824 1267 2878 aut
1310 2818 1401 2878 vcl
1449 2837 1560 2878 nec
1604 2837 1832 2897 neque;
1891 2828 1991 2880 aut
2046 2819 2269 2898 explet,
2320 2827 2384 2880 ut
2426 2838 2671 2899 prorsus
2717 2820 2992 2881 videlicet

337 2928 385 2967 25
412 2905 637 2965 scilicet
679 2906 823 2984 quin
870 2907 1049 2964 etiam
1095 2910 1154 2962 et
1198 2904 1447 2973 similia;
1495 2910 1595 2964 aut
1638 2905 1809 2983 quasi
1854 2922 2090 2965 causam
2137 2904 2360 2973 reddit,
2422 2912 2490 2964 ut
2543 2924 2680 2965 nam
2735 2924 2989 2985 namque

414 2992 573 3050 enim
618 2988 1004 3068 quamobrem
1052 2990 1279 3067 itaque;
1328 2995 1428 3049 aut
1471 2990 1642 3068 quasi
1688 2990 2099 3059 ratiocinatur,
2147 2998 2212 3049 ut
2255 3008 2398 3066 ergo
2444 2992 2627 3067 igitur
2671 2999 2988 3070 propterea

414 3082 475 3144 et
517 3073 752 3136 similia.
813 3082 872 3134 et
914 3074 1049 3134 ideo
1093 3076 1312 3152 partim
1357 3074 1723 3153 copulativae
1769 3075 2081 3143 dicuntur,
2128 3077 2345 3154 partim
2392 3075 2804 3144 disiunctivae,
2853 3095 2986 3156 par-

413 3162 516 3220 tim
572 3159 928 3238 expletivae,
988 3161 1205 3238 partim
1262 3159 1559 3227 causales,
1616 3161 1832 3238 partim
1893 3160 2230 3220 rationales.
2320 3159 2423 3220 sed
2470 3159 2688 3221 multae
2747 3163 2987 3222 omnino

412 3246 859 3305 coniunctiones
903 3252 1068 3313 sunt,
1117 3243 1188 3303 de
1234 3243 1454 3323 quibus
1485 3244 1804 3321 diligenter
1848 3246 2223 3322 grammatici
2269 3244 2636 3315 deliberant,
2683 3264 2800 3325 quo
2845 3248 2987 3306 isto·

332 3352 385 3395 30
411 3349 543 3390 rum
588 3331 850 3408 quinque
898 3330 1202 3390 nominum
1246 3348 1345 3389 eas
1389 3337 1631 3399 vocent,
1689 3330 1781 3390 vel
1836 3337 2038 3391 utrum
2082 3330 2231 3391 aliae
2277 3329 2649 3391 differentiae
2696 3332 2817 3391 sint
2861 3330 2985 3391 adi·

409 3414 674 3476 ciendae.
762 3433 936 3494 quam
993 3414 1159 3474 litem
1210 3415 1349 3493 quia
1406 3421 1466 3473 et
1519 3413 1760 3492 longum
1818 3422 1879 3474 et
1932 3415 2174 3476 difficile
2233 3422 2324 3475 est
2386 3415 2645 3484 solvere,
2712 3415 2857 3475 illud
2914 3415 2986 3476 de

411 3498 929 3561 coniunctionibus
976 3496 981 3573 Ι
1033 3498 1210 3559 breve
1256 3506 1640 3579 praeceptum
1686 3501 1792 3568 sit,
1842 3506 1936 3570 ut,
1984 3518 2119 3559 cum
2164 3501 2418 3577 legimus
2462 3502 2624 3560 viros
2669 3499 2984 3562 locutionis

409 3587 758 3647 auctoritate
805 3584 1215 3661 dignissimOS,
1263 3584 1668 3654 advertamuS,
1727 3602 1844 3664 quo
1890 3604 2156 3664 quaeque
2202 3585 2330 3645 loco
2375 3591 2434 3645 et
2480 3588 2540 3646 in
2585 3603 2699 3664 qua
2745 3593 2982 3647 senten·

408 3673 488 3731 tia
545 3672 685 3750 poni
742 3669 953 3738 soleat,
1011 3676 1078 3729 ut
1142 3670 1570 3730 consuetudine
1637 3669 2026 3748 intellegendi
2093 3669 2245 3730 bene
2314 3669 2838 3731 coniunctionibus
2898 3673 2985 3731 uti

330 3779 382 3819 35
407 3758 721 3836 possimus,
811 3773 946 3814 nam
1003 3756 1193 3833 siquis
1248 3761 1522 3835 quaerat,
1581 3755 1722 3834 quid
1769 3756 1848 3814 sit
1892 3758 2102 3824 immo,
2151 3773 2267 3815 non
2312 3755 2483 3815 facile
2534 3755 2820 3825 dixerim,
2868 3775 2985 3835 quo

407 3841 579 3902 modo
626 3843 681 3900 ei
726 3839 817 3900 vel
862 3840 1109 3900 definire
1155 3840 1245 3900 vel
1291 3842 1674 3919 interpretari
1721 3840 1875 3900 hanc
1919 3842 2401 3901 coniunctionem
2445 3842 2762 3920 possimuS.
2846 3859 2982 3921 pro-

405 3926 653 3987 ferendo
698 3942 840 4002 ergo
884 3924 1099 3985 multas
1144 3928 1497 3995 sententiaS,
1545 3928 1607 3985 in
1652 3924 1872 4004 quihus
1915 3926 2102 4004 posita
2147 3932 2266 3995 est,
2314 3928 2468 3986 miro
2512 3926 2765 4005 quodam
2811 3926 2983 3986 modo

407 4011 548 4091 quid
596 4010 790 4070 valeat
831 4011 1201 4071 insinuamus
1245 4030 1380 4071 cum
1424 4010 1677 4090 quodam
1723 4013 1902 4070 etiam
1946 4016 2117 4087 gestu
2163 4011 2623 4089 pronuntiandi,
2671 4018 2738 4071 ut
2781 4019 2872 4071 est

707 4098 952 4164 immo,
999 4096 1133 4163 ait,
1181 4114 1215 4153 o
1261 4097 1490 4165 cives,
1539 4103 1844 4174 arrepto
1888 4102 2222 4174 tempore
2270 4095 2595 4165 TurnuS,

329 4204 380 4243 ιο
709 4182 957 4257 cogite
1004 4179 1406 4241 concilium

407 4273 469 4325 et

544 4455 575 4501 ὃ
602 4468 632 4500 a
670 4448 960 4517 participio]
1003 4459 1056 4499 ut
1086 4451 1350 4516 participio
1381 4453 1432 4501 B
1466 4461 1517 4500 ut
1544 4452 1869 4517 participium
1914 4455 1969 4503 V
2099 4450 2133 4503 6
2166 4466 2197 4499 a
2233 4452 2389 4501 uerbo
2421 4465 2639 4501 ueneror
2682 4450 2981 4514 (uenerandi

417 4521 493 4583 V)
529 4521 668 4571 color
695 4520 816 4571 BV
950 4521 984 4573 9
1021 4534 1136 4569 nam
1175 4521 1443 4585 participia
1481 4520 1607 4571 BV
1745 4520 1806 4573 10
1842 4518 2088 4587 hortetur]
2128 4528 2317 4571 artetur
2354 4520 2403 4569 B
2544 4521 2607 4570 12
2642 4518 2856 4587 Tullius]
2884 4538 2981 4586 pro

410 4589 557 4639 Caec.
597 4590 682 4649 21,
720 4591 784 4641 61
931 4591 994 4641 15
1031 4590 1165 4652 quod
1203 4589 1371 4640 cultus
1410 4591 1658 4641 Weber-us
1799 4593 1861 4643 17
1899 4608 1991 4642 suo
2026 4591 2129 4656 (est
2156 4591 2279 4640 add.
2324 4589 2398 4645 V)
2432 4588 2594 4638 cultus
2625 4600 2702 4640 est
2730 4600 2897 4641 autem
2936 4593 2979 4641 si

407 4658 469 4707 ad
508 4658 597 4719 (ad
630 4674 722 4711 om.
771 4662 846 4724 V)
877 4669 1075 4726 tempus
1113 4661 1226 4710 BV
1362 4659 1427 4712 18
1462 4662 1734 4725 praeterita
1768 4663 1826 4712 V
1851 4670 2109 4727 praeterea
2143 4660 2196 4709 B
2333 4658 2401 4710 23
2436 4660 2617 4709 accidit
2653 4668 2875 4725 potestas
2905 4671 2980 4711 est

409 4729 524 4778 BV
654 4728 723 4779 29
760 4730 1104 4780 deliberabant
1142 4730 1191 4779 B
1295 4730 1363 4779 32
1400 4738 1724 4795 praeceptum
1761 4732 1826 4781 sit
1863 4743 1916 4782 ut
1958 4731 2206 4782 Weberus
2241 4738 2565 4796 praeceptum
2604 4730 2734 4780 sieut
2773 4730 2879 4782 BV

407 4798 474 4849 33
501 4798 825 4848 aduertamus
856 4816 1055 4865 quoque
1092 4816 1224 4864 qnae
1259 4799 1368 4849 loca
1404 4799 1515 4848 BV
1640 4799 1708 4851 39
1740 4800 1892 4851 immo
1930 4799 2018 4868 ait]
2070 4802 2226 4866 Ver-q.
2269 4800 2398 4854 Aen.
2438 4799 2509 4848 XI
2546 4799 2650 4854 459
