3541 5564
309 1776 424 1829 446.
452 1778 516 1824 22

549 347 677 411 290
1687 347 1991 409 ΡΟΜΡΕΙΙ
2042 354 2047 363 ’

603 471 644 511 p.
671 458 850 497 432—34
880 455 922 495 1..
1704 471 1711 478 ·

551 536 794 597 latinum
841 544 960 607 est,
1010 555 1082 595 an
1132 538 1286 596 non?
1359 537 1466 595 ista
1524 536 1753 612 singula
1811 536 1991 597 latina
2036 543 2190 596 sunt.
2282 552 2466 612 quare
2528 553 2669 613 ergo
2712 537 2917 597 vitiosa
2961 537 3132 597 sunt?

549 640 829 717 quoniam
887 655 1007 699 non
1063 639 1386 717 respiciunt
1444 637 1835 698 elocutionem
1891 638 2329 716 interrogantis,
2430 639 2480 698 si
2510 655 2679 717 ‚ergo
2734 639 2936 699 vitiosa
2995 646 3134 699 sunt

547 739 699 815 ideo,
748 742 1030 820 quoniam
1060 758 1195 800 ,non
1239 740 1566 819 respiciunt
1611 739 2005 801 elocutionem
2050 741 2490 818 interrogantis,
2545 742 2659 800 iam
2705 740 2999 818 iungenda
3046 748 3133 801 est

546 844 654 903 ista
698 861 798 903 res
845 852 903 902 et
945 841 1043 902 illa
1091 861 1206 911 res,
1258 851 1320 901 ut
1365 843 1569 903 vitium
1615 841 1906 903 ostendat.
1984 844 2036 902 si
2078 843 2343 920 iungitur
2386 841 2484 902 illa
2530 860 2668 921 pars
2714 851 2772 902 et
2813 844 2925 903 ista
2972 860 3128 922 pars,

545 946 673 1003 sine
718 943 902 1006 dubio
947 946 1008 1004 in
1055 931 1358 1004 iunctione
1406 952 1493 1003 est
1538 945 1758 1025 vitium,
1807 962 1924 1004 non
1970 946 2030 1004 in
2076 943 2346 1022 singulis.
2404 944 2566 1022 quid,
2600 944 2834 1024 quando
2879 944 3130 1005 dicimus
3157 959 3183 996 5

546 1045 831 1124 quadriga
886 1065 1064 1126 scopa
1121 1045 1314 1110 scala?
1396 1045 1574 1115 dicit,
1624 1048 1997 1125 apertissime
2053 1047 2161 1107 ista
2222 1047 2360 1107 vitia
2416 1032 2771 1108 barbarismi
2826 1055 2990 1114 sunt,
3062 1065 3129 1106 ea

544 1148 793 1218 ratione,
841 1150 1121 1227 quoniam
1154 1147 1435 1226 quadriga
1468 1149 1709 1209 omnino
1742 1167 1861 1209 non
1894 1148 2128 1218 dicitur,
2164 1150 2267 1209 secl
2302 1148 2659 1226 quadrigae:
2707 1148 2859 1210 scala
2890 1150 3129 1208 omnino

546 1269 663 1309 non
709 1250 944 1319 dicitur,
991 1251 1098 1324 seq
1141 1250 1365 1318 scalae;
1411 1269 1590 1330 scopa
1636 1252 1876 1311 omnino
1924 1269 2042 1312 non
2089 1251 2332 1321 dicitur,
2380 1252 2483 1311 sed
2529 1270 2762 1330 scopae.
2855 1269 2997 1329 ergo
3043 1250 3129 1310 di·

545 1353 734 1411 ximus
778 1355 1053 1432 superius
1099 1355 1235 1433 quia
1282 1352 1436 1431 quod
1483 1370 1594 1431 per
1638 1360 1908 1413 naturam
1954 1371 2072 1413 non
2118 1353 2341 1414 dicitur
2364 1352 2763 1415 barbarismus
2808 1361 2923 1421 est;
2972 1352 3129 1433 quod

544 1461 742 1529 autem
786 1473 897 1533 per
943 1463 1216 1515 naturam
1262 1454 1507 1523 dicitur,
1570 1453 1675 1513 sed
1725 1455 1787 1514 in
1835 1453 2167 1516 elocutione
2224 1473 2341 1515 non
2387 1464 2530 1523 stat,
2589 1453 2972 1515 soloecismus
3018 1464 3125 1515 est.
3158 1470 3205 1508 ¹⁰

544 1572 688 1632 ergo
735 1574 868 1616 cum
914 1576 1023 1635 per
1068 1564 1338 1619 naturam
1382 1575 1558 1617 nemo
1610 1556 1766 1616 dicat
1820 1556 2068 1628 scalam,
2126 1576 2302 1618 nemo
2360 1557 2516 1618 dicat
2568 1557 2942 1637 quadrigam,
3000 1558 3127 1617 sine

544 1657 724 1717 dubio
773 1656 1128 1719 barbarismi
1172 1667 1325 1719 sunt.

710 1759 871 1839 Ergo
919 1780 1036 1840 quo
1082 1760 1259 1821 modo
1304 1762 1451 1821 fiunt
1504 1760 1876 1821 soloecismi?
1946 1769 2047 1822 aut
2101 1782 2210 1842 per
2261 1769 2461 1843 partes
2519 1763 2800 1823 orationis
2865 1772 2967 1823 aut
3020 1780 3130 1841 per

540 1862 868 1924 accidentia
913 1865 1168 1942 partium
1215 1864 1514 1924 orationis
1592 1869 1738 1942 quot
1780 1863 1971 1923 modis
2015 1865 2163 1924 fiunt
2204 1864 2577 1926 soloecismi?
2638 1862 2885 1925 duobus.
2957 1864 3124 1943 quasi

543 1963 550 2046 Ι
612 1965 908 2043 generalis
965 1971 1053 2025 est
1106 1966 1214 2025 ista
1276 1964 1497 2025 divisio.
1600 1966 1791 2044 prima
1848 1964 2053 2026 divisio
2107 1965 2596 2033 soloecismorum
2664 1968 2744 2026 ita
2800 1984 2864 2025 se
2928 1964 3123 2035 habet,
3156 1981 3203 2018 15

539 2067 690 2127 fiunt
733 2066 1066 2128 soloecismi
1112 2086 1219 2147 per
1263 2078 1463 2146 partes
1509 2069 1795 2127 orationis
1839 2077 1940 2128 aut
1981 2087 2089 2148 per
2135 2069 2461 2130 accidentia
2516 2070 2774 2148 partium
2819 2068 3122 2127 orationiS.

537 2187 647 2248 per
691 2178 893 2250 partes
939 2171 1222 2230 orationis
1266 2171 1413 2230 fiunt
1456 2168 1687 2229 duobus
1731 2169 1943 2240 modis,
1989 2172 2040 2230 si
2085 2179 2185 2232 aut
2227 2171 2409 2253 altera
2465 2190 2577 2250 pro
2621 2170 2806 2230 altera
2850 2177 3123 2249 ponatur,

539 2279 639 2330 aut
694 2272 818 2351 ipsa
878 2292 989 2351 pro
1045 2291 1110 2333 se
1165 2271 1320 2332 malo
1377 2271 1586 2332 ordine
1641 2280 1913 2352 ponatur.
2016 2271 2203 2334 altera
2257 2292 2365 2354 pro
2423 2272 2607 2333 altera
2675 2273 2945 2351 ponitur,
3009 2289 3124 2349 quo

538 2373 713 2433 modo
757 2376 808 2433 si
853 2373 1015 2434 dicas
1062 2380 1533 2453 ‘torvumque
1588 2381 1908 2453 repente
1963 2373 2266 2436 clamat'
2312 2394 2422 2455 pro
2469 2393 2540 2434 eo
2585 2374 2743 2452 quod
2790 2384 2881 2436 est
2924 2382 3120 2435 torve:

539 2493 679 2535 ecce
727 2483 958 2536 torvum
1003 2495 1221 2537 nomen
1269 2484 1377 2545 est,
1425 2483 1591 2562 torve
1636 2474 1979 2562 ad‘verbium
2011 2484 2127 2546 est;
2176 2479 2226 2538 si
2262 2486 2324 2537 tu
2368 2495 2555 2557 ponas
2600 2494 2816 2537 nomen
2860 2495 2973 2556 pro
3017 2475 3118 2536 ad·
3148 2493 3199 2530 ρο

535 2575 758 2647 verbio,
806 2577 1050 2639 alteram
1095 2598 1207 2659 pro
1254 2579 1438 2639 altera
1481 2580 1749 2658 posuisti.
1842 2576 1954 2638 hoc
2000 2580 2203 2639 vitium
2250 2585 2369 2649 est,
2429 2588 2489 2639 et
2542 2579 2717 2639 modo
2763 2578 2875 2639 hoc
2918 2580 3122 2639 vitium

535 2686 961 2742 converterunt
1004 2680 1078 2741 ad
1121 2682 1368 2759 figuraS,
1415 2666 1733 2741 honestum
1778 2678 2068 2759 loquitur,
2128 2680 2367 2742 doctum
2416 2681 2585 2751 dicit,
2635 2679 2833 2740 nobile
2879 2681 3120 2746 effatum

465 2839 474 2846 ,
534 2785 663 2844 sine
710 2782 890 2844 dubio
948 2781 1339 2844 soloecismus
1398 2791 1503 2844 est.
1595 2780 1708 2843 hoc
1765 2784 2109 2845 conceditur
2164 2787 2355 2863 poetis
2409 2793 2657 2864 propter
2707 2782 3120 2861 levigationem

290 4033 406 4094 446,
435 4035 501 4082 30

533 2905 829 2948 versuum.
925 2895 1188 2947 ceterum
1234 2888 1315 2947 ita
1361 2886 1609 2946 dicimus
1654 2883 2050 2948 elocutionem
2095 2885 2317 2947 debere
2362 2888 2621 2966 propriis
2663 2885 2930 2965 partibus
2978 2902 3116 2945 con-

532 2997 717 3060 stare,
793 2987 1041 3068 pulchre
1099 2988 1270 3058 dicit,
1329 3008 1448 3049 non
1519 2987 1865 3068 pulchrum,
1933 2989 2105 3051 docte
2172 2988 2459 3068 loquitur,
2543 3008 2660 3050 non
2727 2988 2967 3049 doctum
3032 2986 3117 3047 lo·
3148 3007 3198 3045 ετ)

533 3093 765 3168 quitur,
837 3090 1085 3152 honeste
1159 3090 1486 3159 fabulatur,
1569 3109 1689 3151 non
1744 3089 2056 3151 honestum
2133 3090 2446 3152 fabulatur.
2540 3109 2682 3170 ergo
2754 3093 2800 3151 si
2876 3088 3122 3151 alteram

533 3201 758 3272 partem
805 3194 1092 3253 orationis
1135 3213 1246 3272 pro
1292 3192 1474 3253 altera
1519 3212 1724 3272 ponas,
1774 3192 2190 3255 soloecismum
2234 3193 2379 3268 sacis
2421 3212 2531 3273 per
2560 3200 2790 3273 partem
2820 3193 3117 3253 orationis.

531 3297 671 3355 item
718 3297 767 3355 si
812 3297 1003 3382 ipsam
1052 3294 1305 3356 volueris
1349 3313 1575 3373 ponere
1619 3314 1730 3374 pro
1775 3296 1937 3375 ipsa,
1984 3296 2085 3356 scd
2134 3314 2256 3356 non
2299 3303 2462 3357 recto
2509 3295 2735 3365 ordine,
2781 3301 2921 3375 puta
2966 3296 3120 3371 ‘quo

530 3396 752 3457 vadis?'
811 3399 967 3457 intus
1010 3415 1121 3476 pro
1163 3399 1350 3466 intro;
1397 3396 1525 3458 ‘ubi
1571 3398 1715 3458 est?'
1761 3398 1919 3457 intro
1949 3401 2275 3478 prointus:
2323 3405 2576 3475 utraque
2606 3417 2745 3477 pars
2774 3395 3116 3458 adverbium

530 3507 649 3566 est;
684 3499 734 3558 si
765 3499 926 3559 dicas
955 3506 1055 3560 aut
1085 3502 1243 3560 intus
1273 3519 1384 3578 pro
1412 3501 1572 3559 intro
1604 3507 1707 3559 aut
1735 3501 1894 3560 intro
1924 3519 2035 3579 pro
2066 3503 2243 3572 intuS‚
2271 3519 2410 3562 ecce
2439 3503 2565 3581 ipsa
2598 3499 2839 3579 quidem
2872 3507 2960 3561 est
2981 3517 3118 3578 pars
3144 3520 3195 3558 ιω

531 3601 833 3670 orationiS‚
881 3601 986 3661 sed
1031 3620 1151 3662 non
1197 3621 1304 3662 suo
1336 3599 1469 3661 loco
1499 3603 1706 3681 posita,
1741 3621 1858 3663 non
1892 3602 2320 3663 rationabiliter
2357 3602 2530 3663 dicta.
2594 3621 2737 3681 ergo
2768 3620 2908 3663 ecce
2939 3620 3115 3681 quem

531 3699 539 3780 Ι
591 3702 663 3764 ad
709 3703 950 3764 modum
996 3705 1143 3765 fiunt
1187 3702 1420 3764 duobus
1466 3704 1656 3764 modis
1698 3722 1809 3783 per
1855 3713 2054 3784 partes
2111 3707 2422 3775 orationiS,
2480 3708 2529 3765 si
2586 3705 2833 3765 alteram
2885 3710 3115 3783 partem

541 3807 828 3867 orationis
882 3825 992 3885 pro
1046 3808 1229 3867 altera
1284 3824 1499 3885 ponas.
1563 3808 1702 3866 item
1760 3808 1811 3865 si
1865 3809 1989 3890 ipsa
2047 3828 2157 3888 pro
2212 3828 2276 3868 se
2331 3826 2450 3868 non
2505 3826 2614 3868 suo
2669 3805 2801 3867 loco
2844 3813 3117 3886 ponatur,

527 3926 721 3987 neque
765 3915 831 3966 ut
874 3910 1167 3969 convenit.

697 4007 850 4081 Quid
897 4029 1006 4089 per
1052 4010 1378 4070 accidentia
1434 4012 1689 4089 partium
1746 4012 2035 4072 orationis
2080 4031 2256 4090 quem
2304 4011 2376 4071 ad
2422 4013 2662 4073 modum
2719 4014 2869 4073 flunt
2921 4011 3191 4074 soloe-³5

531 4112 735 4172 cismi‘?
813 4109 956 4171 dicit
1001 4120 1087 4172 tot
1132 4112 1353 4181 modiS,
1410 4120 1549 4192 quot
1607 4122 1748 4174 sunt
1791 4113 1913 4193 ipsa
1960 4113 2303 4175 accidentia.
2395 4122 2540 4194 quot
2594 4124 2733 4176 sunt
2790 4113 3117 4175 accidentia

528 4215 820 4274 nominis?
891 4231 1012 4273 sex.
1102 4199 1245 4293 quot
1300 4223 1437 4274 sunt
1491 4214 1818 4275 accidentia
1872 4217 2276 4294 pronominis?
2359 4222 2500 4295 quot
2564 4218 2841 4278 accidunt
2893 4215 3113 4277 verbo?

527 4324 671 4397 quot
716 4314 991 4376 accidunt
1050 4316 1366 4377 adverbio?
1434 4335 1575 4395 ergo
1637 4325 1784 4394 quot
1834 4325 1974 4378 sunt
2025 4318 2380 4387 accidentia,
2442 4326 2531 4378 tot
2574 4327 2713 4379 sunt
2757 4321 2932 4380 etiam
2976 4320 3112 4377 vitia

525 4438 634 4497 per
680 4418 1010 4480 accidentia
1057 4420 1312 4497 partium
1359 4420 1662 4480 orationis
1755 4439 1865 4499 per
1909 4420 2249 4500 qualitatem
2297 4422 2581 4481 nominis:
2628 4420 2879 4500 qualitas
2926 4421 3112 4481 nomi-

565 4557 806 4564 -μ-Ᾱγῆ
833 4559 900 4564 ms.

666 4624 728 4673 17
768 4625 812 4673 si
845 4624 1002 4674 altera
1042 4641 1135 4691 pro
1172 4623 1331 4672 altera
1370 4638 1530 4689 ponas
1568 4634 1654 4674 aut
1693 4626 1806 4689 ipsa
1841 4641 1934 4690 per
1969 4642 2025 4675 se
2065 4625 2195 4676 malo
2235 4627 2409 4676 ordine
2450 4633 2666 4691 ponatur
2702 4626 2782 4677 P:
2818 4641 2912 4692 pro
2954 4625 3109 4674 altera

524 4708 614 4743 om.
653 4694 806 4744 BOS
948 4696 1013 4745 19
1049 4691 1368 4759 torvumque]
1433 4696 1593 4759 Very.
1631 4697 1764 4744 Aen.
1810 4695 1901 4744 Vll
1938 4695 2040 4747 399
2180 4697 2250 4748 30
2287 4707 2374 4745 aut
2415 4697 2552 4746 intus
2589 4705 2675 4745 aut
2712 4697 2832 4762 (pro
2875 4695 2940 4760 C)
2979 4697 3108 4745 intro

524 4780 640 4814 ecce
676 4764 729 4815 Β
742 4763 830 4813 CS
930 4764 997 4814 32
1033 4766 1231 4815 duobus
1269 4765 1434 4813 modis
1471 4776 1556 4814 ant
1586 4782 1677 4830 per
1715 4774 1884 4831 partes
1919 4768 2160 4816 orationis
2193 4768 2237 4815 si
2272 4767 2477 4815 alteram
2519 4774 2712 4832 partem
2748 4767 2990 4816 orationis
3016 4780 3107 4831 pro

524 4835 680 4884 altera
719 4850 879 4900 ponas
916 4845 999 4884 mu
1040 4836 1156 4885 item
1194 4834 1355 4898 (idem
1391 4835 1466 4898 B)
1504 4851 1595 4901 per
1631 4836 1925 4884 accedentia
1963 4838 2183 4901 partium
2222 4838 2466 4886 orationis
2503 4837 2546 4888 si
2583 4837 2693 4904 ipsa
2732 4835 2882 4886 BCS
