3541 5564
1395 304 1865 367 COMMENTVM
2812 303 2931 367 143

2564 426 2605 465 μ.
2635 412 2809 453 noa-oo
2837 411 2880 451 1..

347 492 642 551 nomen?'
708 490 885 551 debet
941 488 950 572 Ι
1010 489 1109 551 ille
1165 491 1529 570 respondere
1584 493 1979 571 ‘proprium’.
2072 479 2260 553 debeo
2316 493 2687 570 interrogare
2748 497 2930 570 ‘quae

343 611 483 672 pars
527 595 828 672 proprii?’
887 602 947 655 et.
1000 593 1181 655 debet
1238 592 1337 653 ille
1399 594 1597 654 dicere
1641 597 1969 670 ‘agnomen
1988 597 2025 653 ’.
2116 594 2244 672 ipse
2292 603 2381 654 est
2425 593 2572 654 ordo
2617 613 2791 654 verus
2836 613 2927 654 se-

342 694 607 755 cundum
652 696 1194 773 interrogationem.
1286 698 1454 775 prius
1512 704 1603 757 est
1659 697 1817 756 enim
1863 703 1928 755 ut
1971 695 2132 755 dicas
2176 697 2332 774 quod
2379 702 2468 756 est
2510 695 2824 772 generale,
2872 704 2932 756 et

343 805 578 875 postea,
636 806 700 857 ut
745 797 904 858 dicas
959 798 1118 877 quod
1176 807 1263 858 est
1307 797 1582 877 speciale.
1675 806 1972 867 ceterum,
2019 798 2068 857 si
2115 805 2171 857 te
2215 799 2541 874 interroget
2585 798 2929 858 ‘Africanus

290 920 314 957 ε,
341 918 491 978 quae
537 917 674 978 pars
718 901 1074 966 orationis?'
1124 907 1183 960 et
1227 907 1287 959 tu
1335 899 1495 959 dicas
1539 899 1950 978 ‘agnomen’,'
1992 898 2066 958 ab
2111 899 2246 959 imis
2291 900 2559 977 coepisti,
2618 919 2736 960 non
2782 899 2927 960 mihi

338 1001 538 1061 dixisti
586 1004 719 1080 quia
768 1021 981 1063 nomen
1029 1009 1150 1071 est,
1199 1001 1411 1062 deinde
1457 1020 1576 1062 non
1623 1002 1768 1062 mihi
1815 1001 2044 1069 dixisti,
2105 1009 2301 1061 utrum
2348 1003 2653 1080 proprium
2698 1005 2803 1070 sit,
2852 1020 2925 1063 an

337 1101 783 1181 appellativum,
829 1103 933 1165 sed
980 1103 1175 1164 dixisti
1221 1104 1379 1183 quod
1427 1111 1554 1164 erat
1596 1105 1800 1164 imum.
1870 1121 2013 1180 ergo
2057 1104 2142 1162 sic
2188 1102 2370 1162 debes
2415 1103 2635 1172 dicere,
2683 1107 2924 1165 ‘nomen

340 1212 456 1273 εει,
508 1213 597 1265 εει
642 1214 837 1265 autem
883 1207 1223 1285 proprium,
1271 1224 1409 1285 pars
1454 1213 1650 1266 autem
1696 1206 1926 1285 proprii
1973 1207 2230 1266 nominis
2277 1213 2367 1266 est
2410 1224 2704 1284 agnomen
2724 1210 2762 1266 '.
2839 1209 2925 1267 sic

337 1305 615 1369 similiter
662 1315 720 1367 et
763 1306 1006 1385 reliqua.
1644 1325 1648 1329 *

266 1467 312 1503 ιο
508 1443 772 1503 Diximus
818 1442 890 1503 de
935 1443 1193 1522 propriis
1236 1441 1595 1503 nominibus,
1658 1461 1815 1503 nunc
1859 1450 2057 1503 autem
2102 1443 2400 1504 videamus
2445 1444 2679 1522 species
2723 1443 2922 1523 appel·
2949 1458 3069 1518 429,
3103 1460 3161 1507 15

337 1541 681 1613 lativorum,
729 1563 870 1623 quas
916 1544 1168 1604 diximus
1213 1563 1341 1605 esse
1386 1546 1589 1623 viginti
1637 1553 1695 1604 et
1747 1553 1994 1624 septem.
2087 1554 2224 1605 sunt
2269 1546 2507 1606 nomina
2555 1544 2923 1624 appellativa,

337 1664 485 1724 quae
558 1645 928 1725 appellantur
994 1645 1354 1730 corporalia:
1419 1646 1727 1725 corporale
1794 1647 1948 1726 quod
2008 1646 2257 1707 dicimus
2313 1648 2398 1707 sic
2455 1646 2759 1708 definitum
2819 1654 2923 1714 est,

334 1747 649 1827 corporale
695 1756 784 1809 est
828 1748 985 1828 quod
1030 1747 1263 1808 videtur
1310 1754 1367 1806 et
1411 1750 1691 1826 tangitur,
1738 1757 1801 1809 nt
1845 1758 2002 1810 terra
2051 1748 2263 1808 humus
2309 1750 2482 1808 ensis.
2546 1759 2686 1811 sunt
2729 1751 2923 1810 incor-

337 1849 591 1929 poralia,
640 1868 791 1929 quae
836 1869 947 1910 nec
994 1850 1177 1910 videri
1222 1869 1334 1910 nec
1379 1852 1538 1928 tangi
1583 1858 1860 1929 possunt,
1908 1853 2205 1930 ut-pietas
2248 1851 2464 1910 iustitia
2511 1850 2786 1929 dignitas.

263 2009 311 2050 ιε.
416 2029 427 2042 .
506 1986 656 2046 Sunt
710 1987 937 2065 primae
993 1988 1330 2066 positionis:
1403 1988 1628 2066 primae
1673 1989 1984 2066 positionis
2028 1987 2303 2047 dicuntur
2351 1988 2592 2047 nomina
2638 2006 2786 2066 quae
2832 2006 2862 2046 a
2917 1989 3013 2068 {17

336 2096 541 2148 natura
600 2089 684 2148 sic
740 2095 878 2148 sunt
933 2089 1117 2157 lacta,
1177 2096 1239 2148 ut
1293 2095 1432 2167 puta
1480 2108 1677 2159 monS,
1726 2109 1757 2150 a
1806 2096 2012 2150 natura
2058 2091 2142 2150 sic
2189 2098 2302 2158 est;
2360 2088 2589 2157 schola,
2635 2109 2667 2149 a
2715 2097 2921 2150 natura

332 2190 417 2249 sic
463 2198 573 2250 est.
661 2191 767 2250 ista
824 2190 1175 2269 principalia
1235 2190 1530 2251 «licuntur.
1625 2191 1838 2252 exinde
1883 2193 2031 2252 liunt
2077 2191 2392 2251 derivativa
2441 2197 2499 2251 et
2545 2190 2921 2251 diminutiva:

332 2291 682 2365 derivativa,
742 2311 774 2351 a
833 2299 1035 2352 monte
1100 2300 1443 2362 montanuS,
1512 2311 1544 2353 a
1612 2295 1775 2353 sonte
1833 2293 2137 2361 fontanus;
2209 2292 2581 2361 diminutiva,
2631 2312 2663 2352 a
2720 2299 2921 2353 monte

334 2393 720 2463 monticulus»,
769 2413 800 2453 a
846 2395 1008 2455 l'onte
1053 2394 1392 2456 fonticulus
1484 2394 1586 2455 sed
1644 2395 1928 2455 derivatio
1985 2396 2240 2456 nominis
2285 2374 2924 2455 deductionem-habet

253 2497 460 2559 sosine
516 2514 720 2564 sensu,
780 2495 1091 2557 diminutio
1147 2515 1383 2557 sensum
1441 2497 1731 2557 diminuit.
1823 2496 1935 2556 hoc
1991 2498 2237 2558 interest
2290 2498 2445 2557 inter
2499 2495 2919 2556 derivationem

333 2606 393 2658 et
436 2598 922 2667 diminutionem,
981 2598 1139 2676 quod
1188 2598 1471 2659 derivatio
1526 2618 1742 2660 nomen
1791 2598 1963 2666 lacit,
2021 2618 2140 2660 non
2186 2606 2286 2659 aut
2329 2599 2517 2658 maius
2563 2605 2662 2658 aut
2707 2599 2917 2666 minuS,

329 2700 434 2760 sed
483 2718 701 2760 nomeu
747 2700 902 2761 lacit.
966 2718 1165 2770 mons,
1214 2708 1531 2761 montanus
1578 2701 1769 2762 dictus
1816 2707 1925 2761 est.
2001 2699 2286 2781 numquid
2335 2707 2648 2761 montanus
2693 2708 2781 2759 est
2824 2706 2921 2759 aut

330 2805 431 2882 qui
493 2804 679 2863 maior
737 2810 826 2863 est
880 2812 982 2863 aut
1036 2804 1135 2882 qui
1191 2805 1386 2865 minor
1442 2808 1566 2864 est?
1626 2823 1774 2874 non,
1834 2804 1937 2865 sed
1994 2823 2210 2864 nomen
2257 2802 2452 2863 habet.
2545 2822 2577 2863 e
2622 2804 2920 2863 contrario

330 2905 647 2965 diminutio
692 2924 811 2965 non
858 2905 1045 2965 solum
1093 2924 1310 2968 nomen
1355 2908 1523 2977 facit,
1582 2907 1687 2967 sed
1735 2914 1794 2966 et
1836 2925 2075 2968 sensum
2124 2906 2423 2975 diminuit,
2475 2912 2539 2965 ut
2582 2913 2720 2982 puta
2768 2903 2916 2973 som,

249 3035 305 3072 ες,
333 3006 651 3067 fonticulus
696 3014 754 3067 et
800 3025 1016 3067 nomen
1065 3016 1153 3067 est
1196 3017 1255 3067 et
1297 3027 1505 3081 sensus
1538 3009 1879 3071 diminutus.
1945 3008 2089 3068 haec
2132 3009 2259 3087 ipsa
2307 3007 2615 3068 diminutio
2660 3006 2919 3086 plerum·

330 3128 450 3188 que
497 3110 740 3176 crescit;
788 3127 906 3169 non
952 3128 1217 3189 semper,
1264 3110 1369 3171 sed
1414 3110 1765 3190 plerumque
1811 3112 2045 3171 crescit.
2108 3109 2458 3187 aliquotiens
2502 3128 2616 3169 una
2664 3110 2918 3169 diminu-

330 3211 412 3269 tio
472 3217 590 3280 est,
652 3209 1002 3289 aliquotiens
1056 3211 1235 3282 duae,
1297 3211 1648 3291 aliquotiens
1693 3219 1846 3282 tres,
1895 3231 2070 3292 quem
2118 3212 2188 3271 ad
2237 3212 2474 3272 modum
2519 3213 2786 3291 potueris
2830 3213 2918 3271 in-

331 3312 554 3372 venire.
644 3319 709 3371 ut
763 3319 905 3391 puta
960 3331 1147 3391 agnus
1202 3313 1532 3394 principale
1588 3322 1699 3375 est:
1763 3316 1854 3374 lac
1900 3313 2342 3380 diminutivum,
2391 3311 2689 3392 agnellus;
2738 3313 2915 3383 aliud,

328 3411 685 3492 agnicellus;
726 3412 882 3474 aliud
932 3414 1371 3485 diminutivum,
1422 3415 1829 3495 agnicellulus.
1894 3424 2065 3497 potes
2109 3417 2373 3476 invenire
2417 3416 2476 3474 in
2524 3416 2814 3475 inlinitum
2862 3424 2920 3475 et

249 3545 301 3583 ³0
328 3515 545 3575 multas
591 3515 1064 3597 diminuitioneS,
1110 3536 1259 3596 quae
1302 3520 1621 3599 praecipue
1665 3527 1838 3597 aptae
1881 3526 2019 3578 sunt
2059 3517 2275 3597 lyricis
2365 3518 2468 3578 sed
2514 3518 2667 3578 scire
2713 3517 2915 3587 debeS,

328 3619 438 3688 ait,
488 3619 768 3696 quoniam
813 3617 959 3679 haec
1002 3620 1128 3699 ipsa
1176 3618 1489 3681 diminutio
1535 3619 1644 3679 hac
1690 3630 1820 3681 arte
1864 3620 2133 3681 facienda
2181 3628 2298 3690 est,
2361 3627 2455 3690 ut,
2503 3619 2737 3698 quando
2782 3639 2915 3680 sen—

328 3739 433 3781 sus
487 3721 799 3790 minuitur,
859 3728 1089 3782 crescat
1140 3740 1426 3782 numerus
1482 3721 1858 3800 syllabarum.
1948 3736 2087 3801 puta
2147 3741 2317 3782 mons
2372 3741 2483 3782 una
2528 3720 2749 3800 syllaba
2797 3729 2913 3782 est:

329 3820 703 3883 monticellus
747 3824 948 3893 crevit,
996 3831 1271 3903 quattuor
1316 3830 1453 3884 sunt
1498 3823 1785 3902 syllabae:
1833 3823 2272 3885 monticellulus
2316 3824 2574 3904 quinque
2618 3832 2757 3885 sunt
2799 3823 2912 3903 syl·

328 3922 515 3985 labae.
607 3923 712 3984 sed
768 3926 1044 4004 quoniam
1101 3928 1321 3987 scimus
1376 3927 1517 3987 istas
1575 3944 1671 3987 res
1725 3944 1847 3986 non
1892 3944 2064 4005 posse
2118 3944 2354 4005 semper
2400 3928 2777 4005 contingere,
2823 3926 2910 3987 id-

468 4149 499 4196 2
531 4147 641 4212 ipse
680 4154 758 4197 εει
794 4147 919 4196 ordo
954 4146 1005 4195 B
1018 4147 1136 4198 Ca.-
1170 4155 1247 4196 εει
1278 4163 1372 4199 om.
1403 4146 1452 4195 A
1595 4145 1629 4198 3
1665 4149 1800 4211 quod
1831 4154 1908 4199 est
1954 4147 2175 4214 speciale
2209 4146 2376 4199 Rea*
2415 4163 2545 4211 quae
2582 4158 2658 4199 est
2694 4149 2914 4215 speciale

329 4216 378 4266 A
481 4220 514 4266 4
552 4225 807 4266 caeterum
845 4219 887 4266 εἰ
928 4226 976 4267 ιε
1015 4220 1292 4283 interrogat
1328 4217 1588 4267 africanus
1624 4233 1753 4282 quae
1785 4233 1903 4284 pars
1930 4218 2174 4268 orationis
2211 4228 2288 4269 εει
2319 4227 2367 4266 ει
2404 4233 2531 4283 puer
2565 4220 2699 4269 dicat
2731 4233 2912 4268 nomen

326 4316 396 4326 —
434 4296 514 4336 εει
551 4286 773 4351 speciale
808 4295 1057 4337 caeterum
1099 4288 1143 4337 si
1191 4296 1238 4337 te
1280 4289 1554 4352 interroget
1592 4288 1848 4338 africanus
1886 4303 2016 4352 qnae
2052 4303 2172 4354 pars
2209 4288 2450 4339 orationis
2484 4297 2561 4338 εει
2595 4298 2644 4337 ει
2685 4296 2736 4337 tu
2776 4290 2914 4338 dicas

326 4358 558 4420 repetitis
591 4359 655 4407 ἰίε
685 4372 815 4422 quae
843 4366 996 4407 antea
1037 4359 1230 4421 scripta
1264 4366 1411 4408 erant
1441 4357 1491 4405 A
1602 4359 1666 4408 17
1706 4360 1800 4408 ista
1841 4358 1923 4409 Ga
1961 4359 2030 4407 ita
2064 4358 2142 4423 B,
2174 4376 2266 4410 om.
2300 4359 2349 4407 A
2457 4358 2520 4409 18
2548 4358 2847 4408 diminution
2884 4374 2913 4407 a

327 4436 498 4476 moute
528 4426 835 4478 monticulus
871 4442 901 4475 a
926 4427 1061 4477 sonte
1101 4426 1373 4477 fonticulus
1397 4425 1578 4478 BCa*
1609 4428 1913 4478 diminutiua
1946 4442 1976 4477 a
2011 4427 2148 4478 sonte
2184 4428 2460 4478 fonticulus
2497 4444 2526 4476 a
2564 4437 2732 4477 monte
2768 4444 2912 4479 mou-

326 4496 514 4547 ticulua
554 4497 602 4545 A
742 4496 809 4548 23
846 4498 1008 4547 minor
1038 4504 1114 4547 εει
1148 4497 1283 4549 BC:
1320 4506 1397 4547 est
1434 4512 1527 4550 om.
1565 4498 1613 4547 A
1752 4498 1820 4549 27
1860 4507 1963 4548 tres
2001 4498 2425 4563 quemadmodum
2461 4500 2690 4565 potueris
2725 4500 2912 4617 gates-gs

328 4626 376 4666 et
411 4617 842 4681 quemadmodum
881 4619 1107 4684 potueris
1141 4619 1320 4669 Bon:
1359 4620 1548 4685 poteris
1576 4622 1784 4671 coniecit
1811 4620 2178 4671 Lindemannus
2297 4618 2366 4671 30
2395 4629 2541 4685 aptae
2572 4628 2689 4670 sunt
2726 4621 2911 4683 aliquis

328 4689 375 4736 A
414 4688 620 4752 (lyricis
656 4689 827 4739 eadem
864 4705 1026 4754 manu,
1070 4697 1123 4739 ue
1155 4690 1373 4751 videtur,
1410 4689 1788 4754 superscripto)
1824 4699 1973 4755 aptae
2006 4698 2125 4739 sunt
2162 4690 2330 4753 lyricis
2368 4690 2490 4751 (non
2527 4691 2650 4744 add.
2680 4689 2733 4751 b)
2760 4690 2911 4739 nullis

330 4810 377 4859 B
411 4819 566 4876 aptae
607 4819 724 4859 aunt
753 4768 1116 4873 lyrici'sonnullis
1144 4812 1186 4861 C
1219 4819 1385 4876 potest
1413 4811 1464 4860 in
1494 4811 1703 4874 reliquis
1738 4813 1786 4862 L
1925 4811 1986 4863 31
2029 4812 2232 4874 quando
2269 4813 2316 4860 A
2356 4820 2543 4875 quamn
2576 4810 2716 4861 BCa
