3541 5564
1369 312 1843 374 COMMENTVM
2764 308 2890 374 223

2521 431 2564 473 p.
2590 420 2768 461 εει-ετ
2796 419 2839 458 L.

326 518 435 563 uno
476 499 650 561 modo
697 498 1085 568 declinamus;
1141 500 1438 579 passivum
1495 512 1813 560 commune
1873 504 1933 558 et
1976 498 2281 578 deponens
2325 518 2441 559 uno
2486 498 2664 559 modo
2709 497 2890 559 decli-

323 620 533 664 namus,
626 619 767 680 ergo
811 603 872 661 in
919 602 1120 662 activis
1166 609 1224 662 et
1264 603 1325 661 in
1371 600 1756 681 neutrallibus
1802 607 1937 662 ante
1983 600 2218 663 ultimas
2261 600 2489 662 litteras
2529 602 2888 680 quaerimus,

324 706 378 764 in
426 704 666 784 passivis
720 703 1134 765 communibus
1188 711 1246 763 et
1301 702 1738 783 deponentibus
1796 711 1932 764 ante
1987 702 2220 765 ultimas
2278 702 2549 783 syllabas,
2641 711 2701 764 et
2752 702 2891 782 quid

323 807 699 887 requirimus?
746 805 852 866 bas
895 813 1019 866 tres
1063 803 1315 874 vocales,
1363 825 1396 866 a
1441 822 1475 865 e
1519 806 1557 865 i.
1648 812 1706 867 et
1750 806 1801 866 si
1845 824 1878 866 a
1925 805 2128 875 fuerit,
2179 805 2393 867 dicitur
2450 806 2638 885 prima
2687 806 2889 864 coniu-

278 909 492 985 sgatim
538 910 590 968 si
635 927 696 977 e,
745 907 963 969 dicitur
1006 907 1266 969 secunda
1311 908 1679 985 coniugatio;
1738 908 1788 968 si
1832 908 1871 976 i,
1929 908 2145 968 dicitur
2200 910 2390 969 tertia.
2484 907 2638 969 bono
2684 906 2892 967 ordine

320 1018 667 1089 acceperunt
711 1011 967 1078 nomina,
1017 1012 1294 1089 quoniam
1342 1011 1504 1089 ipsae
1549 1008 1782 1070 vocales
1826 1010 1912 1070 sic
1956 1017 2222 1070 currunt.
2314 1009 2520 1070 eodem
2583 1009 2791 1070 ordine
2838 1014 2895 1069 et
2998 1014 3005 1021 ’

320 1113 749 1190 coniugationes
792 1112 1033 1172 nomina
1078 1118 1454 1191 acceperunt.
1546 1129 1689 1190 ergo
1736 1127 1887 1188 quae
1941 1112 2130 1192 prima
2188 1109 2382 1173 littera
2439 1118 2529 1171 est
2582 1112 2709 1190 ipsa
2755 1109 2896 1171 facit

316 1215 558 1292 primam
607 1214 1097 1292 coniugationem,
1146 1232 1297 1292 quae
1342 1212 1604 1275 secunda
1649 1211 1988 1283 secundam,
2036 1230 2185 1293 quae
2217 1214 2390 1274 tertia
2436 1214 2689 1274 tertiam.
2750 1229 2893 1289 ergo

317 1334 425 1395 quo
468 1314 644 1376 modo
690 1314 789 1376 illa
837 1317 1097 1395 quinque
1141 1316 1511 1377 invenimus?
1587 1333 1720 1375 amo
1765 1333 1929 1375 amas
1977 1312 2037 1394 [a
2083 1321 2218 1375 ante
2262 1334 2301 1395 s*
2334 1313 2620 1395 litteram]
2667 1315 2894 1394 primae

251 1439 292 1477 ιο
319 1425 403 1477 est
456 1419 911 1495 coniugationis:
971 1437 1003 1478 a
1062 1418 1219 1478 enim
1279 1418 1458 1479 habet
1512 1425 1648 1478 ante
1705 1436 1760 1487 s;
1821 1426 1880 1477 et
1935 1419 2128 1478 omnia
2185 1416 2324 1477 hinc
2375 1423 2545 1497 potes
2595 1400 2892 1493 colligere.

316 1537 466 1579 amas
510 1521 614 1600 qui
659 1519 871 1603 modus
916 1520 1037 1580 est?
1082 1519 1446 1581 indicativus,
1525 1518 1682 1596 quod
1729 1525 1964 1599 tempus
2009 1521 2132 1580 est?
2176 1537 2477 1599 praesens,
2542 1520 2641 1596 qui
2687 1536 2892 1578 nume-

313 1621 443 1682 rus?
498 1621 832 1701 singularis.
895 1640 1045 1701 quae
1089 1624 1378 1701 persona?
1426 1620 1704 1683 secunda.
1768 1621 1867 1700 qui
1913 1622 2133 1682 exitus?
2191 1628 2325 1682 ante
2370 1620 2646 1682 litteram.
2710 1637 2895 1697 quare

313 1730 442 1783 ante
485 1722 780 1784 litteram?
827 1726 1104 1804 quoniam
1151 1726 1404 1786 activum
1448 1722 1702 1785 verbum
1746 1730 1853 1783 est.
1916 1741 2055 1783 ecce
2100 1722 2202 1783 ubi
2249 1732 2496 1803 apparet
2538 1723 2891 1800 coniugatio.

313 1826 446 1884 item
492 1832 663 1887 natas
707 1833 847 1889 θυῖε
885 1824 1141 1887 litteram
1188 1833 1296 1888 est.
1373 1826 1594 1904 quare?
1642 1827 1920 1905 quoniam
1967 1823 2232 1885 neutrale
2277 1832 2387 1886 est.
2450 1825 2707 1885 diximus
2738 1825 2895 1885 enim

246 1950 289 1990 ιε
314 1926 463 2004 quod
520 1929 583 1988 in
639 1929 842 1989 activis
899 1935 959 1989 et
1001 1929 1062 1989 in
1108 1918 1479 1990 neutralibus
1523 1930 1586 1988 in
1639 1925 1852 2009 litteris
1907 1929 2247 2008 quaerimus
2301 1929 2776 2005 coniugationcS‚
2834 1927 2893 1986 in

310 2031 553 2108 passivis
599 2048 740 2090 vero
785 2029 1198 2092 communibus
1246 2037 1304 2090 et
1346 2028 1782 2109 deponentibus
1827 2032 1887 2090 in
1932 2028 2191 2108 syllabis.
2255 2048 2419 2090 amor
2452 2031 2702 2095 amaris:
2755 2046 2895 2089 ecce

307 2130 402 2195 illa
444 2151 497 2201 a,
546 2149 702 2212 quae
749 2138 877 2192 erat
920 2139 1055 2192 θυῖε
1102 2131 1378 2201 litteram,
1427 2132 1578 2192 sacta
1626 2138 1717 2192 est
1759 2141 1896 2193 ante
1929 2130 2212 2212 syllabam
2253 2132 2314 2191 in
2346 2132 2609 2211 passivis,
2660 2132 2891 2191 amaris.

311 2252 442 2295 ecce
485 2234 682 2314 prima
740 2235 1076 2312 coniugatio
1132 2254 1308 2314 quem
1365 2234 1437 2296 ad
1496 2232 1738 2294 modurn
1787 2235 1922 2293 exit.
2013 2232 2275 2294 secunda
2330 2234 2664 2312 coniugatio
2721 2250 2896 2311 quem

309 2335 379 2395 ad
420 2335 672 2397 modum
715 2332 1065 2417 invelnitur?
1152 2337 1214 2397 in
1258 2336 1444 2396 isdem
1493 2334 1638 2396 locis
1682 2334 1773 2395 vel
1831 2334 1928 2396 hic
1984 2343 2121 2397 ante
2165 2335 2391 2403 litteras
2448 2334 2538 2395 vel
2594 2333 2715 2394 illic
2761 2342 2897 2395 ante

241 2436 577 2518 msyuahas,
628 2446 694 2499 ut
737 2436 920 2499 doceo
965 2437 1162 2508 doceS,
1210 2437 1472 2499 secunda
1517 2443 1624 2507 est,
1673 2447 1732 2497 εῖ
1760 2436 2049 2518 producta
2081 2444 2170 2498 est
2199 2437 2396 2499 doces,
2467 2436 2623 2497 unde
2655 2443 2897 2516 apparet

307 2538 449 2599 illud
508 2537 765 2601 verbum
824 2558 956 2600 sum
1012 2538 1236 2601 nullam
1290 2539 1513 2602 babere
1568 2540 2063 2616 coniugationem.
2153 2539 2290 2601 ideo
2345 2539 2465 2599 dixi
2521 2538 2894 2619 productam,

310 2648 372 2703 ut
414 2642 686 2704 dicamus
741 2640 920 2702 doces
973 2643 1165 2704 sedes,
1256 2662 1289 2703 e
1345 2643 1642 2703 contrario
1697 2624 1829 2703 sum
1886 2640 2104 2702 nullam
2161 2640 2341 2724 babet
2396 2642 2892 2719 coniugationem,

308 2763 435 2806 sum
482 2764 547 2807 ω
598 2750 702 2814 est,
753 2751 813 2806 et
854 2763 974 2806 non
1018 2763 1334 2826 possumus
1379 2744 1578 2807 dicere
1627 2752 1701 2805 et.
1796 2761 1939 2823 ergo
1992 2746 2128 2823 quia
2175 2762 2293 2804 non
2338 2762 2650 2825 possumus
2696 2743 2897 2804 dicere

309 2854 382 2916 et,
428 2867 543 2909 nec
593 2847 932 2925 coniugatio
977 2848 1171 2928 aliqua
1218 2855 1322 2908 est.
1413 2866 1548 2909 nam
1597 2866 1735 2909 ecce
1780 2866 1813 2907 a
1858 2865 1977 2907 non
2023 2846 2228 2917 habet,
2291 2865 2323 2906 ε
2378 2845 2732 2926 productum
2779 2864 2898 2905 non

235 2973 282 3013 25
308 2949 516 3020 habet,
591 2951 615 3009 i
668 2966 789 3009 non
856 2948 1052 3011 habet.
1151 2949 1290 3012 hinc
1346 2957 1592 3030 apparet
1656 2951 1934 3028 quoniam
1992 2950 2466 3027 coniugationem
2524 2937 2642 3008 υόυ
2699 2946 2894 3017 habet,

303 3060 548 3132 propter
624 3050 732 3111 bas
798 3048 1055 3122 litteras,
1122 3052 1280 3132 quod
1337 3050 1485 3114 nibil
1548 3052 1762 3114 horum
1816 3052 2116 3113 invenitur
2169 3053 2229 3112 in
2285 3048 2406 3112 illo.
2510 3068 2654 3128 ergo
2709 3051 2897 3130 prima

305 3156 645 3234 coniugatio
694 3152 948 3214 diximus
993 3172 1109 3233 quo
1156 3153 1333 3215 modo
1377 3155 1693 3216 invenitur.
1785 3154 2044 3215 secunda
2089 3153 2422 3232 coniugatio
2469 3171 2500 3212 e
2544 3151 2897 3232 productum

307 3254 487 3317 babet
533 3263 675 3318 ante
720 3254 977 3316 litteram
1022 3255 1112 3316 vel
1158 3264 1293 3318 ante
1339 3255 1619 3337 syllabas:
1678 3263 1815 3317 ante
1857 3256 2116 3317 litteram
2159 3257 2222 3316 in
2268 3256 2468 3315 activis
2513 3261 2572 3314 et
2616 3253 2897 3315 neutrali-

306 3356 433 3419 bus,
529 3375 679 3436 ergo
722 3356 858 3417 ideo
902 3357 1087 3419 doceo
1133 3358 1340 3429 doceS,
1400 3377 1539 3420 ecce
1584 3365 1721 3420 ante
1764 3357 2022 3420 litteram
2068 3359 2129 3418 in
2174 3358 2377 3418 activis
2423 3363 2511 3416 est
2556 3375 2587 3416 ε
2640 3355 2896 3436 produc-

234 3466 459 3522 autum:
538 3460 766 3521 doceor
825 3457 1087 3531 doceris,
1148 3479 1286 3522 ecce
1341 3462 1555 3522 iterum
1602 3479 1635 3521 e
1677 3461 2063 3540 productum,
2113 3459 2269 3537 quod
2317 3466 2406 3520 est
2450 3465 2583 3519 ante
2627 3457 2896 3538 syllabas,

474 3563 685 3624 Tertia
728 3558 826 3621 illa
872 3563 1031 3621 varia
1079 3569 1191 3632 est,
1250 3581 1370 3623 non
1417 3570 1505 3624 est
1548 3560 1819 3642 simplex.
1909 3581 2045 3624 nam
2104 3561 2418 3642 aliquando
2475 3568 2745 3640 correpta
2794 3567 2898 3630 est,
2926 3577 3136 3636 413‚20

304 3661 630 3744 aliquando
661 3662 967 3743 producta.
1005 3663 1135 3725 vide
1168 3683 1326 3743 ergo,
1363 3682 1539 3742 quem
1571 3665 1644 3725 ad
1676 3665 1918 3727 modum
1950 3665 2062 3726 hoc
2095 3663 2452 3725 consideres,
2483 3681 2623 3741 ergo
2647 3664 2899 3742 primam
2925 3645 3043 3704 506,
3071 3648 3136 3694 33

306 3766 585 3836 diximuS,
620 3784 799 3846 quem
830 3765 902 3827 ad
935 3766 1176 3827 modum
1208 3769 1602 3845 cognoscitur,
1636 3787 1811 3848 quem
1844 3766 1917 3827 ad
1949 3765 2192 3828 modum
2224 3765 2500 3826 secunda.
2549 3767 2722 3828 tertia
2745 3765 2902 3825 varia

306 3875 410 3937 est,
445 3866 772 3946 aliquando
805 3875 1080 3948 correpta
1113 3877 1220 3939 est,
1254 3868 1569 3951 aliquando
1597 3870 1901 3951 producta.
1949 3868 2127 3930 modo
2158 3868 2564 3929 discriminare
2596 3866 2901 3936 debemus⁹

235 3994 283 4034 ³5
307 3970 545 4047 quando
579 3978 857 4049 correpta
889 3975 997 4039 est,
1024 3970 1260 4050 quando
1292 3971 1595 4051 producta.
1637 3974 1792 4033 scire
1824 3970 2107 4033 debemus
2137 3972 2293 4052 quia,
2327 3972 2378 4031 si
2409 3977 2681 4048 correpta
2704 3969 2900 4038 suerit,

305 4075 364 4134 in
411 4074 653 4153 passivo
695 4074 758 4132 in
805 4091 837 4132 ε
883 4074 1020 4142 exit,
1065 4091 1185 4133 non
1228 4074 1289 4134 in
1319 4075 1357 4133 i.
1419 4076 1481 4134 in
1513 4076 1716 4135 activis
1745 4073 1997 4135 habetur
2027 4080 2164 4134 ante
2194 4072 2421 4134 litteras
2466 4074 2515 4140 i;
2565 4074 2625 4132 in
2656 4072 2902 4152 passivis

308 4173 566 4237 habetur
613 4174 621 4256 Ι
673 4182 810 4235 θυῖε
864 4172 1115 4254 syllabas
1170 4194 1220 4234 e.
1312 4176 1374 4235 in
1429 4177 1619 4256 prima
1676 4183 1735 4236 et
1786 4175 1906 4236 illic
1963 4183 2099 4236 ante
2155 4174 2384 4236 literam
2448 4182 2539 4235 est
2594 4194 2626 4235 a
2684 4181 2742 4234 et
2783 4172 2901 4233 illic

307 4285 442 4338 θυῖε
489 4276 783 4356 syllabam
826 4277 1146 4356 producta;
1194 4278 1256 4336 in
1302 4276 1564 4338 secunda
1611 4285 1670 4338 εῖ
1712 4276 1835 4338 illic
1880 4297 1912 4339 ε
1956 4277 2305 4357 producitur
2350 4285 2408 4338 et
2450 4276 2571 4337 illic
2617 4295 2648 4336 e
2681 4275 2901 4356 produ-

461 4467 486 4518 1
529 4466 803 4532 passivum
842 4493 910 4502 —
950 4465 1262 4514 declinamus
1298 4482 1392 4516 om.
1428 4463 1574 4525 AB,
1610 4464 1733 4516 add.
1772 4465 1846 4514 ab
1987 4466 2020 4518 9
2057 4481 2171 4515 amo
2210 4481 2350 4514 amas
2398 4473 2512 4514 ante
2549 4463 2761 4513 litteram
2799 4463 2909 4513 BC

446 4537 654 4602 primae
697 4537 762 4586 sit
809 4536 1183 4599 coniugationis
1223 4535 1395 4585 ABG
1535 4535 1597 4586 10
1640 4544 1758 4583 θυῖε
1803 4550 1827 4582 s
1867 4533 1980 4584 Ca:
2019 4552 2044 4584 s
2083 4552 2174 4589 om.
2216 4536 2331 4585 AB
2467 4542 2632 4600 potest
2668 4533 2768 4582 Ac

312 4603 368 4655 tl
410 4620 531 4655 amo
573 4605 743 4655 ABG
913 4607 980 4656 12
1026 4615 1142 4655 ante
1189 4605 1409 4655 litteram
1449 4619 1602 4668 quare
1642 4613 1758 4654 ante
1810 4606 2028 4653 litteram
2066 4622 2098 4655 α
2147 4616 2264 4655 θυῖε
2301 4606 2491 4654 litteras
2536 4606 2589 4665 (a
2618 4603 2741 4656 add.
2779 4604 2828 4653 B
2843 4603 2903 4665 C)

308 4689 466 4737 quare
507 4686 631 4724 ante
669 4675 861 4724 litteras
892 4676 947 4739 (a
977 4675 1096 4726 add.
1118 4674 1181 4738 0)
1218 4674 1383 4725 ABG
1482 4676 1545 4726 14
1577 4683 1694 4724 ante
1727 4674 1891 4724 littera
1917 4675 1968 4724 B
2074 4676 2138 4725 15
2176 4676 2226 4724 in
2259 4675 2448 4725 litteras
2484 4674 2591 4726 Ac
2681 4674 2747 4724 21
2787 4688 2904 4739 pro-

307 4745 514 4793 ductam
558 4745 651 4795 A?
687 4745 990 4810 productum
1022 4743 1198 4796 300*
1340 4742 1408 4794 29
1449 4759 1565 4794 ecce
1603 4754 1717 4794 ante
1755 4743 1972 4794 litteram
2011 4744 2115 4794 AG
2149 4760 2265 4795 ecce
2294 4754 2411 4794 ante
2443 4744 2635 4794 litteras
2665 4743 2790 4794 Ba*

306 4811 376 4865 30
410 4815 554 4878 quod
596 4823 678 4864 est
711 4830 804 4869 om.
844 4815 895 4865 B
1035 4816 1102 4866 34
1139 4815 1490 4865 discriminare
1524 4814 1759 4864 uidemus
1792 4814 1842 4863 Α
