3541 5564
623 381 651 442 1
668 381 742 444 16
1753 382 2055 446 POMPEII

670 491 961 545 peu-461..

620 572 940 652 duplicem,
1004 579 1068 632 ut
1110 574 1238 651 pix;
1298 578 1398 632 aut
1440 571 1699 633 habeant
1743 574 1761 632 i
1820 573 1975 632 inter
2018 571 2162 632 duas
2219 570 2480 641 vocales,
2541 581 2605 632 ut
2659 573 2769 632 ai0.
2859 574 3002 633 istae
3058 581 3191 633 suut

622 674 834 754 longae
880 673 1136 754 syllabae
1183 683 1242 734 et
1288 674 1514 748 breves,
1604 677 1719 734 iam
1764 675 1973 754 incipit
2016 674 2089 734 de
2134 673 2567 734 communibus,
2659 692 3008 734 communes
3038 674 3195 734 modi

620 785 757 837 sunt
803 779 930 846 isti,
980 780 1251 857 quotiens
1298 785 1356 837 et
1399 776 1572 856 longa
1626 775 1846 857 syllaba
1895 784 1984 837 est
2029 783 2088 837 et
2130 775 2343 836 brevis.
2433 784 2566 836 sunt
2610 785 2804 836 autem
2851 794 3194 837 communes

621 878 784 939 modi
831 889 982 938 octo.
1084 878 1246 949 vide,
1310 897 1427 957 quo
1482 878 1659 940 modo
1706 878 1959 939 ordinati
2015 886 2183 948 sunt,
2242 896 2418 957 quarn
2475 879 2667 958 prime
2722 879 2842 939 sive
2898 897 2930 938 a
2988 886 3194 940 natura

619 983 739 1041 sive
787 981 859 1041 ab
905 981 1022 1041 illis
1068 983 1166 1061 qui
1215 991 1403 1042 artem
1436 984 1818 1062 scripserunt,
1868 988 1933 1041 ut
1977 987 2111 1041 octo
2144 980 2410 1041 dicerent
2432 998 2777 1041 communes
2808 999 2936 1041 esse
2968 980 3190 1041 modos,
3221 997 3249 1036 5

619 1083 876 1144 diximus
923 1093 981 1144 et
1026 1082 1239 1144 breves
1284 1082 1536 1165 syllabas
1580 1093 1858 1163 quattuor
1903 1082 2093 1144 modis
2137 1083 2263 1142 lieri
2309 1092 2368 1142 et
2411 1081 2614 1161 longas
2647 1080 2901 1162 syllabas
2924 1089 3196 1161 quattuor

619 1185 808 1245 modis
854 1188 1000 1246 fieri.
1092 1204 1342 1264 aequum
1390 1205 1533 1265 ergo
1576 1188 1770 1248 fuerat
1816 1194 1879 1246 ut
1921 1203 2264 1246 communes
2294 1183 2551 1265 syllabae
2582 1191 2714 1244 octo
2746 1185 2938 1245 modis
2969 1186 3197 1251 fierent,

618 1290 754 1366 qnia
814 1298 870 1347 et
924 1286 1159 1347 illarum
1219 1289 1547 1366 funguntur
1603 1290 1796 1349 officio
1854 1296 1911 1348 et
1971 1290 2232 1348 illarum.
2333 1287 2467 1347 ideo
2525 1286 2799 1348 dicuntur
2856 1305 3197 1348 communes

621 1389 776 1449 modi
825 1390 955 1450 esse
1000 1398 1143 1450 oete.
1236 1409 1577 1450 communes
1621 1389 1879 1471 syllabae
1936 1388 2009 1449 de
2051 1390 2177 1450 istis
2221 1388 2432 1450 litteris
2475 1390 2640 1459 fiunt,
2688 1388 2760 1449 de
2804 1388 3076 1468 liquidis:
3125 1388 3194 1448 li·

622 1490 837 1570 quidae
895 1501 1030 1552 sunt
1075 1490 1090 1551 l
1152 1499 1210 1551 et
1263 1512 1295 1552 r
1352 1494 1718 1573 frequenter,
1780 1502 1838 1554 et
1892 1511 1952 1551 m
2009 1510 2126 1551 non
2182 1507 2497 1568 numquam
2555 1490 2845 1568 liquescit.
2936 1492 3086 1551 fiunt
3128 1490 3282 1551 dem

620 1593 688 1662 h,
737 1612 887 1672 quae
933 1595 1308 1673 aspirationis
1352 1603 1488 1655 nota
1537 1603 1641 1655 est.
1702 1596 1850 1655 siunt
1893 1594 1965 1655 de
2011 1613 2057 1663 S,
2106 1612 2257 1673 quae
2303 1593 2375 1653 de
2419 1600 2611 1654 metro
2656 1592 3006 1653 excluditur.
3052 1594 3200 1653 fiunt

619 1693 972 1773 plerumque
1021 1696 1093 1756 de
1140 1716 1208 1757 ea
1252 1696 1473 1776 syllaba
1520 1717 1669 1778 quae
1713 1703 1943 1776 partem
1975 1698 2254 1756 terminat
2285 1697 2585 1764 orationis,
2633 1702 2698 1755 ut
2728 1695 2920 1762 Musa;
2968 1712 3028 1754 sa
3065 1713 3196 1774 par-

619 1806 738 1856 tem
786 1799 1064 1858 terminat
1109 1801 1420 1860 orationis:
1482 1808 1622 1880 puta
1668 1806 1894 1867 orator;
1943 1818 2010 1860 or
2039 1807 2268 1878 partem
2313 1799 2590 1859 terminat
2619 1797 2918 1857 orationis.
2975 1796 3194 1875 syllaba

622 1918 770 1978 quae
814 1908 1044 1979 partem
1091 1903 1368 1963 terminat
1413 1904 1696 1963 orationis
1751 1900 2048 1980 duplicem
2105 1900 2285 1961 babet
2339 1907 2707 1978 potestatem,
2754 1917 2864 1978 pro
2898 1897 3061 1960 brevi
3092 1918 3196 1979 po·

622 2003 780 2061 nitur
846 2010 905 2062 et
968 2022 1078 2082 pro
1144 2002 1337 2082 longa.
1430 2006 1579 2064 liunt
1643 2003 1716 2063 de
1787 2001 2195 2081 diphthongiS‚
2262 2004 2311 2062 si
2378 2000 2593 2062 vocalis
2665 2009 2966 2080 sequatur.
3056 2010 3196 2081 puta
3228 2021 3280 2061 ιε»

619 2103 942 2174 insulae,
991 2106 1042 2164 si
1085 2113 1365 2184 sequatur
1411 2105 1627 2168 vocalis
1670 2104 1932 2166 vocalem
1978 2102 2169 2174 illam,
2228 2102 2424 2164 brevis
2470 2105 2584 2164 erit
2622 2103 2742 2164 lae:
2792 2102 3197 2183 diphthongus

622 2213 709 2264 est
754 2206 1102 2267 naturaliter
1148 2206 1350 2286 longa;
1398 2207 1502 2269 sed
1549 2209 1683 2287 quia
1724 2208 1733 2285 Ι
1774 2209 2043 2287 sequitur
2086 2206 2326 2275 Ionio,
2373 2208 2392 2264 i
2438 2205 2654 2266 vocalis
2700 2206 2839 2265 fecit
2869 2201 3027 2267 illam
3064 2204 3197 2265 bre-

620 2326 766 2367 vem.
817 2309 965 2368 fiunt
1006 2307 1240 2387 longae,
1288 2313 1334 2370 si
1373 2329 1485 2371 una
1518 2312 1659 2372 item
1690 2309 1907 2371 vocalis
1939 2307 2200 2368 vocalem
2232 2317 2532 2388 sequatur,
2581 2314 2647 2368 ut
2690 2309 2761 2367 ‘o
2794 2307 3196 2384 egoinl'eli12'

620 2429 653 2470 o
702 2409 1049 2470 naturaliter
1093 2411 1290 2473 brevis
1336 2422 1491 2482 erat;
1541 2421 1741 2473 secuta
1790 2419 1880 2474 est
1924 2433 1955 2472 e
2001 2410 2216 2472 vocalis
2261 2419 2320 2471 et
2364 2410 2504 2469 fecit
2545 2407 2702 2470 illam
2747 2408 3004 2485 longam.
3053 2410 3199 2469 fiunt

622 2511 695 2570 de
727 2531 758 2571 c
788 2511 1001 2580 littera,
1037 2513 1185 2573 fiunt
1215 2514 1287 2574 de
1320 2535 1367 2575 z.
1428 2517 1523 2574 isti
1553 2522 1691 2577 sunt
1720 2522 1851 2576 octo
1883 2514 2043 2575 modi
2072 2521 2299 2573 tantum
2330 2510 2525 2573 modo.
2588 2530 2730 2590 ergo
2774 2509 3005 2571 litterae
3049 2530 3199 2592 quae
3225 2530 3278 2569 ευ

618 2615 845 2674 faciunt
876 2632 1219 2676 communes
1274 2615 1524 2694 syllabas
1577 2619 1725 2678 istae
1783 2623 1951 2678 sunt:
2011 2614 2297 2696 liquidae,
2364 2613 2423 2673 id
2480 2623 2567 2674 est
2622 2613 2640 2673 l
2699 2622 2758 2673 et
2798 2631 2858 2682 r;
2918 2613 2987 2688 h,
3047 2632 3197 2693 quae

617 2718 997 2798 aspirationis
1029 2725 1118 2777 est
1162 2726 1327 2787 nota;
1374 2738 1420 2789 S,
1470 2739 1619 2799 quae
1654 2720 1726 2779 de
1770 2728 1963 2780 metro
2011 2717 2369 2786 excluditur;
2419 2735 2487 2776 ea
2534 2713 2754 2795 syllaba
2787 2733 2937 2793 quae
2967 2725 3197 2796 partem

619 2821 898 2881 terminat
938 2822 1249 2890 orationis;
1300 2821 1727 2901 diphthongus,
1778 2823 2050 2901 quotiens
2095 2819 2310 2881 vocalis
2355 2829 2662 2897 sequatur3
2713 2798 2889 2879 unam
2935 2820 3196 2880 vocalem

619 2924 670 2982 si
716 2940 831 2981 una
878 2921 1093 2983 vocalis
1137 2933 1451 3003 sequatur;
1499 2944 1531 2984 c
1578 2932 1637 2984 et
1678 2944 1726 2985 z.

385 3042 594 3097 ·124‚10
788 3024 1122 3094 Videamus,
1170 3044 1346 3104 quem
1393 3026 1465 3086 ad
1513 3026 1751 3087 modum
1797 3027 1946 3087 fiunt
1988 3045 2097 3106 per
2142 3023 2405 3103 singulos
2438 3023 2665 3084 modos.
2727 3024 2956 3103 primus
2987 3024 3197 3086 modus
3221 3043 3279 3083 25

387 3110 592 3167 478,23
623 3135 738 3196 est,
795 3146 971 3206 quem
1029 3128 1309 3199 diximuS,
1370 3131 1472 3208 qui
1529 3130 1590 3189 fit
1648 3129 1719 3189 de
1775 3128 2032 3208 liquidis.
2095 3118 2246 3188 ‘iam
2304 3129 2366 3186 in
2421 3126 2633 3188 litteris
2690 3126 2997 3186 docuimus
3063 3128 3195 3205 quia

620 3227 874 3307 liquidae
920 3247 1238 3309 numquam
1283 3231 1647 3311 liquescunt,
1708 3232 1820 3291 nisi
1877 3230 2110 3310 quando
2164 3230 2526 3308 postpositae
2583 3237 2721 3290 sunt
2775 3227 3198 3307 praeeuntibus

620 3333 800 3391 mutis
845 3339 946 3392 aut
990 3332 1015 3391 s
1055 3333 1408 3394 semivocali.
1502 3340 1565 3393 ut
1608 3342 1749 3412 puta
1797 3333 2094 3393 videamus
2140 3330 2435 3411 exempla,
2485 3330 2587 3392 ubi
2631 3331 2980 3411 liquescant.
3060 3349 3196 3390 ecce

619 3430 802 3493 habes
848 3435 1151 3513 ‘tempora
1197 3436 1453 3496 fratris':
1549 3444 1814 3513 tempora
1859 3433 2120 3514 dactylus
2166 3442 2280 3502 est;
2337 3434 2566 3508 fratris,
2617 3434 2644 3493 f
2683 3442 2741 3493 et
2785 3453 2813 3493 r
2859 3432 3011 3493 duae
3056 3450 3192 3493 con-

620 3540 899 3593 sonantes
945 3534 1242 3597 debebant
1282 3537 1442 3599 illam
1489 3537 1725 3615 longam
1770 3538 1985 3606 facere,
2033 3545 2098 3596 ut
2141 3555 2260 3596 non
2307 3543 2464 3595 esset
2494 3534 2781 3613 dactylus,
2833 3534 2936 3595 sed
2968 3534 3192 3613 amphi·
3219 3554 3276 3592 ao

619 3653 871 3695 macrus,
963 3637 1067 3697 sed
1111 3641 1301 3718 prima
1366 3649 1453 3700 est
1498 3640 1525 3699 f
1565 3646 1623 3698 et
1667 3645 1799 3718 post
1841 3658 1890 3698 r.
1980 3638 2076 3699 hic
2131 3636 2440 3718 liquefacta
2497 3646 2588 3697 est
2642 3656 2690 3697 r.
2782 3655 2964 3715 quare
3008 3634 3194 3718 lique-

619 3738 768 3796 facta
819 3740 942 3798 est?
999 3741 1135 3818 quia
1190 3741 1219 3799 s
1269 3740 1639 3805 semivocalis
1692 3739 2015 3818 praecedit.
2104 3747 2165 3801 et
2222 3748 2289 3799 ut
2343 3746 2481 3819 puta
2538 3740 2588 3799 si
2644 3738 2804 3799 dicas
2843 3736 2852 3819 Ι
2893 3743 3194 3818 ‘tempore

621 3840 818 3899 Crassi
835 3845 872 3911 ’,
920 3848 1188 3920 tempore
1233 3843 1509 3904 similiter
1554 3841 1818 3921 dactylus
1864 3849 1968 3903 est.
2057 3852 2117 3902 et
2161 3861 2341 3922 quare
2388 3840 2657 3921 dactylus
2702 3849 2791 3901 est
2835 3848 2893 3900 et
2937 3859 3057 3901 non
3091 3860 3193 3920 po-

619 3942 735 4001 tius
780 3942 1253 4021 amphimacrus?
1299 3945 1521 4023 quare?
1566 3946 1845 4023 quoniam
1877 3943 2057 4005 habet
2085 3955 2222 4005 ante
2269 3965 2333 4006 se
2365 3952 2607 4014 mutam,
2656 3962 2805 4024 quae
2835 3950 2997 4003 muta
3026 3962 3195 4023 prae-

621 4043 841 4103 cedens
895 4045 1036 4103 fecit
1088 4064 1121 4104 r
1175 4044 1525 4125 liquescere.
1623 4046 1786 4106 vides
1842 4064 1982 4124 ergo
2039 4048 2314 4126 quoniam
2372 4065 2491 4107 non
2549 4045 2719 4106 aliter
2761 4045 3099 4123 liquescunt
3141 4052 3274 4104 etss

622 4147 767 4206 siunt
812 4145 1057 4215 breves,
1118 4147 1232 4206 nisi
1283 4147 1783 4226 praecedentibus
1838 4157 1939 4208 aut
1996 4151 2171 4210 mutis
2226 4158 2327 4209 aut
2383 4149 2411 4208 f
2462 4146 2819 4209 semivocali.
2909 4145 3095 4208 habes
3136 4149 3195 4207 in

622 4247 876 4328 Vergilio
934 4247 1036 4308 ubi
1077 4248 1394 4329 liquescat,
1446 4250 1545 4310 ubi
1589 4252 1707 4311 n'on
1749 4250 2053 4331 liquescat.
2146 4270 2283 4312 ecce
2328 4249 2599 4329 liquescit
2639 4252 2702 4311 in
2759 4248 2860 4310 illo
2906 4248 3190 4329 exemplo,

756 4459 791 4507 4
828 4469 979 4517 quam
1014 4456 1181 4519 prime
1207 4454 1302 4505 AC
1336 4471 1486 4518 quam
1520 4457 1714 4520 primae
1740 4456 1824 4505 B:
1858 4472 2007 4521 quarn
2039 4457 2231 4522 primae
2261 4457 2304 4506 si
2340 4470 2369 4505 a
2400 4462 2576 4505 natura
2609 4456 2652 4506 si
2684 4457 2746 4506 ab
2785 4455 2885 4505 illis
2913 4457 2999 4521 qui
3037 4464 3190 4505 artem

619 4526 931 4591 scripserunt
972 4536 1085 4574 octo
1124 4525 1313 4575 diceret
1353 4528 1653 4577 commones
1693 4542 1809 4576 esse
1842 4528 1991 4577 modo
2026 4528 2247 4576 diximus
2284 4527 2331 4575 L
2503 4528 2536 4577 5
2573 4523 2773 4593 modos]
2816 4527 2967 4577 modo
3007 4528 3057 4575 Α

620 4596 652 4643 8
686 4607 734 4645 et
773 4595 969 4645 illarum
1010 4600 1171 4646 altero
1209 4598 1316 4646 loco
1351 4613 1444 4647 om.
1482 4598 1670 4659 ABG,
1721 4598 1842 4647 add.
1888 4598 2257 4649 Lindemannus
2395 4612 2688 4647 communes
2735 4596 2871 4645 modi
2909 4613 3025 4647 esse
3060 4611 3189 4647 com·

618 4682 797 4716 munes
836 4667 1061 4733 syllabae
1099 4666 1265 4716 ABG
1431 4667 1497 4717 10
1534 4667 1822 4729 frequenter
1858 4685 1908 4718 m
1945 4684 2217 4731 numquam
2259 4665 2490 4730 liquescit
2518 4667 2566 4717 L
2736 4666 2799 4718 13
2837 4667 3030 4732 syllaba
3068 4681 3190 4731 quae

617 4748 808 4800 partem
840 4737 888 4784 L
918 4737 1005 4786 illa
1040 4752 1159 4802 pars
1200 4753 1328 4799 quae
1360 4747 1551 4804 partem
1588 4739 1756 4788 ABG
1787 4739 1793 4747 '
1871 4740 1936 4791 16
1967 4737 2184 4803 insulae]
2232 4738 2386 4802 Very.
2427 4739 2558 4791 Aen.
2600 4738 2668 4787 Ill
2700 4738 2794 4788 211
2940 4738 3010 4788 23
3042 4752 3189 4786 uuum

618 4808 841 4857 vocalem
882 4810 924 4857 si
968 4824 1066 4856 una
1102 4808 1290 4859 vocalis
1328 4818 1568 4872 sequatur
1599 4825 1690 4859 om.
1731 4809 1809 4869 A,
1846 4810 1968 4860 add.
2006 4826 2038 4859 a
2179 4808 2244 4858 37
2283 4808 2516 4870 liquescit
2554 4811 2602 4857 in
2643 4808 2730 4857 illo
2775 4809 3009 4873 exemplo
3053 4816 3189 4857 uasto

617 4880 844 4945 cyclopis
878 4880 927 4926 in
961 4887 1105 4927 antro
1144 4879 1367 4944 cyclopis
1396 4880 1593 4930 iambus
1630 4886 1706 4927 est
1736 4880 2030 4929 naturaliter
2063 4879 2315 4944 positione
2348 4880 2608 4944 spondeus
2639 4876 2884 4929 habemus
2923 4878 3062 4944 apud
3089 4877 3188 4927 uir-
