3541 5564
1472 347 1945 410 COMMENTVM
2864 342 2992 417 283

2623 467 2666 509 p.
2692 456 2870 495 417-19
2896 453 2939 493 1..

1272 553 1413 626 DE
1471 550 2129 626 BARBARISMO

582 707 996 769 Barbarismus
1042 715 1157 767 est:
1221 715 1278 768 et
1324 708 1544 776 definit,
1596 707 1735 785 quid
1783 714 1870 767 est
1915 705 2337 767 barbarismus.
2424 705 2776 792 plerumque
2830 705 2990 767 volu-
3017 714 3185 771 444,1

414 830 544 870 mus
590 809 844 889 aliquem
893 810 1364 889 reprehendere,
1426 818 1485 869 et
1528 811 1654 888 ipsa
1699 808 2090 889 reprehensio
2137 807 2393 868 ostendit
2440 828 2546 868 nos
2592 810 2986 886 inperitiores,

414 914 551 973 facit
607 914 809 973 nescio
866 915 968 992 qui
1024 914 1254 981 vitium,
1319 920 1376 972 et
1430 912 1562 972 dico
1617 910 1700 971 illi
1746 911 2196 972 ‘soloecismum
2254 911 2511 978 fecisti’,
2574 918 2631 971 et
2675 912 2828 971 forte
2873 929 2988 970 non

363 1015 551 1074 ssecit
595 1013 1030 1083 soloecismum,
1077 1014 1180 1075 sed
1227 1014 1694 1083 barbarismum;
1743 1021 1845 1075 aut
1901 1012 2334 1073 barbarismum
2391 1012 2557 1077 facit.
2618 1019 2677 1071 et
2732 1011 2989 1081 dico,illi

414 1118 543 1196 quia
590 1115 980 1195 acyrologiam
1029 1117 1186 1179 fecit.
1278 1117 1413 1177 dum
1462 1115 1729 1176 volumus
1788 1134 1895 1175 nos
1948 1115 2113 1175 illum
2169 1113 2637 1194 reprehendere,
2697 1132 2804 1173 nos
2849 1134 2988 1173 con·

415 1220 646 1279 litemur
693 1237 820 1278 esse
867 1219 1127 1278 vitiosos,
1219 1235 1361 1295 ergo
1418 1216 1703 1277 debemus
1761 1216 1990 1295 singula
2047 1217 2210 1285 vitia,
2271 1235 2419 1295 quae
2477 1215 2696 1277 habent
2749 1218 2987 1295 propria

415 1322 669 1389 nomina,
716 1322 977 1400 propriis
1025 1318 1361 1380 nominibus
1408 1322 1759 1399 vituperare,
1809 1338 1885 1378 ne
1929 1337 2040 1379 nos
2081 1319 2140 1378 in
2189 1320 2323 1378 vitia
2369 1318 2693 1378 trahamur.
2724 1336 2731 1347 ⁸
2760 1326 2824 1378 ut
2851 1326 2988 1397 puta

412 1421 549 1500 qnid
598 1430 687 1482 est
733 1420 1173 1482 barbarismus?
1233 1423 1311 1483 ita
1357 1421 1595 1489 definit,
1643 1420 2084 1482 ‘barbarismus
2130 1430 2218 1481 est
2262 1423 2466 1481 vitium
2511 1420 2726 1480 sactum
2773 1422 2832 1480 in
2879 1439 2991 1481 una

340 1542 389 1578 ιο
415 1532 581 1603 parte
627 1525 924 1592 orationiS,
972 1523 1355 1584 soloecismus
1396 1530 1486 1584 'est
1531 1524 1731 1583 vitium
1779 1523 1996 1583 factum
2041 1524 2101 1582 in
2149 1530 2425 1582 contextu
2459 1523 2710 1602 partium
2757 1520 2987 1601 oratio-J

415 1627 564 1685 nis’.
652 1634 717 1685 ut
769 1634 908 1704 puta
966 1627 1201 1706 quando
1258 1627 1390 1686 dico
1446 1624 1673 1685 columa
1730 1643 1839 1704 pro
1897 1644 1967 1684 eo
2023 1623 2176 1704 quod
2225 1633 2312 1684 est
2355 1624 2653 1693 columna,
2714 1625 2990 1704 quoniam

414 1746 526 1787 una
571 1745 709 1806 pars
755 1735 845 1788 est
892 1729 1203 1796 orationis,
1264 1735 1323 1787 et
1382 1728 1441 1786 in
1505 1728 1631 1807 ipsa
1699 1745 1814 1787 una
1867 1733 2034 1805 parte
2100 1727 2384 1786 orationis
2439 1728 2551 1786 iam
2612 1724 2813 1786 vitium
2886 1735 2989 1796 est,

414 1830 631 1890 dicitur
677 1828 1110 1897 barbarismus;
1159 1828 1393 1906 quando
1439 1827 1846 1890 dieo'mamor
1892 1846 2000 1906 pro
2047 1846 2117 1888 eo
2163 1827 2318 1908 quod
2367 1837 2454 1889 est
2500 1846 2788 1896 marmor,
2846 1847 2991 1907 quo-

414 1933 569 1992 niam
620 1950 733 1991 una
780 1950 919 2009 pars
965 1940 1052 1991 est
1098 1932 1384 1991 orationis
1442 1937 1501 1989 et
1553 1930 1756 1990 vitiosa
1818 1939 1937 2001 est;
1999 1936 2055 1989 et
2102 1936 2166 1990 ut
2209 1937 2345 2009 puta
2391 1931 2441 1989 si
2487 1929 2647 1989 dicas
2694 1928 2994 2009 relliquias

340 2050 388 2089 15
416 2053 523 2114 pro
582 2052 651 2094 eo
706 2032 864 2112 quod
923 2040 1011 2093 est
1065 2031 1362 2113 reliquias.
1464 2049 1606 2110 ergo
1665 2033 1870 2092 vitium
1928 2033 2146 2093 sactum
2202 2033 2263 2091 in
2323 2050 2437 2091 una
2494 2039 2663 2110 parte
2708 2033 2993 2091 orationis

415 2135 817 2195 barbarismus
862 2144 969 2195 est.
1046 2134 1181 2214 quid
1230 2136 1280 2195 si
1323 2137 1381 2194 in
1430 2135 1757 2194 conexione
1805 2134 1936 2194 siat?
1998 2153 2117 2194 non
2163 2132 2377 2193 dicitur
2422 2132 2841 2203 barbarismuS,
2889 2133 2990 2193 sed

414 2237 826 2305 soloecismuS,
891 2245 953 2296 ut
1008 2234 1170 2305 illud,
1219 2235 1423 2296 ‘multi
1468 2234 1611 2296 mihi
1679 2234 1950 2295 homines
2018 2236 2292 2295 iniuriam
2365 2235 2557 2294 lecit'.
2664 2255 2802 2295 ecce
2869 2238 2992 2315 ipsa

416 2341 661 2400 conexio
707 2338 885 2399 habet
928 2339 1153 2397 vitium.
1245 2344 1303 2397 et
1358 2337 1488 2398 vide
1543 2356 1718 2417 quem
1766 2336 1837 2396 ad
1888 2335 2125 2396 modum
2174 2339 2464 2415 expressit
2507 2336 2761 2405 Plinius,
2821 2356 2990 2416 quam

417 2440 569 2502 bene
615 2451 674 2501 et
715 2442 947 2518 integre
994 2440 1151 2500 dicit.
1244 2439 1380 2517 quid
1440 2448 1530 2501 est
1583 2438 2023 2500 barbarismus?
2094 2438 2250 2516 quod
2310 2458 2427 2499 non
2473 2439 2690 2499 dicitur
2735 2457 2843 2518 per
2888 2458 2994 2499 na-

340 2551 628 2604 aoturam.
731 2542 868 2621 quid
930 2549 1019 2603 est
1073 2542 1498 2603 soloecismus?
1568 2542 1722 2620 quod
1787 2540 1937 2602 male
1995 2559 2100 2621 per
2158 2548 2343 2601 artem
2403 2541 2634 2602 dicitur.
2736 2559 2871 2601 nam
2930 2560 2994 2600 re

413 2664 552 2705 vera
599 2644 1000 2705 barbarismus
1054 2662 1164 2723 per
1219 2651 1490 2705 naturam
1548 2661 1666 2703 non
1710 2651 1908 2723 potest
1961 2643 2094 2703 dici.
2185 2644 2285 2723 qui
2346 2645 2503 2703 enim
2561 2642 2716 2703 dicat
2769 2662 2995 2704 mamor

415 2754 515 2808 aut
560 2745 888 2808 columam?
957 2765 1067 2827 per
1110 2754 1379 2809 naturam
1439 2764 1556 2807 non
1601 2754 1795 2826 potest
1841 2744 1977 2806 dici.
2067 2744 2299 2824 quando
2357 2752 2553 2807 autem
2612 2744 2744 2806 dico
2791 2745 2995 2807 ‘multi

415 2848 560 2911 mihi
605 2848 875 2910 homines
920 2850 1193 2910 iniuriam
1242 2849 1435 2919 fecit',
1486 2866 1602 2908 non
1649 2867 1757 2927 per
1803 2859 2074 2909 naturam
2119 2835 2237 2908 non
2285 2856 2480 2927 potest
2534 2848 2678 2921 dici,
2739 2848 2841 2908 sed
2889 2867 2995 2927 per

416 2959 604 3012 artem
661 2969 780 3012 non
837 2958 1032 3030 potest
1089 2951 1221 3010 dici.
1325 2959 1387 3010 ut
1443 2957 1635 3010 tamen
1694 2949 1813 3009 huc
1868 2951 2098 3010 animus
2153 2951 2401 3018 reserat,
2472 2949 2995 3029 quotienscumque

339 3073 391 3110 25
418 3053 847 3116 barbarismum
906 3052 1181 3121 dicimus,
1246 3054 1578 3112 invenimus
1633 3053 1819 3131 ipsam
1879 3071 2052 3112 unam
2111 3059 2340 3133 partem
2399 3053 2681 3112 orationis
2729 3054 2994 3112 vitiosam

417 3175 575 3225 esse;
624 3158 1153 3235 quotienscumque
1200 3152 1615 3215 soloecismum
1661 3154 1941 3228 dicimuS,
2000 3153 2261 3232 singulas
2318 3152 2556 3233 quidem
2612 3131 2811 3233 partes
2868 3172 2996 3214 esse

416 3260 699 3336 integrm,
744 3256 847 3318 sed
894 3257 1285 3334 conexionem
1332 3273 1451 3316 non
1498 3274 1627 3316 esse
1673 3257 1980 3334 integram.
2049 3274 2183 3316 nain
2229 3274 2294 3314 re
2325 3274 2459 3315 vera
2505 3254 2767 3332 singulae
2797 3266 2997 3334 partes

415 3361 682 3437 integrae
726 3367 891 3443 sunt:
957 3366 1015 3418 et
1059 3357 1225 3418 multi
1271 3357 1510 3418 latinum
1560 3364 1677 3426 est,
1739 3364 1798 3417 et
1841 3355 1985 3417 mihi
2029 3357 2274 3417 latinum
2324 3364 2438 3427 est,
2500 3365 2557 3417 et
2601 3357 2869 3419 homines
2912 3358 2997 3432 la7

408 3463 602 3522 tinum
652 3467 768 3529 est,
819 3468 876 3520 et
929 3460 1204 3519 iniuriam
1250 3460 1497 3520 latinum
1546 3466 1659 3529 est,
1720 3469 1779 3519 et
1823 3460 1961 3519 fecit
2007 3457 2014 3537 Ι
2064 3459 2304 3520 latinum
2359 3467 2463 3519 est.
2556 3459 2659 3519 sed
2718 3462 2994 3540 quoniam

341 3582 536 3623 eonon
586 3563 700 3623 sibi
744 3560 1110 3641 respondent
1153 3564 1315 3640 ipsae
1361 3569 1591 3640 parteS‚
1648 3561 1783 3622 ideo
1841 3562 2092 3621 dicimus
2147 3581 2274 3622 esse
2331 3561 2763 3622 soloecismum.
2853 3581 2996 3641 ergo

416 3666 945 3744 quotienscumque
989 3664 1259 3741 singulae
1303 3672 1501 3742 partes
1544 3664 1811 3741 integrae
1856 3673 2010 3733 sunt,
2061 3663 2162 3723 sed
2196 3663 2442 3723 conexio
2475 3682 2592 3723 non
2626 3671 2715 3723 est
2744 3665 2993 3742 integra,

415 3767 800 3828 soloecismus
845 3774 962 3834 est;
1028 3767 1301 3845 quotiens
1354 3765 1418 3825 fit
1474 3784 1588 3826 una
1628 3785 1769 3845 pars
1824 3767 2059 3835 vitiosa,
2121 3764 2554 3826 barbarismum
2613 3765 2767 3827 facit.
2858 3786 2997 3827 ecce

418 3867 599 3929 habes
642 3869 966 3938 rationem,
1015 3886 1128 3946 qua
1174 3867 1613 3946 deprehendas,
1671 3868 1906 3948 quando
1952 3877 2041 3928 est
2083 3866 2225 3927 illud
2272 3869 2504 3938 vitium,
2554 3869 2785 3946 quando
2830 3869 2994 3928 illud.

585 3971 898 4031 Praeterea
954 3967 1355 4029 barbarismus
1412 3969 1656 4038 dieitur,
1713 3970 1763 4030 si
1821 3969 1921 4030 fiat
1973 3971 2032 4030 in
2090 3969 2278 4030 soluta
2336 3971 2630 4038 oratione;
2699 3971 2749 4029 si
2800 3979 3198 4048 antem444,a

340 4089 392 4131 ³5
418 4076 517 4134 fiat
559 4070 623 4132 in
670 4079 880 4140 metro,
927 4070 1346 4150 metaplasmus
1392 4073 1626 4133 dicitur.
1715 4079 1855 4150 puta
1910 4073 1960 4131 si
2006 4089 2116 4150 ego
2160 4073 2220 4132 in
2268 4071 2453 4133 solnta
2510 4073 2779 4133 oratione
2823 4071 2996 4132 velim

420 4175 618 4235 dicere
662 4171 966 4252 relliquias
1011 4172 1326 4242 Catilinna,
1383 4175 1532 4234 facio
1589 4172 2053 4242 barbarismum;
2111 4174 2161 4233 si
2206 4182 2399 4234 autem
2447 4191 2624 4235 causa
2667 4175 2842 4234 metri
2886 4173 2998 4234 boc

420 4278 650 4346 faciam,
699 4275 849 4335 facio
897 4274 1346 4354 metaplasmum
1396 4273 1745 4356 [relliquiaS,
1795 4277 1844 4335 si
1889 4277 1947 4334 in
1996 4294 2166 4336 versu
2197 4274 2436 4355 dicam}
2504 4274 2606 4335 sed
2645 4276 2998 4355 plerumque

420 4379 709 4455 contingit
751 4386 815 4437 ut
871 4377 1048 4437 etiam
1092 4378 1153 4437 in
1198 4375 1463 4436 versibus
1519 4375 2035 4456 deprehendamus
2092 4375 2509 4439 barbarismos
2598 4385 2657 4437 et
2715 4377 2846 4437 dico
2894 4377 2997 4438 tibi

562 4566 586 4616 1
629 4580 694 4613 na
732 4579 1047 4615 aaaaaansuo
1085 4565 1136 4615 B
1171 4565 1244 4615 De
1283 4564 1594 4613 barbarismo
1634 4564 1777 4612 iuxta
1809 4563 2104 4628 Pompeium
2144 4565 2186 4614 S
2322 4564 2354 4615 3
2386 4563 2591 4627 aliquod
2631 4563 2996 4630 reprehendere

423 4637 464 4686 Ο
605 4633 669 4685 10
705 4634 756 4684 in
794 4645 1030 4685 contextu
1069 4634 1150 4686 Cb
1185 4635 1234 4684 in
1275 4635 1552 4683 conexione
1591 4633 1694 4684 BS
1731 4635 1781 4684 in
1822 4634 2144 4683 contextione
2181 4633 2228 4682 P
2371 4633 2436 4685 18
2473 4633 2675 4699 plenius
2713 4634 2862 4685 BCS

422 4704 556 4767 quod
595 4707 753 4769 (corr.
795 4720 944 4767 quam
979 4706 1029 4764 c)
1055 4705 1181 4754 bene
1213 4705 1255 4756 C
1356 4704 1423 4755 23
1461 4718 1560 4752 non
1599 4703 1762 4753 solum
1800 4719 1890 4769 per
1925 4712 2155 4752 naturam
2194 4719 2291 4753 non
2328 4712 2492 4770 potest
2520 4704 2621 4754 dici
2657 4706 2748 4754 sed
2787 4721 2878 4754 nec
2909 4722 2999 4771 per

421 4783 578 4823 artem
617 4788 718 4823 non
755 4785 927 4840 potest
961 4775 1059 4825 dici
1096 4775 1136 4825 C
1311 4776 1377 4826 26
1413 4773 1646 4837 singulae
1682 4775 1887 4836 quidem
1933 4784 2102 4838 partes
2142 4776 2370 4840 integrae
2408 4776 2497 4824 sed
2540 4776 2750 4824 conexio
2784 4790 2882 4825 non
2922 4784 2997 4826 eat

422 4845 621 4910 integra
653 4844 693 4894 G
828 4845 896 4896 36
933 4844 1166 4895 catilinna
1205 4844 1256 4894 B
1291 4842 1512 4895 catillina
1549 4841 1590 4891 S
1626 4843 1860 4893 catillena
1900 4844 1940 4894 C
1965 4844 2221 4894 cantillina
2256 4861 2283 4894 c
