3541 5564
1477 365 1622 426 Ans
1679 365 1704 425 1
1750 368 1935 427 3—-6
2867 359 2990 426 451

476 486 516 526 p.
547 474 660 514 214⁷.
688 476 739 513 48
767 473 816 514 P.
2630 484 2672 526 p.
2701 474 2789 514 156.
2816 474 2868 514 57
2899 470 2942 511 1..

422 562 617 633 potest
659 556 883 614 venire.
970 554 1124 614 lanio
1168 572 1400 634 quoque
1447 552 1694 615 verbum
1739 574 1772 614 a
1817 554 2053 614 nomine
2096 554 2316 623 lanius,
2364 554 2519 633 quod
2565 554 2723 614 idem
2767 553 2991 614 Teren·
3082 570 3093 579 ·

425 657 542 715 tius
587 657 647 715 in
693 656 898 717 eadem
929 656 1214 717 Eunucho
1259 656 1570 735 pluraliter
1613 674 1721 735 per
1764 675 2085 736 apocopam
2130 658 2354 736 posuit,
2403 656 2596 716 ‘coci
2643 656 2795 716 lani
2838 657 2991 716 far-

424 759 683 826 tores’,
731 777 847 818 non
895 766 985 818 est
1029 758 1275 819 dubium
1319 760 1471 819 fieri.
1546 758 1832 838 quidquid
1877 759 2059 836 igitur
2106 758 2350 819 verbum
2398 760 2457 818 in
2506 761 2561 818 io
2607 759 2887 818 desinens
2933 765 2993 818 et

423 860 723 937 praedicta
768 878 978 920 carens
1023 859 1467 929 observatione,
1530 861 1590 921 id
1636 867 1728 922 est
1772 863 1897 922 sive
1941 862 2178 940 penitus
2223 861 2451 938 origine
2496 860 2754 920 nominis
2797 861 2991 939 priva·

371 982 396 1017 a
423 968 547 1020 tuni
593 969 712 1031 est,
760 962 883 1023 sive
929 980 960 1022 a
1007 963 1242 1023 nomine
1289 963 1618 1024 derivatum
1649 981 1768 1022 non
1800 962 1982 1023 habet
2009 962 2335 1024 adhaerens
2380 961 2498 1023 sibi
2544 981 2758 1023 nomen
2802 963 2991 1022 omni-

421 1062 533 1123 bus
579 1064 769 1125 modis
814 1072 872 1124 et
921 1063 1073 1123 ultra
1120 1064 1266 1126 duas
1311 1063 1569 1144 syllabas
1614 1071 1675 1123 et
1729 1065 2094 1143 paenultima
2152 1064 2372 1145 syllaba
2429 1067 2490 1125 in
2548 1067 2569 1125 i
2623 1082 2835 1144 puram
2891 1063 2990 1124 (le-

420 1167 652 1236 sinenS,
719 1174 963 1245 quartae
1031 1184 1160 1226 esse
1226 1167 1662 1242 coniugationis
1730 1168 1861 1226 sine
1927 1166 2109 1227 dubio
2180 1168 2579 1245 cognoscitur.
2668 1167 2837 1226 cuius
2901 1167 2987 1225 rei

421 1268 686 1347 exempla
733 1276 870 1328 sunt
911 1267 1088 1338 haec,
1137 1266 1334 1328 ambio
1379 1267 1599 1337 ambis,
1656 1267 1940 1347 superbio
1984 1268 2290 1348 superbiS‚
2348 1270 2551 1330 sancio
2596 1270 2819 1338 sanciS,
2866 1287 2989 1329 sar-

420 1371 513 1429 cio
557 1371 773 1438 sarciS,
819 1371 1007 1431 farcio
1052 1370 1301 1448 expedio
1347 1370 1607 1449 impedio
1652 1371 1894 1433 fastidio
1925 1371 2138 1431 condio
2169 1371 2439 1432 custodio
2483 1371 2694 1432 erudio
2740 1369 2991 1431 oboedio
3064 1384 3076 1395 ⁸

349 1490 398 1526 ιο
424 1473 592 1549 ragio
647 1474 954 1551 praesagio
1010 1472 1156 1532 salio
1212 1471 1438 1550 sepelio
1493 1470 1732 1533 stabilio
1782 1474 1790 1554 Ι
1839 1472 2043 1535 mollio
2088 1472 2275 1534 bullio
2320 1472 2551 1533 dormio
2594 1472 2846 1534 redimio
2892 1491 2991 1533 ex-

421 1576 621 1634 inanio
668 1575 897 1635 insanio
940 1574 1097 1634 lenio
1142 1575 1313 1634 venio
1358 1574 1616 1651 insignio
1660 1576 1803 1635 finio
1848 1575 2055 1636 hinnio
2100 1577 2291 1635 tinnio
2335 1577 2591 1653 grunnio
2636 1576 2841 1636 munio
2885 1595 2992 1654 pu-

422 1676 517 1735 nio
572 1678 773 1755 saepio
831 1678 996 1756 sopio
1051 1677 1204 1735 serio
1250 1678 1527 1755 cooperio
1572 1679 1778 1755 aperio
1822 1677 2021 1754 garrio
2066 1676 2316 1754 ligurrio
2361 1679 2558 1738 esurio
2603 1680 2803 1738 nutrio
2851 1679 2992 1737 mic-

421 1778 576 1838 turio
631 1779 837 1858 prurio
892 1780 1162 1858 parturio
1218 1776 1429 1838 haurio
1497 1780 1715 1839 inretio
1770 1781 1965 1840 sentio
2020 1781 2210 1856 gestio
2278 1781 2465 1841 vestio
2531 1780 2733 1840 effutio
2800 1781 2994 1840 servio

419 1882 642 1948 saevio,
691 1879 963 1940 blandior
1011 1879 1330 1948 blandiriS,
1380 1879 1579 1939 ordior
1609 1880 1858 1951 ordiriS,
1907 1882 2133 1959 largior
2175 1882 2442 1959 largiriS,
2491 1884 2712 1943 sortior
2740 1882 2991 1949 sortiris,

343 1996 393 2033 15
422 1984 645 2060 partior
689 1983 953 2061 partiriS.
1043 1982 1187 2042 haec
1242 1984 1399 2042 enim
1458 1984 1654 2042 omnia
1712 1983 1806 2043 vel
1863 1984 2163 2062 primitiva
2209 1992 2347 2043 sunt
2391 1990 2453 2043 et
2496 1991 2701 2044 carent
2744 1983 2991 2061 origine,

421 2084 506 2144 vel
554 2084 792 2145 aliunde
837 2083 1101 2144 derivata
1145 2102 1262 2143 non
1308 2104 1339 2144 a
1386 2082 1726 2144 nominibus
1756 2102 1873 2146 non
1906 2085 2101 2145 minus
2132 2084 2451 2164 trisyllabis
2494 2086 2514 2144 i
2560 2104 2769 2164 puram
2814 2103 2992 2164 paen-

422 2187 689 2247 ultimam
733 2204 970 2264 semper
1016 2184 1376 2246 habentibus
1420 2188 1684 2247 veniunt.
1755 2196 1954 2248 tamen
2004 2182 2028 2267 ΙΙ
2077 2194 2356 2247 notantur
2399 2206 2614 2266 pauca,
2661 2205 2812 2267 quae
2859 2205 2993 2265 spe-

419 2289 569 2349 ciem
613 2287 894 2349 habentia
940 2306 1118 2366 supra
1165 2288 1488 2357 dictorum,
1546 2306 1679 2348 cum
1726 2289 2006 2350 similiter
2051 2288 2342 2350 deberent
2387 2308 2517 2350 esse
2563 2296 2810 2369 quartae
2855 2307 2991 2349 con-

420 2390 764 2467 iugationiS,
823 2389 895 2450 ad
950 2393 1185 2450 tertiam
1242 2398 1577 2470 correptam
1635 2391 1827 2451 solam
1866 2392 2221 2471 perveniunt
2266 2393 2766 2470 coniugationem.
2856 2398 2995 2452 sunt

337 2507 390 2546 ευ
419 2500 614 2552 autem
670 2492 763 2552 vel
819 2512 850 2552 a
909 2492 997 2552 vel
1056 2493 1073 2552 i
1131 2491 1343 2553 breves
1399 2497 1534 2553 ante
1590 2495 1684 2553 cio
1740 2493 1931 2553 solum
1989 2502 2047 2554 et
2092 2512 2123 2554 a
2171 2493 2260 2554 vel
2306 2512 2344 2553 u
2390 2500 2523 2554 ante
2566 2495 2669 2573 pio
2714 2493 2995 2554 similiter

418 2592 727 2662 habentia,
798 2602 861 2655 ut
926 2594 1077 2654 iacio
1143 2596 1297 2655 l'acio
1354 2596 1579 2673 aspicio
1636 2594 1811 2655 elicio
1864 2593 2069 2655 inlicio
2125 2594 2366 2674 pellicio
2431 2596 2732 2658 interficio
2797 2596 2994 2656 officio

415 2698 588 2775 capio
631 2698 798 2775 sapio
843 2696 1045 2776 cupio,
1106 2705 1167 2757 et
1219 2704 1532 2776 praeterea
1575 2696 1736 2757 fodio
1781 2698 1946 2775 fugio
1990 2698 2161 2777 pario
2205 2699 2408 2777 quatio
2454 2700 2729 2759 concutio
2774 2698 2994 2757 morior

410 2800 638 2878 patior,
700 2806 760 2860 et
811 2798 1111 2859 interdum
1167 2800 1352 2860 oriora
1382 2806 1442 2859 et
1496 2802 1718 2880 potior,
1767 2807 1830 2859 et
1873 2802 2070 2861 omnia
2118 2819 2187 2860 ex
2235 2800 2329 2860 his
2373 2801 2623 2878 singulis
2667 2802 2993 2880 conposita.

411 2901 526 2961 alia
576 2919 716 2961 vero
761 2902 955 2962 omnia
1011 2900 1219 2970 verba,
1277 2920 1427 2981 quae
1484 2902 1668 2963 vocali
1727 2909 1934 2963 carent
1993 2909 2129 2963 ante
2172 2921 2207 2962 o
2252 2902 2519 2971 finalem.
2568 2903 2818 2963 duarum
2863 2909 2992 2962 tan-

331 3022 383 3060 25
421 3010 545 3064 tuin
602 3004 776 3063 modo
822 3011 962 3064 sunt
1006 3005 1517 3081 coniugationum‚
1565 3005 1625 3064 id
1681 3012 1772 3066 est
1816 3006 2043 3082 primae
2089 3013 2150 3064 et
2196 3006 2443 3076 tertiae;
2491 3005 2594 3066 sed
2640 3004 2992 3084 plerumque

411 3106 643 3184 primae
687 3112 827 3166 sunt
869 3124 1019 3185 quae
1066 3106 1408 3167 derivantur
1453 3126 1484 3166 a
1530 3105 1891 3167 nominibus.
1961 3124 2134 3166 omne
2180 3107 2337 3167 enim
2385 3106 2630 3168 verbum
2678 3126 2710 3167 a
2756 3108 2993 3167 nomine

413 3207 775 3278 derivatum,
834 3209 885 3266 si
942 3226 1059 3268 non
1116 3208 1192 3268 sit
1246 3207 1651 3268 meditativum
1712 3208 1803 3268 vel
1859 3207 2256 3269 inchoativum
2314 3209 2404 3271 vel
2476 3210 2992 3288 trequentativum,

411 3327 566 3389 quae
612 3311 780 3388 quasi
826 3309 1115 3390 speciales
1160 3308 1379 3370 habent
1423 3310 1868 3387 coniugationes
1913 3311 2212 3390 proprias,
2259 3318 2321 3370 et
2362 3310 2561 3371 necin
2594 3330 2664 3372 eo
2694 3311 2993 3380 desinenS,

414 3419 483 3471 ut
527 3411 855 3480 secundae,
904 3411 996 3471 vel
1043 3413 1105 3471 iu
1152 3430 1226 3471 uo
1269 3413 1668 3491 primitivum,
1719 3419 1784 3471 ut
1827 3413 2067 3480 tertiae,
2126 3413 2218 3473 vel
2273 3415 2336 3473 in
2391 3413 2451 3472 io
2494 3414 2624 3473 sine
2671 3413 2995 3492 praedictis

335 3531 385 3571 ao
413 3512 967 3582 observationibuS,
1018 3521 1080 3573 ut
1124 3521 1371 3592 quartae
1417 3515 1522 3583 sit,
1557 3515 1785 3592 primae
1818 3513 2166 3593 plerumque
2199 3515 2631 3591 coniugationis
2674 3516 2993 3576 invenitur.

587 3614 702 3675 Sed
757 3617 894 3694 quia
953 3623 1091 3676 sunt
1144 3623 1203 3676 et
1260 3634 1292 3676 a
1346 3614 1690 3677 nominibus
1745 3615 2042 3698 verbamet
2097 3637 2128 3677 a
2175 3616 2370 3677 verbis
2426 3618 2665 3677 nomina
2712 3615 2995 3686 derivata,

411 3736 565 3797 quae
622 3725 871 3796 possunt
925 3719 986 3777 in
1046 3717 1291 3778 dubium
1351 3719 1584 3786 venire,
1645 3719 1814 3796 prius
1859 3718 2006 3778 mihi
2054 3718 2283 3778 videtur
2328 3718 2400 3779 de
2446 3717 2556 3778 hac
2602 3718 2826 3798 aliquid
2874 3738 2994 3780 am-

413 3819 733 3896 biguitate,
784 3820 834 3878 si
878 3821 1130 3898 possim,
1179 3820 1496 3880 disserere.
1585 3820 1787 3899 itaque
1843 3819 2150 3881 sciendum
2207 3826 2299 3880 est
2341 3820 2529 3899 quod,
2577 3821 2729 3881 sicut
2772 3840 2992 3891 rerum,

410 3939 717 4000 quaequae
779 3922 926 3988 sint,
985 3923 1071 3981 sic
1132 3923 1308 3983 etiam
1365 3921 1624 3982 ubertati
1688 3940 1896 3981 vocum
1952 3922 2195 3983 studens
2253 3930 2462 3983 natura
2514 3931 2638 3983 tam
2699 3922 2875 3983 verba
2922 3924 2994 3984 de

332 4042 383 4080 35
417 4022 760 4084 nominibus
816 4041 991 4103 quam
1051 4023 1122 4083 de
1180 4023 1379 4084 verbis
1434 4026 1671 4086 nomina
1728 4027 2081 4104 procreavit.
2172 4034 2231 4085 et
2285 4025 2467 4084 multa
2522 4024 2761 4104 quidem
2807 4044 2994 4104 paene

414 4125 487 4184 de
546 4118 795 4203 singulis
852 4126 1155 4199 nominum
1216 4126 1737 4188 terminationibus
1794 4130 2028 4205 genuit,
2101 4146 2251 4207 quae
2308 4127 2536 4204 primae
2594 4128 2992 4205 coniugationi

555 4367 586 4412 2
624 4365 675 4412 in
715 4364 893 4413 eodem
924 4363 1006 4413 Ρ.·
1049 4364 1181 4413 Ειιη.
1210 4365 1253 4413 11
1283 4365 1334 4423 2,
1360 4362 1428 4414 26
1534 4364 1705 4428 posuit
1748 4374 1802 4412 ιιι
1839 4363 1947 4412 coci
1982 4314 2024 4409 bt
2053 4363 2152 4411 lani
2192 4364 2244 4414 B
2281 4364 2452 4429 posuit
2486 4372 2536 4413 et
2570 4364 2706 4414 eocei
2744 4363 2844 4414 lani
2874 4373 2894 4415 t

419 4432 629 4482 sartores
670 4434 805 4497 quod
844 4448 941 4483 non
972 4433 1084 4482 BP
1219 4432 1253 4483 6
1293 4431 1620 4498 penultimam
1659 4432 1908 4496 syllabam
1945 4433 2056 4482 BP
2198 4434 2261 4484 12
2295 4430 2553 4498 cooperio]
2598 4434 2772 4499 operio
2811 4435 2893 4485 Bt

417 4502 649 4553 micturio
680 4531 750 4542 —·
786 4503 961 4553 effutio
992 4511 1111 4566 pose
1146 4502 1349 4552 stabilio
1386 4504 1535 4552 habet
1567 4502 1618 4551 B
1759 4500 1823 4553 13
1857 4502 2015 4551 vestio
2056 4517 2147 4552 om.
2181 4502 2230 4552 B
2370 4503 2543 4551 effutio
2581 4517 2615 4560 ς
2643 4502 2819 4569 effigio
2855 4521 2989 4557 corr.

417 4571 610 4638 effugio
648 4572 713 4636 B,
747 4591 840 4626 om.
873 4573 948 4623 Pt
986 4573 1160 4623 effutio
1193 4581 1313 4634 post
1342 4574 1486 4640 sopio
1523 4573 1672 4623 habet
1706 4581 1725 4623 e
1868 4572 1931 4623 15
1969 4572 2166 4637 origine
2206 4571 2465 4623 nominum
2503 4581 2567 4630 ις
2733 4572 2798 4624 19
2833 4575 2993 4626 solam

417 4643 824 4707 coniugationem
873 4644 1124 4709 pertinent
1161 4643 1211 4692 B
1381 4643 1446 4694 19
1491 4650 1609 4692 sunt
1644 4649 1812 4691 autem
1851 4642 1951 4691 alia
1987 4657 2017 4690 a
2068 4641 2146 4689 uel
2187 4643 2200 4690 i
2246 4643 2349 4692 BP
2386 4652 2503 4692 sunt
2549 4651 2716 4692 autem
2766 4646 2917 4695 uerba
2966 4663 2992 4692 a

418 4708 495 4757 uel
538 4711 552 4759 i
585 4713 620 4774 f
647 4723 765 4762 sunt
790 4721 957 4763 antem
995 4713 1096 4764 alia
1133 4713 1285 4763 uerba
1320 4713 1399 4762 uel
1436 4728 1465 4762 a
1506 4713 1582 4762 uel
1623 4712 1638 4759 i
1675 4719 1695 4761 t
1842 4712 1909 4762 20
1947 4712 2118 4761 breuis
2149 4712 2200 4760 P
2336 4719 2384 4760 et
2421 4712 2519 4763 alia
2555 4729 2585 4763 a
2624 4712 2703 4761 uel
2745 4729 2775 4762 u
2812 4716 2863 4764 P

415 4779 484 4828 22
511 4790 561 4831 et
601 4790 862 4846 praeterea
888 4793 1005 4835 sunt
1043 4783 1179 4833 l'odio
1207 4783 1259 4833 B
1391 4784 1459 4833 24
1497 4782 1649 4832 verba
1683 4797 1775 4836 om.
1806 4782 1856 4831 B
1971 4781 2040 4834 29
2074 4789 2130 4831 ut
2166 4791 2215 4831 et
2250 4782 2426 4832 tertiae
2451 4784 2502 4833 P
2638 4780 2708 4834 30
2744 4785 2995 4842 invenitur

412 4863 504 4903 om.
540 4851 667 4916 BP,
706 4853 831 4908 add.
867 4856 930 4917 tf
1058 4853 1125 4904 32
1161 4853 1353 4919 aliquid
1389 4854 1458 4905 al.
1486 4867 1616 4904 man.
1652 4852 1778 4906 add.
1816 4854 1867 4904 P
