3541 5564
565 353 649 423 32
1679 354 2028 423 CLEDONII

617 484 658 523 p.
688 471 889 511 1886—ae
918 469 959 509 Ρ.

566 552 720 611 enim
767 568 912 610 sono
957 547 1273 609 dicendum
1318 556 1437 617 est;
1487 549 1904 610 circumflexus
1948 551 2048 628 qui
2093 550 2356 629 tractim,
2409 560 2475 612 ut
2516 551 2736 626 Roma3
2793 556 2990 630 gravis
3035 555 3134 634 qui

365 672 481 733 371,
509 671 771 732 spressa
816 670 957 712 voce
1000 651 1178 712 habet
1221 659 1544 712 accentum.
1608 686 1683 693 —
1743 650 2300 712 circumflexus
2354 660 2644 714 acutus:
2717 654 2872 715 hanc
2916 655 3136 716 habent

566 754 1062 824 observationem,
1132 754 1193 813 in
1224 753 1478 830 *graecis
1542 752 1884 813 nominibus
1949 750 2239 832 [syllabis]
2308 763 2586 816 accentus
2651 763 2741 816 est
2804 758 2867 825 in,
2933 757 3133 819 ultima

563 855 891 936 penultima
938 864 996 916 et
1038 853 1522 935 antepenultima:
1567 856 1629 914 in
1671 852 1867 914 latinis
1907 850 2107 915 ultima
2139 854 2358 934 syllaba
2398 859 2406 934 Ι
2446 865 2753 919 accentum
2786 877 2905 918 non
2936 858 3133 920 habet.

562 976 704 1019 sane
749 976 782 1018 a
837 959 981 1027 fine,
1050 956 1164 1017 hoc
1219 963 1307 1016 est
1362 955 1436 1015 ab
1489 954 1717 1026 ultima,
1788 956 2349 1034 conputandi·sunt
2412 967 2705 1019 accentus
2797 962 2906 1021 tria
2963 959 3188 1022 habet5

565 1067 955 1138 cognomenta
999 1067 1302 1120 accentus:
1350 1065 1460 1117 aut.
1494 1059 1620 1117 toni
1665 1065 1804 1117 sunt
1846 1065 1946 1118 aut
1990 1065 2228 1119 tenores
2272 1068 2373 1120 aut
2401 1069 2698 1129 accentus,
2747 1065 2934 1123 tonia
2966 1082 3135 1134 sono,

508 1173 539 1220 6
565 1170 846 1223 accentus
876 1160 949 1221 ab
981 1159 1264 1230 acuendo,
1298 1146 1535 1220 tenores
1579 1158 1653 1219 ab
1698 1159 2043 1220 intentione.
2096 1196 2172 1206 --
2218 1160 2372 1222 Non
2410 1158 2434 1244 ΙΙ
2475 1163 2775 1224 tenebit
2818 1165 2968 1225 nisi
3012 1184 3136 1244 pe-

562 1263 956 1324 nultimum
1017 1262 1281 1321 locum:
1366 1259 1519 1340 apud
1578 1259 1816 1321 Latinos
1869 1260 2028 1331 loca,
2100 1279 2252 1340 quae
2309 1264 2724 1326 circumflexus
2780 1276 2881 1326 aut
2935 1274 3138 1326 acutus

510 1365 887 1433 vdimiserit,
946 1366 1136 1442 gravis
1178 1362 1460 1442 possidet.
1535 1397 1615 1406 —
1663 1363 1749 1423 Et
1820 1363 1958 1423 hoc
2010 1363 2128 1423 illi
2184 1383 2323 1425 non
2381 1374 2491 1426 est
2547 1385 2925 1428 commune
2982 1388 3135 1428 cum

565 1469 868 1547 ceteris:
917 1469 1054 1545 quia
1097 1485 1215 1527 non
1249 1465 1361 1526 sibi
1405 1465 1660 1525 vindicat
1702 1465 1916 1534 locum,
1965 1466 2070 1526 sed
2114 1466 2416 1527 dimissum
2448 1466 2522 1527 ab
2567 1467 2695 1528 aliis
2739 1469 3020 1547 possidet.
3062 1505 3130 1513 —
3167 1492 3212 1527 ιο

506 1570 753 1647 8Ergo
826 1566 1361 1646 monosyllaba:
1434 1568 1496 1626 in
1552 1566 1826 1627 omnibus
1895 1567 2315 1647 monosyllabis
2372 1569 2735 1640 nominibuS,
2811 1573 2929 1630 sive
2987 1590 3137 1651 quae

564 1669 774 1731 breves
816 1671 1042 1731 fuerint
1084 1676 1321 1738 natura,
1377 1669 1497 1728 sive
1542 1686 1691 1747 quae
1734 1669 2033 1747 positione
2076 1668 2287 1746 longae
2330 1670 2519 1730 factae
2563 1672 2811 1742 suerint,
2869 1690 2987 1732 non
3033 1672 3136 1734 ha·

564 1773 707 1833 bent
751 1773 861 1832 nisi
906 1780 1142 1832 acutum
1188 1778 1514 1832 accentum.
1566 1772 1614 1831 si
1660 1787 1802 1831 vero
1846 1771 1971 1849 ipsa
2020 1769 2419 1851 monosyllaba
2451 1780 2657 1833 natura
2691 1774 2863 1852 longa
2895 1775 3135 1844 suerint,

478 1886 535 1932 11
563 1893 686 1934 non
730 1876 1042 1953 positione,
1092 1892 1208 1934 non
1254 1871 1476 1933 habent
1506 1872 1619 1932 nisi
1650 1871 2095 1933 circumflexum
2128 1882 2454 1935 accentum.
2492 1910 2567 1917 —
2613 1874 2690 1935 ln
2737 1876 3138 1957 disyllabis

565 1994 748 2057 quae
792 1978 1148 2055 priorem:
1217 1975 1278 2033 in
1326 1973 1601 2034 omnibus
1656 1973 1955 2052 disyllabis
2002 1972 2334 2054 [omnibust
2395 1984 2669 2055 quattuor
2711 1978 2896 2056 pedes
2942 1987 3077 2039 sunt
3125 1976 3212 2058 Ιι5

564 2076 850 2156 disyllabi,
899 2081 997 2157 qui
1028 2078 1133 2137 toti
1165 2076 1330 2137 nothi
1377 2075 1539 2155 sunt]
1586 2077 1649 2135 in
1692 2075 2046 2154 penultima,
2092 2079 2213 2137 sive
2255 2076 2428 2155 longa
2474 2080 2550 2137 sit
2593 2080 2714 2137 sive
2748 2078 2969 2150 brevis,
3017 2099 3134 2140 non

565 2179 784 2240 habent
837 2181 950 2239 nisi
1005 2186 1239 2240 acutum
1294 2185 1621 2242 accentum.
1724 2176 1886 2238 solus
1953 2178 2272 2239 trochaeus
2329 2180 2773 2241 circumflexum
2827 2190 3134 2242 accentum

565 2281 741 2341 habet
781 2282 846 2340 in
890 2280 1241 2360 penultima,
1289 2282 1338 2340 si
1383 2272 1591 2341 natura
1636 2278 1808 2357 longa
1856 2278 2047 2341 suerit.
2141 2282 2238 2358 qui
2286 2281 2333 2340 si
2378 2283 2670 2360 positione
2715 2282 2991 2344 habuerit
3034 2304 3137 2364 pe-

478 2396 541 2443 15
566 2383 873 2443 nultimam
917 2382 1185 2462 longam,
1236 2390 1293 2443 et
1336 2384 1463 2460 ipse
1509 2389 1695 2442 mutat
1738 2389 2048 2442 accentum
2094 2390 2153 2441 et
2182 2388 2419 2443 acutum
2466 2385 2694 2463 recipit.
2747 2420 2822 2428 —
2855 2384 3133 2466 Trisyl-

564 2484 758 2545 labis
805 2492 876 2545 et
917 2485 1301 2563 deinceps:
1375 2501 1582 2543 omnes
1625 2482 1810 2562 pedes
1854 2482 2136 2562 trisyllabi
2181 2509 2216 2542 s
2263 2486 2385 2544 sive
2430 2487 2489 2545 in
2534 2485 2853 2566 penultima
2901 2495 3134 2548 acutum
3163 2509 3213 2548 ευ

565 2594 870 2647 accentum
928 2586 1124 2646 habet.
1213 2586 1374 2646 solus
1415 2583 1903 2665 amphibrachus,
1964 2588 2014 2646 si
2066 2585 2452 2666 penultimam
2500 2595 2706 2647 natura
2755 2587 2988 2666 longam
3034 2588 3135 2651 ha-
3225 2604 3226 2607 ’

566 2688 791 2757 buerit,
850 2688 1296 2749 circumflexum
1352 2688 1581 2767 accipit.
1682 2688 1812 2766 qui,
1868 2689 1918 2746 si
1971 2685 2296 2766 penultima
2354 2690 2649 2766 positione
2705 2690 2885 2750 suerit
2942 2690 3134 2769 longa,

567 2800 752 2853 mutat
806 2799 1113 2852 accentum
1173 2798 1231 2850 et
1285 2801 1519 2851 acutum
1577 2791 1805 2869 recipit.
1894 2792 1954 2850 in
2009 2790 2241 2851 dactulo
2294 2793 2354 2851 in
2408 2791 2871 2871 antepenultima
2931 2804 3137 2854 acutus

475 2910 533 2956 ‘21
567 2893 907 2974 ponendus,
966 2895 1088 2953 sive
1132 2900 1342 2953 natura
1387 2893 1463 2950 sit
1484 2893 1625 2951 ,sive
1668 2893 1958 2970 positione
2003 2892 2194 2970 longa.
2253 2928 2334 2937 —
2389 2893 2712 2953 Perosus
2771 2904 2826 2954 et
2871 2895 3136 2956 Cethe-

565 3016 697 3075 gus
741 2993 1196 3075 amphibrachus
1238 3012 1345 3074 pes
1389 3001 1506 3054 est:
1552 2993 1876 3073 penultima
1919 2996 2132 3073 ipsiuS,
2179 2997 2227 3053 si
2275 3004 2479 3056 natura
2525 2994 2695 3074 longa
2729 2998 2835 3066 sit,
2884 2999 3134 3059 eircum-
3161 3023 3212 3062 ετ»

568 3101 782 3159 flexum
826 3100 1058 3177 recipit.
1149 3115 1297 3176 quae
1344 3098 1394 3156 si
1439 3098 1730 3175 positione
1776 3095 1950 3174 longa
1995 3098 2124 3165 liat,
2184 3106 2367 3157 mutat
2410 3105 2714 3157 accentum
2764 3108 2821 3158 et
2865 3100 2923 3159 in
2970 3108 3134 3160 ante-

566 3200 884 3281 penultima
940 3207 1174 3260 acutum
1230 3199 1460 3277 recipit.
1549 3198 1872 3259 notandum
1928 3196 2086 3258 hunc
2129 3197 2319 3259 solum
2369 3195 2380 3280 Ι
2428 3198 2639 3276 pedem
2687 3201 3132 3262 circumflexum

565 3304 863 3381 accipere,
912 3303 961 3361 si
1004 3300 1327 3381 penultima
1375 3309 1578 3361 natura
1626 3301 1798 3378 longa
1843 3301 2040 3361 suerit.

732 3405 901 3465 Ratio
946 3411 1315 3464 accentuum.
1404 3402 1791 3481 TribrachyS,
1846 3411 1911 3463 ut
1953 3401 2210 3470 macula,
2269 3403 2328 3462 in
2387 3402 2846 3481 antepenultima
2895 3413 3128 3466 acutum

568 3506 761 3568 habet.
846 3504 1162 3580 molossus,
1222 3514 1286 3566 ut
1340 3511 1611 3574 naturae,
1667 3509 1789 3566 sive
1841 3513 2060 3566 natura
2111 3507 2225 3577 fiat
2290 3504 2413 3562 sive
2483 3506 2806 3582 positione,
2863 3508 2926 3572 in
2983 3526 3129 3586 pen·
3162 3535 3210 3574 ω

567 3609 772 3670 ultima
828 3615 1062 3668 acutum
1121 3607 1318 3668 habet.
1403 3615 1784 3686 anapaestus,
1841 3615 1908 3667 nt
1951 3607 2159 3675 Erato,
2208 3606 2413 3684 quovis
2458 3606 2633 3672 modo
2676 3609 2737 3667 in
2783 3609 3128 3688 antepenul-

566 3714 706 3771 tima
751 3717 985 3771 acutum
1028 3708 1222 3769 habet.
1293 3706 1782 3788 palimbacchius,
1831 3710 1929 3787 qui
1971 3715 2029 3767 et
2058 3704 2490 3776 antibacchius,
2537 3716 2604 3769 ut
2644 3718 2879 3780 natura,
2929 3714 3135 3788 quovis

565 3813 739 3874 modo
784 3813 845 3873 in
891 3810 1211 3892 penultima
1257 3823 1493 3902 acutum
1539 3810 1733 3872 habet.
1804 3808 2279 3888 amphibrachys,
2326 3818 2391 3870 ut
2421 3812 2638 3883 carina,
2684 3813 2744 3872 in
2776 3809 3132 3893 penultillma

703 4036 826 4086 Cod.
868 4036 1025 4085 Bam.
1065 4036 1110 4083 V
1146 4033 1347 4086 4—5*.
1488 4032 1523 4083 6
1571 4032 1711 4083 thoni
1851 4029 1990 4080 thoni
2133 4031 2162 4079 7
2211 4031 2275 4080 ab
2320 4031 2582 4082 hacuenclo
2722 4034 2784 4083 ab
2828 4035 3135 4084 institutione.

700 4107 734 4157 8
768 4107 966 4156 loncum
995 4115 1117 4170 aput
1254 4114 1341 4154 aut
1375 4113 1517 4153 actus
1657 4101 1720 4153 13
1753 4102 1797 4150 si
1837 4116 1956 4150 uero
1994 4101 2043 4149 in
2084 4102 2197 4166 ipsa
2333 4102 2487 4152 fuerit
2628 4103 2692 4154 16
2728 4103 2987 4170 disyllabi]
3031 4106 3135 4171 syl-

565 4177 664 4228 laui
809 4177 872 4227 18
918 4186 1096 4226 natura
1134 4173 1319 4240 longus
1458 4170 1525 4223 20
1566 4172 1787 4238 ‹lenceps
1823 4186 1999 4221 omnes
2141 4171 2203 4221 21
2256 4171 2591 4224 amflbraehus
2627 4175 2670 4222 si
2717 4176 2999 4240 penultima

562 4250 631 4299 22
662 4263 808 4311 quern
848 4247 892 4296 si
930 4246 1257 4312 penultimam
1298 4243 1600 4307 positionem
1743 4241 1809 4291 23
1848 4237 2025 4307 mutat]
2069 4253 2173 4292 mut
2312 4244 2379 4292 ‘24
2416 4253 2624 4308 cetegus
2662 4243 2998 4294 amfibrachus

562 4318 628 4368 25
666 4319 818 4385 longa
854 4315 940 4383 sit]
980 4317 1132 4381 longa
1163 4313 1323 4375 (corr.
1363 4312 1534 4379 ·gae).
1564 4314 1609 4362 si
1745 4312 1815 4363 26
1850 4314 1898 4361 in
1937 4313 2328 4377 antepenultimo
2468 4316 2531 4364 27
2573 4322 2740 4362 notam
2775 4316 2894 4364 dum
3007 4316 3135 4381 pede

562 4387 630 4439 29
667 4391 915 4451 tribracys
1054 4386 1122 4437 30
1156 4387 1264 4436 sive
1299 4395 1476 4433 natura
1510 4383 1595 4431 ssat
1622 4398 1713 4435 om.
1825 4382 1877 4431 in
1910 4382 2356 4449 antepenultimam
2499 4383 2565 4434 32
2601 4384 2926 4435 antibacchus
2961 4395 3135 4434 natura

698 4458 766 4512 33
798 4461 850 4508 in
885 4455 1213 4523 penultimam
1355 4453 1688 4519 amssbrachys
1831 4454 1880 4501 in
1916 4455 2240 4518 penultimam

701 4649 764 4699 15
801 4658 917 4698 sunt
957 4645 1223 4711 dissyllabi
1252 4643 1535 4694 Puta-chius.
1567 4643 1795 4702 fortasse
1830 4657 2005 4692 omnes
2033 4652 2269 4707 quattuor
2301 4609 2459 4707 pe'des
2494 4641 2751 4707 disyllabi,
2779 4646 2862 4708 qui
2902 4645 2992 4694 toti
3031 4645 3133 4694 noti

566 4728 702 4781 sunt,
729 4720 779 4766 in
804 4719 1081 4783 penultima
1120 4723 1213 4765 etc.
1357 4711 1424 4764 20
1456 4714 1689 4775 fortasse
1724 4727 1897 4762 omnes
1938 4714 2094 4778 pedes
2136 4711 2385 4776 trisyllabi
2423 4711 2502 4760 vel
2543 4715 2590 4761 in
2631 4715 3031 4778 antepenultima
3057 4714 3133 4764 vel

565 4791 613 4837 in
651 4788 930 4854 penultima
965 4795 1166 4837 acutum
1195 4795 1455 4834 accentum
1501 4784 1687 4834 habent
1844 4783 1910 4834 32
1959 4792 2079 4834 ante
2128 4779 2526 4847 palimbacchius
2579 4782 2800 4846 definitio
2848 4786 3037 4852 dactyli
3088 4792 3138 4834 et

564 4858 758 4911 bacchii
790 4859 1043 4909 excidisse
1069 4856 1263 4907 videtur
