3541 5564
688 351 815 415 614
1803 352 2164 418 MACROBH

741 474 784 515 p.
810 462 1011 502 2747—49
1040 460 1085 503 P.

689 542 984 603 miliarem
1027 541 1143 601 sibi
1191 541 1622 621 diphthongum
1670 537 1678 621 Ι
1729 549 2161 611 convenerunt,
2215 536 2497 602 ἐκάλεον
2544 535 2871 619 ἐκάλουν,
2941 534 3281 621 ἐχρύσοον

690 640 1057 723 ἐχρύσουνε
1106 663 1148 704 α
1193 662 1332 704 vero
1364 650 1424 703 et
1466 663 1503 704 ο
1549 645 1608 704 in
1656 662 1732 722 ω,
1782 638 2056 723 ἐτίμαον
2098 638 2365 723 ἐτίμων.
2438 642 2571 703 ideo
2615 650 2675 703 et
2719 642 2976 707 secunda
3019 661 3280 723 persona

690 765 741 805 ω
788 749 849 807 ἰη
895 767 960 824 α,
1007 746 1163 807 unde
1196 748 1388 807 suerat
1435 752 1658 813 natum,
1708 744 1957 814 reducit,
2008 742 2254 825 ἐτίμων
2299 740 2565 825 ἐτίμας;
2612 763 2697 805 ου
2727 751 2923 805 autem
2952 744 3278 824 diphthon-

687 865 828 925 gum
882 848 1004 908 illic
1065 856 1291 916 servat,
1361 846 1465 908 ubi
1523 848 1791 927 repperit
1849 849 2102 926 primam
2160 848 2289 907 eius
2331 847 2591 908 litteram
2635 846 2990 907 familiarem
3042 849 3277 927 primae

686 952 969 1030 positioni
1013 952 1230 1014 fuisse.
1292 955 1568 1030 χρυσοῖς
1614 944 1953 1028 ἐχρύσουν
1999 944 2357 1028 ἐχρύσουςε
2404 949 2489 1010 ihi
2531 951 2750 1010 transit
2791 950 2854 1009 in
2899 967 2983 1026 ει,
3029 947 3131 1008 ubi
3179 967 3280 1020 εις
3308 965 3336 1005 5

686 1054 914 1131 primae
961 1054 1241 1132 positioni
1288 1053 1560 1111 meminit
1589 1051 1927 1128 contigisse,
1974 1051 2200 1122 καλεῖς
2231 1045 2523 1111 ἐκάλουν
2554 1046 2834 1122 ἐκάλεις.
2903 1052 2964 1111 in
2996 1048 3282 1111 omnibus

688 1173 828 1215 vero
873 1154 1322 1215 diversitatibus
1365 1154 1655 1214 detractio
1700 1153 1891 1215 finalis
1934 1153 2167 1213 litterae
2213 1171 2544 1234 personam,
2593 1160 2659 1213 ut
2702 1153 2974 1222 diximus,
3033 1153 3275 1216 tertiam

596 1320 599 1324 ,
687 1259 844 1327 facit,
894 1253 1143 1329 ἐποίεις
1175 1252 1410 1334 ἐποίει,
1454 1251 1653 1334 ἐβόας
1686 1251 1870 1335 ἐβόα,
1919 1249 2331 1336 ἐκεραύνους
2362 1250 2763 1333 ἐκεραύνου,
2808 1253 3031 1332 ἔλεγες
3060 1251 3276 1332 ἔλεγε,

686 1356 923 1439 ἔφερες
964 1357 1185 1437 ἔφερε.
1246 1377 1317 1418 ex
1350 1357 1461 1418 hoc
1506 1365 1751 1437 apparet
1795 1356 1951 1437 qnod
1996 1358 2058 1418 in
2090 1355 2321 1434 ἔλεγεν
2365 1363 2425 1416 et
2469 1355 2713 1436 ἔφερεν
2756 1375 2799 1417 ν
2841 1372 3274 1436 supervacuum

687 1467 779 1521 est
824 1468 884 1521 et
928 1463 1225 1539 integrum
1273 1468 1363 1521 est
1407 1457 1592 1538 ἔλεγε
1637 1457 1863 1538 ἔφερε,
1907 1459 2066 1539 quod
2112 1460 2327 1519 asserit
2369 1465 2430 1518 et
2474 1458 2883 1538 apostrophus
2936 1477 3089 1538 quae
3132 1458 3276 1522 facit
3301 1475 3358 1519 ao

686 1555 857 1640 ἔλεγ’
911 1556 1124 1642 ἔφερ’.
1215 1580 1332 1642 quo
1388 1561 1562 1621 modo
1605 1563 1765 1621 enim
1809 1560 1956 1622 haec
1999 1569 2419 1641 usurparetur,
2477 1563 2529 1622 si
2572 1581 2616 1621 ν
2658 1560 3011 1625 naturaliter
3055 1559 3275 1625 adhae-

689 1672 871 1733 reret,
919 1684 1054 1725 cum
1099 1665 1245 1725 duas
1290 1664 1524 1724 litteras
1569 1682 1888 1742 numquam
1932 1662 2292 1743 apostrophe
2335 1663 2512 1723 liceat
2569 1662 2841 1726 excludi?
2915 1662 3138 1726 indicio
3183 1670 3278 1723 est

685 1777 741 1826 et
783 1767 1188 1845 imperativuS,
1238 1767 1410 1827 cuius
1452 1765 1713 1827 secunda
1757 1783 2010 1846 persona
2054 1766 2388 1845 praesentis
2431 1783 2668 1844 semper
2712 1764 2785 1826 de
2845 1766 3022 1825 tertia
3068 1766 3272 1843 inper-

684 1869 825 1929 fecti
871 1868 1174 1929 indicativi
1221 1869 1488 1929 nascitur
1532 1869 1747 1929 amissa
1777 1869 1840 1928 in
1880 1869 2074 1946 eapite
2131 1867 2223 1927 vel
2278 1866 2500 1946 syllaba
2546 1866 2635 1927 vel
2680 1874 2976 1947 tempore,
3046 1861 3276 1929 ἐκάλει

685 1966 907 2049 κάλει,
967 1965 1157 2051 ἐτίμα
1211 1968 1402 2050 τίμα,
1460 1966 1708 2049 ἐδήλου
1764 1965 2010 2048 δήλου,
2076 1962 2248 2049 ἤγου
2293 1963 2486 2051 ἄγου.
2578 1986 2721 2047 ergo
2777 1970 2830 2031 si
2886 1969 3271 2047 imperativus
3299 1981 3350 2027 1⁵

684 2067 869 2150 λέγε,
916 2070 1002 2133 ibi
1048 2073 1178 2133 sine
1224 2071 1409 2132 (lubio
1453 2070 1664 2150 ἔλεγε,
1708 2089 1828 2133 non
1872 2069 2124 2148 ἔλεγεν.
2216 2072 2316 2132 sed
2377 2090 2406 2131 ε
2465 2072 2687 2163 ΙίιιθιᾞΟ
2715 2090 2891 2150 saepe
2946 2070 3062 2132 sibi
3107 2063 3187 2133 τὸ
3231 2089 3275 2131 ν

683 2175 1061 2235 familiariter
1105 2173 1369 2235 adhibet.
1458 2181 1641 2235 testes
1683 2175 1864 2235 huius
1905 2174 1996 2233 rei
2043 2170 2334 2252 Αἰολεῖς,
2380 2174 2531 2253 apud
2577 2193 2725 2253 quos
2766 2168 3103 2253 λεγόμεθα
3144 2190 3269 2251 φε-

684 2272 943 2356 ρόμεθα
988 2286 1049 2337 et
1094 2276 1308 2337 similia
1355 2276 1529 2337 finale
1575 2268 1760 2355 ἄλφα
1805 2278 1867 2336 in
1915 2294 1942 2336 ε
1990 2282 2237 2344 mutant,
2286 2283 2345 2335 et
2390 2294 2523 2338 mox
2569 2295 2604 2335 ε
2648 2276 2892 2337 advocat
2935 2274 3050 2336 sibi
3096 2266 3175 2337 τὸ
3206 2293 3272 2351 ν,

683 2387 743 2438 et
786 2382 851 2438 lit
896 2381 1086 2458 prima
1134 2397 1386 2457 persona
1435 2374 1804 2458 λεγόμεθεν
1849 2373 2254 2458 φερόμεθεν.
2313 2385 2519 2439 eontra
2565 2377 2854 2458 siquando
2900 2395 2931 2438 ε
2976 2379 3037 2437 in
3082 2369 3272 2455 ἄλφα

683 2489 967 2550 mutatur,
1012 2500 1054 2540 ν
1099 2480 1239 2541 inde
1287 2480 1553 2549 discedit,
1603 2482 1757 2541 sieut
1802 2481 2094 2560 Δωριεῖς
2135 2473 2210 2541 τὸ
2255 2474 2563 2560 πρόσθεν
2605 2476 2878 2559 πρόσθα
2921 2479 3128 2547 dicunt
3155 2474 3347 2541 uulso

682 2576 756 2643 τό
802 2581 1008 2644 ἔνθεν
1053 2580 1252 2643 ἐνθαε
1301 2583 1403 2643 sed
1451 2590 1511 2643 et
1539 2576 1793 2660 Ἴωνες,
1838 2601 1972 2645 cum
2011 2574 2206 2664 ᾔδειν
2234 2576 2403 2664 ᾔδεα
2446 2584 2692 2651 faciunt,
2726 2576 3031 2662 ἑστήκειν
3076 2575 3271 2660 ἑστή-

682 2704 833 2752 κεα,
891 2704 933 2746 ν
989 2684 1326 2762 repudiant,
1372 2702 1448 2747 ne
1503 2703 1636 2745 cum
1693 2678 1879 2763 ἄλφα
1943 2686 2244 2763 iungatur.
2334 2703 2403 2746 ex
2453 2685 2548 2745 his
2590 2682 2862 2753 omnibus
2926 2684 3100 2747 facile
3146 2683 3268 2745 col·

681 2788 888 2866 ligitur
933 2789 1205 2849 sufficere
1238 2790 1446 2848 tertiae
1480 2806 1765 2868 personae
1813 2787 1886 2848 de
1913 2788 2172 2850 ‘secunda
2214 2787 2539 2856 faciendae,
2587 2789 2639 2848 si
2670 2785 2874 2868 σίγμα
2903 2785 3266 2854 retrahatur,

681 2891 836 2970 quod
895 2892 953 2951 in
1011 2892 1205 2969 eapite
1261 2892 1460 2966 graeei
1517 2892 1888 2971 pronominis
1943 2908 2118 2969 saepe
2176 2891 2495 2967 contingit,
2544 2884 2749 2951 σέθεν
2792 2884 2978 2969 ἕθεν,
3024 2884 3133 2950 σοὶ
3176 2874 3264 2953 οἷ.

681 2993 893 3053 Graeci
953 2995 1205 3071 primam
1260 2991 1544 3071 pluralem
1602 2993 2061 3073 παρατατικοῦ
2116 2994 2344 3053 faciunt
2398 2993 2850 3073 interponentes
2914 3009 2996 3070 με
3039 2997 3176 3052 ante
3218 3008 3345 3052 νει

681 3095 913 3156 finalem
959 3096 1188 3173 primae
1233 3093 1570 3171 singularis,
1621 3090 1869 3156 ἐνόουν
1914 3089 2277 3174 ἐνοοῦμεν,
2333 3089 2564 3175 ἑώρων
2609 3088 2958 3172 ἑωρῶμεν,
3018 3087 3262 3171 ἐφανέ-

680 3216 851 3275 ρουν
908 3193 1411 3276 ἐφανεροῦμεν,
1457 3194 1695 3276 ἔλεγον
1742 3192 2090 3277 ἐλέγομενε
2139 3204 2199 3257 et
2244 3195 2502 3257 secunda
2553 3195 2673 3258 illis
2717 3194 2965 3275 pluralis
3009 3194 3265 3259 efficitur

680 3299 879 3359 addita
910 3318 981 3359 τε
1014 3300 1225 3359 tertiae
1258 3298 1565 3376 singulari,
1602 3294 1815 3359 ἐποίει
1845 3295 2156 3378 ἐποιεῖτε,
2190 3294 2380 3379 ἐτίμα
2411 3295 2697 3377 ἐτιμᾶτε,
2728 3292 2929 3376 ἵδρου
2970 3291 3263 3384 seponite,

678 3399 865 3479 ἔλεγε
911 3396 1201 3480 ἐλέγετεε
1249 3419 1318 3461 ex
1363 3419 1480 3479 quo
1526 3403 1742 3461 iterum
1787 3420 1830 3461 ν
1871 3400 2069 3461 littera
2111 3419 2473 3479 supervacua
2520 3398 2825 3480 probatur.
2916 3399 3094 3462 tentia
3122 3415 3264 3461 vero

679 3502 925 3582 pluralis
981 3507 1041 3564 in
1098 3502 1210 3563 hoe
1263 3511 1530 3582 tempore
1595 3520 1832 3582 semper
1875 3503 2083 3564 eadem
2129 3510 2221 3564 est
2279 3505 2506 3583 primae
2550 3500 2857 3579 singulari,
2907 3499 2914 3582 Ι
2966 3495 3263 3581 ἐγάμουν
3291 3520 3345 3560 ao

679 3599 836 3683 ἐγώ,
883 3600 1179 3685 ἐγάμουν
1224 3602 1502 3666 ἐκεῖναι
1550 3607 1636 3665 sic
1684 3599 1952 3685 ἐτίμων,
1998 3606 2084 3665 sic
2130 3599 2575 3684 ἐστεφάνουν,
2622 3606 2709 3666 sic
2753 3601 3047 3686 ἔτρεχον.
3105 3601 3263 3667 unde

677 3707 969 3786 Δωριεῖς
1011 3709 1074 3768 in
1119 3707 1239 3768 illis
1287 3706 1484 3768 verbis
1527 3727 1678 3786 quae
1727 3710 1788 3768 in
1834 3726 1915 3767 ον
1958 3708 2202 3767 mittunt
2245 3708 2611 3786 parataticon
2643 3714 2702 3767 et
2731 3714 2977 3785 propter
3005 3703 3257 3786 βραχυ-

676 3804 1083 3888 καταληξίαν
1137 3810 1197 3870 in
1247 3811 1420 3870 tertia
1480 3829 1511 3869 a
1558 3811 1672 3871 tine
1719 3811 2027 3889 patiuntur
2082 3817 2392 3870 accentum
2452 3809 2687 3872 tertiam
2731 3809 2966 3885 numeri
3005 3806 3264 3887 pluralis
3317 3885 3323 3889 ·

677 3911 1053 3971 discretionis
1096 3912 1285 3988 gratia
1329 3909 1857 3991 βαρυτονοῦσιν,
1904 3909 2177 3990 ἔτρεχον
2224 3903 2355 3989 ἐγώ
2399 3905 3030 3991 προπαροξυτόνως,
3077 3904 3262 3988 ἐτρέ-

676 4032 800 4092 χον
857 4009 1106 4074 ἐκεῖνοι
1159 4009 1570 4092 βαρυτόνως.
1656 4015 1850 4092 prima
1906 4031 2158 4091 persona
2213 4014 2578 4092 paraeimeni
2624 4031 2860 4094 semper
2925 4017 2988 4074 in
3043 4033 3085 4072 α
3138 4021 3261 4074 ter-
3287 4036 3344 4078 ³5

677 4117 967 4185 minatur,
1027 4122 1088 4175 et
1141 4115 1214 4175 de
1260 4115 1369 4175 liae
1416 4124 1650 4176 ceterae
1694 4117 1824 4177 sine
1892 4134 2139 4194 operosa
2185 4117 2540 4177 circuitione
2585 4123 2932 4178 nascuntur.
3021 4121 3263 4194 accepto

677 4219 838 4278 enim
897 4216 1101 4297 σίγμα
1159 4219 1304 4279 facit
1348 4219 1664 4280 secundam
1713 4226 1773 4279 et
1841 4217 1952 4277 hoc
1997 4235 2203 4279 rursus
2248 4218 2481 4280 abiecto
2526 4225 2701 4297 atque
2747 4211 2932 4297 ἄλφα
2976 4219 3038 4279 in
3069 4236 3259 4280 smu-

677 4327 798 4381 tato
860 4322 1098 4381 tertiam
1165 4329 1356 4390 creat,
1433 4319 1763 4401 πεποίηκα
1837 4318 2203 4399 πεποίηκας
2275 4319 2626 4399 πεποίηκε;
2700 4322 2953 4400 primam
3026 4337 3261 4399 quoque

679 4422 971 4501 pluralem
1026 4422 1224 4486 addita
1279 4421 1398 4486 sibi
1451 4441 1578 4503 μεν
1631 4420 1874 4501 syllaba,
1931 4420 2265 4501 πεποίηκα
2317 4420 2798 4504 πεποιήκαμεν.
2887 4423 2938 4482 si
2984 4440 3094 4501 pro
3135 4440 3262 4501 μεν

815 4645 840 4692 1
869 4635 1142 4708 ἐχρῦσοον
1165 4642 1327 4696 Ianus
1353 4655 1620 4708 εχρυσεον
1644 4645 1690 4693 Ρ
1825 4645 1857 4693 5
1882 4644 2063 4693 transit
2079 4660 2120 4709 p
2145 4644 2345 4695 transiit
2366 4645 2414 4694 P
2446 4697 2469 4723 ³
2548 4646 2613 4723 19
2636 4653 2686 4694 et
2708 4644 2957 4710 int-egnum
2977 4661 3018 4710 p
3043 4659 3107 4695 ex
3130 4645 3258 4697 inte·

677 4727 823 4775 grum
850 4711 901 4761 P
1036 4715 1095 4762 11
1125 4727 1223 4774 quo
1249 4713 1427 4778 modo]
1457 4713 1662 4773 quando
1688 4713 1738 4760 P
1875 4714 1937 4761 13
1964 4722 2012 4759 et
2036 4728 2130 4763 om.
2155 4714 2207 4763 P
2343 4717 2406 4763 15
2430 4727 2534 4778 ηγε
2559 4728 2664 4779 mys
2701 4713 2863 4764 Ianus
2978 4716 3042 4766 18
3059 4723 3262 4763 mutant

682 4780 839 4830 lanus
872 4789 1095 4829 mutatur
1117 4781 1170 4831 P
1302 4782 1363 4829 21
1401 4793 1657 4844 ιστηκειν
1691 4794 1927 4845 ιστηκεα
1964 4780 2014 4828 P
2145 4781 2212 4831 28
2246 4783 2422 4832 tertiae
2448 4799 2484 4846 p
2519 4784 2663 4832 tertia
2693 4784 2741 4833 P
2873 4785 2939 4832 33
2975 4784 3026 4832 iu
3060 4784 3204 4832 tertia
3227 4797 3259 4832 ι

678 4849 775 4897 line
816 4849 1031 4898 Zetenius
1056 4850 1251 4898 tertiam
1277 4863 1305 4896 a
1331 4847 1430 4897 line
1458 4849 1505 4897 P
1638 4851 1704 4898 35
1738 4849 2008 4915 paraeimei
2035 4849 2082 4899 P
