3541 5564
1261 372 1356 433 ΒΕ
1402 372 1647 434 DVBllS
1695 372 2107 433 NOMINIBVS
2840 370 2963 435 577

2611 493 2652 533 p.
2682 482 2832 521 76—78
2860 480 2910 520 H.

562 562 1087 637 Ca1·men,ge11eris
1132 562 1361 628 neutri,
1403 568 1466 620 ut
1496 559 1842 620 Valentinus
1871 579 1909 614 x·
1950 601 1951 604 η
1979 559 2214 620 ‘nullus
2247 580 2376 620 mea
2413 565 2676 621 carmina
2710 561 2962 622 laudat'.

561 662 892 723 Conubium
961 665 1202 740 generis
1273 665 1502 733 neutri,
1577 671 1642 723 ut
1714 663 2000 724 Iuvencus
2074 663 2127 740 (l
2184 659 2339 743 534)
2415 665 2639 743 ‘siquis
2712 663 2963 723 conubia

395 767 672 844 rumpit’.

563 867 752 946 Caput
794 869 1035 944 generis
1081 868 1306 937 neutri,
1357 875 1420 926 ut
1453 866 1734 928 Sidonius
1784 863 1904 944 (13,
1937 863 2039 946 20)
2089 869 2190 928 ‘et
2234 867 2402 937 mihi,
2436 876 2501 927 ut
2530 869 2739 936 vivam,
2773 869 2963 947 capita

342 985 366 1021 ⁵
397 969 532 1029 tolle
578 972 746 1029 tria'.

565 1072 810 1132 Culmen
855 1074 1092 1149 generis
1136 1073 1361 1139 neutri,
1412 1079 1473 1130 ut
1518 1070 1799 1131 Sidonius
1847 1067 1968 1148 (18,
2000 1068 2058 1148 3)
2107 1071 2424 1131 ‘tolluntur
2468 1071 2724 1131 culmina
2769 1075 2966 1132 cono'.

562 1173 894 1234 Concilium
924 1177 1163 1251 generis
1193 1175 1420 1241 neutri,
1469 1180 1534 1233 ut
1563 1172 1850 1250 Virgilius
1884 1171 1976 1250 (Α.
2013 1173 2089 1234 Xl
2119 1169 2263 1252 234)
2300 1174 2649 1234 ‘concilium
2682 1178 2963 1235 sacrum’.

563 1276 897 1337 Convitium
950 1277 1192 1353 generis
1248 1277 1474 1344 neutri,
1538 1282 1599 1335 ut
1644 1275 1898 1335 Severus
1948 1273 2124 1352 (dial.
2172 1273 2240 1344 3,
2291 1272 2401 1357 15)
2462 1278 2759 1335 ‘evomuit
2805 1276 2965 1336 mille

395 1379 707 1439 convitia'.

320 1497 367 1536 ιο
560 1480 788 1559 Corpus
851 1482 1089 1557 generis
1154 1481 1382 1548 neutri,
1452 1487 1516 1540 ut
1579 1479 1864 1556 Virgilius
1933 1484 2215 1558 ‘corpora
2283 1488 2555 1541 natorum
2621 1488 2965 1541 sternuntur

393 1583 594 1643 limine
638 1584 891 1661 primo’.

564 1681 570 1764 Ι
620 1683 798 1745 Callis
849 1686 1088 1761 generis
1143 1683 1484 1751 masculini,
1543 1691 1605 1742 ut
1661 1683 2025 1744 Prudentius
2084 1681 2260 1762 (cath.
2310 1682 2366 1754 7,
2412 1681 2516 1765 50)
2566 1686 2767 1743 ‘recto
2813 1684 2963 1744 calle

391 1787 661 1847 lineam'.

562 1888 733 1949 Calor
777 1890 1015 1965 generis
1060 1887 1397 1957 masculini,
1444 1895 1510 1948 ut
1554 1888 1894 1948 Lactantius
1941 1885 2181 1964 (phoen.
2215 1873 2316 1968 96)
2352 1889 2679 1948 ‘flammam
2712 1890 2967 1968 parturit

323 1992 516 2069 mipse
563 1991 781 2051 calor'.

562 2092 793 2153 Candor
838 2094 1072 2170 generis
1117 2092 1461 2161 masculini,
1511 2100 1575 2152 ut
1619 2091 1978 2152 Prudentius
2028 2090 2206 2170 (cath.
2256 2090 2314 2162 2,
2364 2089 2463 2173 70)
2513 2093 2802 2154 ‘candore
2850 2094 2964 2152 tin-

392 2197 525 2272 guis
569 2195 817 2255 lacteo'.

561 2296 776 2356 Clamis
820 2298 1059 2373 generis
1103 2298 1409 2365 feminini,
1458 2304 1521 2357 ut
1567 2296 1823 2357 Severus
1868 2298 2087 2357 ‘divisa
2134 2298 2396 2358 clamis’.

562 2397 762 2475 Caligo
828 2400 1068 2475 generis
1133 2400 1435 2465 feminini,
1496 2406 1562 2458 ut
1616 2397 1974 2459 Prudentius
2031 2396 2209 2478 (cath.
2256 2395 2326 2468 2,
2372 2394 2433 2479 5)
2481 2399 2712 2476 ‘caligo
2770 2408 2965 2458 terrae

318 2521 369 2558 κο
397 2500 691 2560 scinditur
735 2518 1019 2578 percussa
1064 2500 1204 2560 solis
1250 2500 1535 2580 spiculo’.

561 2602 811 2662 Dorsum
876 2605 1116 2679 generis
1183 2605 1409 2671 neutri,
1480 2609 1543 2662 ut
1601 2601 1885 2679 Virgilius
1952 2600 2044 2680 (A.
2103 2601 2127 2662 Ι
2192 2599 2327 2683 110)
2388 2602 2666 2662 ‘dorsum
2733 2604 2967 2662 inmane

394 2705 576 2764 mari'
625 2712 682 2764 et
727 2702 868 2764 alibi
918 2703 1126 2764 edorsa
1173 2705 1444 2765 caerulea
1462 2707 1500 2763 ’.

561 2806 702 2866 Dies
767 2806 919 2886 apud
976 2806 1232 2868 Graecos
1285 2809 1524 2885 generis
1578 2809 1883 2876 feminini,
1952 2827 1984 2868 a
2050 2806 2222 2867 nobis
2280 2814 2476 2868 autem
2533 2806 2856 2867 masculino
2911 2813 2971 2865 et

388 2906 686 2978 feminino
727 2911 1063 2988 promiscue
1111 2909 1348 2969 dicitur.
1425 2928 1560 2970 nam
1607 2910 1760 2990 apud
1806 2912 2216 2987 grammaticos
2262 2911 2362 2970 alii
2408 2917 2615 2990 putant
2659 2909 2967 2970 masculini

321 3029 370 3065 εἴ,
396 3011 633 3085 generis
691 3028 851 3080 esse,
911 3029 980 3069 eo
1036 3012 1190 3090 qued
1249 3012 1503 3071 dicimus
1561 3012 1766 3081 hodie,
1826 3012 1980 3092 quod
2040 3019 2131 3072 est
2185 3012 2294 3072 hoc
2350 3012 2477 3080 die,
2536 3011 2639 3072 alii
2695 3012 2969 3071 seminini

397 3113 664 3187 generis,
723 3114 998 3190 quoniam
1053 3132 1228 3193 quae
1260 3113 1516 3174 ablativo
1571 3132 1712 3173 casu
1767 3133 1799 3173 e
1858 3114 2054 3174 littera
2101 3114 2387 3193 producta
2432 3114 2721 3174 finiuntur
2767 3113 2966 3183 latina,

397 3215 592 3272 emnia
636 3214 920 3273 feminina
965 3222 1130 3283 sunt,
1181 3223 1244 3274 ut
1287 3234 1423 3293 spes
1467 3215 1615 3275 fides
1663 3213 1937 3295 [caritas]
1987 3216 2191 3275 facies.

568 3314 784 3375 Domus
826 3318 1066 3392 generis
1110 3317 1414 3385 seminini,
1465 3323 1531 3375 ut
1575 3316 1860 3394 Virgilius
1909 3314 2000 3394 (Α.
2049 3317 2074 3376 Ι
2118 3313 2261 3395 637)
2324 3321 2417 3377 ‘at
2461 3316 2670 3377 demus
2714 3318 2968 3377 interior

396 3416 580 3493 regali
624 3416 933 3494 splendida
976 3417 1172 3477 luxu'.

321 3539 372 3576 3«)
566 3518 849 3578 Diadema
893 3521 1131 3596 generis
1177 3522 1405 3589 neutri,
1455 3527 1520 3580 ut
1564 3519 1866 3580 Gracchus
1912 3524 2209 3598 ‘purpura
2256 3529 2313 3580 et
2359 3519 2687 3580 diadema'.

569 3616 576 3699 Ι
614 3620 792 3680 Dolus
826 3623 1063 3698 generis
1097 3621 1428 3690 masculini,
1463 3629 1526 3681 ut
1556 3621 1846 3682 Iuvencus
1880 3620 1950 3699 (ΙΙ
1982 3616 2125 3701 815)
2161 3620 2282 3680 ehic
2314 3621 2483 3681 dolus
2513 3623 2755 3681 inimice
2787 3625 2968 3681 tuus’.

541 3841 600 3891 14
638 3842 774 3891 calor
807 3841 933 3890 Non.
967 3840 1071 3891 200
1211 3843 1272 3892 21
1316 3842 1522 3891 dorsum
1555 3842 1721 3892 Prisc.
1761 3842 1889 3905 170,
1918 3843 1950 3891 2
1991 3843 2113 3905 Cap.
2156 3842 2291 3891 2248
2329 3843 2462 3892 Non.
2501 3840 2601 3892 203
2759 3841 2827 3892 23
2866 3843 2975 3891 dies

397 3911 547 3962 clear.
593 3910 703 3972 110,
737 3911 770 3959 8
809 3911 969 3965 Proh.
1008 3910 1128 3976 210,
1168 3914 1201 3963 6
1342 3912 1411 3963 30
1449 3911 1686 3962 diadema
1714 3914 1866 3966 Char.
1906 3914 2000 3976 42,
2035 3914 2102 3965 29
2138 3929 2255 3965 exc,
2295 3911 2448 3965 Char.
2485 3914 2607 3975 544,
2646 3911 2712 3961 30

537 4099 561 4149 1
607 4099 895 4148 ualentinus
924 4101 989 4151 L.
1028 4102 1304 4162 exemplum
1332 4108 1408 4149 esc
1428 4098 1678 4164 Symposii
1712 4104 1918 4163 ueniam.
1948 4100 2030 4161 19,
2070 4100 2119 4150 3:
2158 4102 2229 4163 cf.
2273 4101 2403 4149 Paul
2436 4101 2499 4151 de
2527 4099 2776 4165 Symposii
2806 4104 2973 4165 aenip-

394 4170 538 4218 matis
577 4167 836 4230 (Ber-oliui
868 4186 917 4221 a.
962 4168 1122 4224 1854)
1159 4184 1210 4229 p.
1251 4171 1345 4230 17,
1385 4170 1549 4219 Hertz
1584 4173 1632 4218 in
1664 4170 1918 4221 Priscian.
1960 4172 1993 4221 l.
2034 4172 2099 4219 Vl
2137 4186 2187 4232 p.
2223 4171 2344 4230 200,
2385 4171 2409 4221 1
2539 4173 2569 4218 2
2609 4170 2889 4220 Canubium
2929 4172 2977 4220 L

499 4236 736 4305 conubia]
780 4237 1001 4287 eunubia
1041 4238 1169 4287 MV
1270 4242 1301 4289 4
1336 4236 1404 4305 et]
1445 4251 1498 4287 ut
1527 4238 1588 4287 M
1698 4240 1728 4288 7
1766 4239 2034 4289 concilium
2071 4255 2313 4303 magnum
2359 4241 2611 4304 Ver-{silius
2717 4241 2750 4291 8
2784 4241 2977 4290 seueris

409 4309 470 4357 M
503 4323 711 4357 teucrus
750 4309 796 4357 L
941 4310 1216 4357 euomitum
1252 4308 1335 4357 ille
1377 4308 1438 4356 M
1454 4308 1557 4359 Vh
1707 4311 1769 4360 10
1813 4307 2085 4374 Virgilius]
2124 4310 2250 4359 Aen.
2287 4311 2331 4358 11
2369 4311 2469 4361 214
2498 4323 2709 4374 corpora
2747 4319 2977 4360 natorum

398 4393 613 4440 serpens
654 4377 924 4443 amplexus
964 4389 1190 4440 uterque,
1221 4378 1286 4427 ib.
1326 4378 1428 4436 3554
1464 4379 1681 4442 plurima
1720 4395 1908 4446 perque
1942 4381 2051 4428 vias
2091 4387 2381 4429 sternuntur
2416 4381 2594 4429 inertia
2635 4383 2826 4444 passim
2867 4396 2977 4429 eor-

399 4461 525 4511 pora
559 4463 750 4511 perque
780 4449 959 4498 domos
990 4458 1041 4497 et
1081 4448 1325 4514 religiosa
1359 4448 1565 4497 deorum
1603 4449 1794 4508 limina,
1832 4449 1902 4497 Vl
1928 4450 2028 4498 4⁶27
2069 4449 2422 4513 infantumque
2459 4451 2654 4498 animae
2691 4450 2889 4514 flentes,
2925 4451 2977 4497 in

398 4515 569 4565 limine
607 4520 770 4581 primo
809 4532 936 4578 quos
977 4544 1041 4554 —
1070 4517 1276 4568 abstulit
1395 4528 1716 4567 esternuntur
1757 4519 1800 4567 L
1911 4520 1973 4569 14
2011 4519 2239 4568 lactantis
2278 4519 2396 4570 ML
2517 4519 2581 4570 16
2617 4517 2826 4586 candor]
2871 4535 2978 4568 car—

399 4585 491 4634 dor
527 4585 591 4634 M
706 4587 770 4638 18
799 4588 1022 4638 calamus
1067 4588 1121 4636 V
1218 4602 1335 4653 gen.
1371 4602 1524 4641 masc.
1569 4588 1631 4636 M
1648 4589 1699 4636 V
1715 4589 1757 4637 L
1854 4589 2033 4640 Severi
2068 4593 2338 4652 exemplum
2374 4605 2468 4639 non
2504 4596 2753 4651 repertum
2784 4598 2861 4639 est

399 4656 607 4704 celantis
653 4658 701 4706 V
825 4659 898 4708 ³22
937 4658 1090 4707 dorsa
1127 4657 1355 4706 caerulea
1392 4659 1522 4707 unde
1558 4659 1721 4721 petita
1759 4659 1858 4709 sim
1901 4675 1995 4708 non
2039 4667 2234 4709 constat
2372 4660 2439 4709 23
2473 4657 2586 4709 mas*
2614 4668 2664 4708 et
2694 4661 2979 4724 promiscue

405 4725 466 4772 M
484 4726 532 4774 V
544 4725 590 4773 L
718 4727 785 4775 25
824 4744 937 4777 esse
965 4743 1024 4777 eo
1063 4725 1218 4794 quod]
1261 4743 1353 4791 pro
1396 4741 1453 4777 eo
1493 4728 1627 4791 quod
1661 4728 1706 4776 l,
1846 4728 1942 4778 hoc
1980 4725 2083 4794 die]
2124 4728 2220 4778 hoc
2258 4729 2410 4780 hodie
2443 4730 2510 4778 M
2525 4730 2579 4778 V
2712 4730 2781 4779 26
2817 4746 2845 4779 e
2883 4729 2974 4780 litt.

400 4812 427 4842 e.
464 4796 708 4859 producta
746 4797 811 4846 M
824 4796 875 4844 V
888 4798 931 4845 L
1055 4796 1121 4846 28
1159 4808 1210 4846 at
1245 4814 1337 4850 om.
1372 4797 1438 4847 M
1539 4798 1750 4848 interius
1792 4800 1990 4865 regales
2028 4799 2090 4849 M
2109 4799 2164 4847 V
2176 4801 2223 4849 L
2326 4799 2396 4851 30
2430 4814 2614 4867 graciis
2654 4800 2719 4848 M
2733 4801 2785 4847 V
2793 4800 2840 4849 L

400 4879 675 4930 purpuram
717 4867 924 4920 coniecit
956 4866 1211 4930 Hauptius
1325 4866 1387 4919 31
1429 4876 1543 4918 tuos
1581 4868 1630 4918 L
