3541 5564
564 340 693 407 464
1671 341 2039 405 EVTYCHIS

618 464 660 505 p.
690 454 775 493 160.
802 452 848 491 ot
883 450 926 490 Ι..
2744 461 2784 502 p.
2814 449 3015 489 2150-52
3044 447 3085 487 l‘.

567 506 637 591 ax
682 549 915 610 quoque
962 531 1050 590 vel
1096 549 1195 599 ex,
1245 540 1307 591 ut
1352 548 1493 591 voro
1538 549 1744 598 vorax,
1806 531 1995 591 audeo
2042 531 2259 599 audax,
2308 541 2504 590 tumeo
2549 538 2776 597 tumax‚
2824 536 3139 588 contumeo

570 630 596 712 ΙΙ
644 640 983 703 contumax,
1027 639 1199 693 teneo
1243 641 1444 702 tenax,
1492 632 1627 692 dico
1668 632 1866 701 dicax,
1915 634 2086 712 capio
2117 651 2331 712 capax,
2382 633 2549 711 rapio
2579 650 2789 711 rapax,
2836 633 3139 711 perspicio

565 736 905 814 perspicax,
953 736 1147 795 efficio
1193 736 1426 803 efficax,
1473 734 1612 795 fallo
1657 734 1864 803 fallax,
1913 753 2044 794 emo
2090 753 2287 803 emax,
2335 736 2465 794 vivo
2513 736 2704 801 vivax,
2753 735 2915 810 sagio
2963 732 3136 810 (unde

565 836 908 916 praesagio)
967 853 1175 912 sagax,
1233 835 1382 896 salio
1438 836 1594 896 salax
1658 835 1845 911 (unde
1904 837 2387 915 ‘caudamque
2443 836 2799 896 salacem’
2859 834 3139 895 Horatius

566 955 904 998 sermonum
960 937 1116 998 libro
1158 937 1246 1018 Ι).
1307 940 1560 998 mentior
1607 938 1885 1005 mendax,
1946 937 2100 998 lateo
2144 938 2325 1006 latex,
2387 946 2551 998 verto
2595 946 2818 996 vertex.
2909 939 2969 996 in
3017 945 3135 997 ter·
3166 949 3191 987 ὓ

567 1038 989 1100 minationibus
1034 1048 1227 1101 autem
1277 1039 1705 1118 incipientibus
1735 1060 1766 1100 a
1797 1048 2155 1100 consonante
2188 1058 2518 1100 consonans
2562 1038 2920 1100 antecedens
2950 1041 3136 1117 ipsam

567 1143 917 1220 positionem
976 1141 1138 1201 verbi
1197 1142 1496 1202 invenitur
1550 1141 1914 1220 praecedens
1960 1143 2216 1201 nominis
2260 1141 2613 1210 clausulam,
2664 1144 2723 1201 in
2771 1143 2959 1220 prima
3004 1143 3136 1221 qui-

566 1243 699 1302 dem
744 1244 1156 1321 coniugatione
1202 1262 1233 1303 a
1278 1251 1591 1323 sequente,
1641 1245 1702 1302 in
1751 1243 2002 1322 reliquis
2032 1251 2226 1305 autem
2273 1245 2322 1311 i,
2373 1246 2432 1302 in
2480 1242 2683 1303 bulum
2730 1242 2819 1302 vel
2868 1244 2928 1301 in
2976 1242 3134 1305 bilis.

566 1355 630 1406 ut
673 1355 763 1407 sto
809 1355 929 1409 stas
974 1345 1299 1411 stabulum,
1358 1364 1498 1403 voco
1546 1364 1716 1405 vocas
1763 1344 2141 1413 vocabulum,
2201 1330 2387 1423 pateo
2420 1353 2589 1424 pates
2637 1343 2994 1422 patibulum,
3042 1347 3134 1404 in-

567 1449 746 1508 fundo
793 1448 1056 1508 infundis
1100 1446 1569 1515 infundibulum,
1617 1448 1760 1506 item
1807 1453 1897 1506 sto
1928 1453 2048 1507 stas
2082 1445 2344 1515 stabilis;
2395 1449 2532 1505 item
2581 1448 2639 1506 in
2689 1445 2951 1513 bnndus,
3001 1465 3136 1505 erro
3167 1462 3214 1498 ω

565 1568 732 1610 erras
790 1549 1189 1618 errabunduS,
1250 1548 1388 1609 ludo
1444 1548 1598 1608 ludis
1652 1547 2044 1619 ludibunduS‚
2114 1549 2337 1610 morior
2405 1550 2661 1608 moreris
2727 1548 3134 1613 moribundus.

565 1652 698 1712 furo
741 1652 894 1712 furis
938 1650 1314 1712 furibunduS.

735 1753 885 1813 Sunt
949 1761 1010 1814 et
1073 1754 1220 1813 aliae
1288 1752 1581 1814 clausulae
1648 1754 1952 1812 nominum
2023 1772 2054 1812 a
2122 1756 2418 1831 praesenti
2487 1752 2803 1813 verborum
2871 1761 3136 1832 tempore

565 1857 870 1916 venientes
913 1873 1029 1915 non
1074 1862 1193 1915 tam
1237 1853 1545 1931 generales
1591 1872 1700 1913 nec
1745 1856 1834 1914 sie
1878 1855 1939 1914 in
1984 1852 2187 1914 multis
2233 1855 2505 1915 inventae
2551 1854 2917 1923 nominibus,
2966 1863 3030 1914 ιιι
3076 1858 3134 1915 in

564 1976 594 2018 a
641 1957 730 2016 vel
779 1958 839 2018 in
886 1957 975 2018 ela
1021 1956 1112 2017 vel
1156 1959 1218 2017 in
1265 1973 1409 2016 erna
1458 1955 1544 2014 vel
1592 1957 1652 2015 in
1700 1956 1798 2015 ina
1847 1956 1937 2016 vel
1985 1957 2046 2016 in
2092 1955 2169 2015 ile
2216 1957 2307 2017 vel
2352 1959 2412 2017 in
2459 1976 2494 2014 o
2538 1955 2626 2016 vel
2674 1958 2733 2016 in
2781 1957 2892 2017 edo
2935 1957 3026 2017 vel
3073 1958 3134 2016 in
3170 1971 3214 2008 ¹5·

567 2059 663 2117 ido
720 2058 808 2117 vel
867 2059 926 2118 in
987 2060 1043 2118 io
1101 2058 1190 2118 vel
1252 2059 1312 2118 in
1371 2075 1439 2118 us
1495 2057 1585 2117 vel
1629 2058 1689 2116 in
1740 2076 1839 2117 um
1887 2057 1970 2118 vel
2019 2060 2080 2117 in
2139 2076 2269 2117 rum
2317 2057 2730 2119 desinentibus
2775 2066 3134 2120 consonante

565 2161 877 2239 positionis
920 2161 1326 2229 antecedente,
1375 2166 1438 2218 ut
1483 2157 1684 2219 scribo
1730 2159 1956 2229 scriba,
2007 2158 2166 2220 nubo
2210 2159 2510 2239 pronuba,
2574 2162 2737 2238 fugio
2783 2163 2949 2239 fuga,
3000 2179 3135 2239 per-

563 2264 727 2340 fugio
773 2263 1046 2341 perfuga,
1095 2263 1342 2323 advenio
1388 2260 1638 2331 advena,
1686 2264 1973 2322 convenio
2017 2280 2303 2331 convena,
2362 2262 2519 2322 lenio
2564 2262 2725 2331 lena,
2772 2281 2990 2342 sequor
3035 2263 3135 2323 ad·

563 2364 790 2434 secula,
837 2365 966 2425 colo
1010 2363 1315 2433 caelicola,
1363 2365 1541 2441 gigno
1582 2364 1672 2424 vel
1718 2366 1959 2443 antique
1991 2381 2143 2441 geno
2175 2365 2505 2441 terrigena,
2557 2366 2684 2424 vivo
2728 2367 3002 2435 conviva;
3048 2367 3136 2424 sic

565 2466 794 2526 insideo
839 2468 1092 2528 insidiae
1137 2466 1449 2545 pluraliter
1496 2472 1743 2526 tantum.
1835 2468 1975 2525 item
2022 2466 2246 2526 candeo
2292 2466 2564 2534 candela,
2613 2466 2830 2527 suadeo
2875 2466 3131 2535 suadela,
3162 2482 3214 2521 ει)

563 2567 729 2629 luceo
787 2568 1029 2629 lucerna
1084 2567 1174 2627 vel
1232 2570 1409 2628 etiam
1465 2567 1691 2635 lucina,
1751 2568 1907 2628 lateo
1962 2566 2218 2637 laterna,
2281 2586 2389 2627 ruo
2434 2571 2633 2638 ruina,
2693 2569 2859 2647 rapio
2904 2571 3131 2647 rapina,

563 2669 715 2729 cubo
768 2669 1131 2740 concubina;
1187 2672 1328 2730 item
1386 2668 1539 2729 cubo
1594 2669 1825 2739 cubile,
1885 2668 2062 2728 sedeo
2120 2669 2323 2729 sedile.
2414 2672 2553 2730 item
2602 2672 2659 2729 in
2707 2690 2741 2728 o
2786 2670 3129 2739 masculina,
3206 2726 3215 2733 f

566 2771 879 2852 ut'epulor
934 2771 1136 2852 epu10,
1195 2770 1347 2832 lateo
1401 2772 1581 2841 latro,
1641 2772 1799 2833 lenio
1853 2772 2019 2842 leno;
2078 2771 2322 2832 comedo
2376 2771 2552 2852 palpo
2596 2771 2846 2833 verbero
2893 2772 3130 2841 incubo,

565 2875 704 2935 licet
748 2876 809 2935 in
856 2874 1062 2935 eadem
1108 2892 1248 2933 voce
1295 2882 1412 2935 tam
1461 2874 1637 2934 verba
1683 2880 1825 2934 sunt
1890 2892 2062 2953 quam
2109 2876 2369 2934 nomina.
2458 2876 2742 2936 feminina
2790 2893 3023 2954 quoque
3071 2878 3131 2935 in

562 2976 672 3037 edo
731 2976 822 3036 vel
879 2978 940 3036 in
997 2976 1125 3045 ido,
1185 2984 1248 3036 ut
1304 2983 1509 3055 torpeo
1556 2977 1833 3055 torpedo,
1893 2979 2068 3055 cupio
2113 2977 2353 3055 cupido,
2401 2977 2548 3038 libet
2594 2977 2807 3038 libido:
2878 2978 3134 3037 formido
3159 2995 3211 3033 «ες.

563 3081 704 3138 item
761 3086 822 3138 et
873 3077 1065 3154 caligo
1120 3096 1409 3157 propago,
1468 3078 1746 3139 similiter
1805 3085 1869 3137 ut
1912 3078 2182 3147 comedo,
2244 3081 2303 3139 in
2350 3079 2556 3140 eadem
2602 3098 2744 3139 voce
2790 3087 2906 3140 tam
2954 3078 3132 3139 verba

560 3198 738 3259 quam
793 3181 1029 3240 nomina
1088 3187 1244 3241 sunt.
1338 3181 1477 3240 item
1535 3181 1596 3240 in
1655 3182 1711 3240 io
1766 3199 2027 3260 quoqne,
2090 3189 2155 3241 ut
2203 3227 2225 3259 ι,
2286 3183 2498 3259 opinor
2554 3184 2783 3262 opinio,
2843 3184 3130 3260 suspicor,

561 3283 847 3360 suspicio.
926 3283 987 3342 in
1034 3300 1103 3342 us
1149 3300 1383 3361 quoque
1428 3283 1577 3342 liunt
1622 3282 2008 3342 antecedente
2054 3289 2413 3343 consonante
2458 3285 2795 3362 positionis,
2845 3292 2911 3344 ut
2955 3303 3134 3363 parco

565 3403 804 3462 parcus,
864 3403 1005 3444 coco
1050 3402 1255 3452 cocus,
1315 3383 1451 3444 ludo
1497 3383 1697 3452 ludus,
1745 3382 1860 3443 fido
1908 3383 1914 3463 Ι
1963 3384 2139 3454 fiduS,
2189 3385 2383 3463 pando
2427 3386 2685 3464 pandnS,
2734 3386 2901 3446 luceo
2946 3385 3130 3452 lucus,

562 3504 736 3547 arceo
782 3505 981 3555 arcuS,
1041 3492 1237 3546 metuo
1292 3491 1511 3554 metim,
1570 3486 1811 3562 gradior
1856 3486 2077 3563 gradus
2126 3485 2280 3565 [scio
2324 3489 2484 3547 scius
2530 3488 2863 3548 multiscius
2908 3489 3132 3547 inscius
3160 3503 3211 3540 a.»

563 3590 898 3667 praescius,
947 3588 1065 3648 ssuo
1111 3588 1333 3647 refluus
1376 3586 1825 3667 septemfluus];
1881 3589 1968 3648 sic
2014 3588 2247 3648 invideo
2294 3590 2554 3657 invidus,
2604 3591 2879 3668 profugio
2926 3593 3127 3668 profu-

562 3708 701 3768 gus,
761 3709 792 3750 a
848 3692 1002 3752 facio
1058 3689 1350 3749 luctificus
1407 3691 1700 3750 terrificus
1755 3691 2043 3751 laetificus
2102 3687 2403 3751 beneficus
2460 3691 2756 3752 maleficus
2810 3694 3123 3759 veneticus,

560 3811 591 3851 a
649 3792 783 3853 dico
839 3791 1118 3852 fatidicus
1173 3791 1482 3851 veredicus
1538 3792 1889 3862 maledicuS,
1949 3810 1980 3853 a
2038 3793 2167 3853 volo
2223 3795 2311 3853 vis
2359 3793 2665 3854 benivolus
2708 3792 3035 3862 malivolus,
3097 3815 3127 3854 a

703 4066 721 4115 1
761 4074 932 4113 tumax
970 4073 1234 4114 contnmeo
1266 4080 1358 4114 om.
1394 4065 1445 4116 B
1581 4066 1614 4115 2
1652 4065 1796 4130 capio
1828 4080 1991 4130 capax
2029 4066 2116 4115 Bt
2153 4080 2297 4114 careo
2326 4082 2475 4116 cai-ax
2506 4067 2592 4128 ΡΙ·
2720 4067 2750 4116 4
2785 4067 2929 4130 sagio
2966 4082 3128 4131 sagax

562 4136 692 4184 unde
733 4135 1000 4200 praesagio
1032 4135 1082 4184 Ρ
1112 4136 1259 4201 sagio
1297 4150 1458 4200 sagax
1498 4135 1630 4183 unde
1669 4136 1936 4201 praesagio
1976 4150 2261 4201 praesagax
2298 4144 2319 4185 t
2456 4138 2488 4186 5
2524 4150 2813 4185 sermonum
2851 4138 2899 4185 in
2943 4136 3073 4186 libro
3114 4139 3129 4186 l

563 4209 632 4256 P.-
673 4206 802 4259 llor.
837 4212 935 4257 sat.
978 4207 997 4255 1
1026 4206 1076 4262 2,
1113 4208 1180 4256 45
1353 4205 1387 4254 9
1426 4213 1541 4267 post
1575 4203 1828 4253 stabulum
1866 4205 1981 4257 ead.
2023 4222 2151 4259 man.
2186 4214 2364 4268 postea
2400 4206 2522 4255 add.
2563 4207 2679 4254 item
2713 4207 2908 4256 stabilis
2944 4207 2994 4256 B

563 4276 627 4326 10
663 4276 780 4325 item
814 4283 893 4326 sto
929 4274 1078 4324 abilis
1116 4283 1137 4324 t
1173 4277 1291 4326 item
1330 4275 1379 4323 in
1421 4275 1537 4325 bilis
1574 4283 1651 4324 sto
1688 4290 1744 4324 ns
1774 4274 1974 4326 stabilis
2003 4275 2040 4336 f
2066 4275 2197 4324 insto
2240 4277 2400 4326 instas
2437 4276 2685 4326 instabilis
2720 4278 2782 4340 Ρ,
2820 4293 2911 4329 om.
2945 4278 2994 4327 B

565 4346 622 4395 14
659 4347 707 4394 in
747 4360 777 4394 a
807 4345 888 4395 uel
927 4345 976 4393 in
1021 4345 1118 4395 ella
1148 4346 1225 4395 uel
1263 4347 1311 4395 in
1352 4343 1446 4394 en'ii
1483 4343 1562 4395 uel
1603 4346 1654 4395 in
1692 4360 1813 4394 erna
1850 4346 1929 4395 nel
1963 4346 2010 4395 in
2054 4347 2138 4394 ina
2171 4347 2251 4396 uel
2292 4347 2341 4395 in
2379 4346 2426 4395 le
2467 4345 2547 4395 nel
2587 4347 2634 4394 in
2675 4361 2704 4394 o
2742 4346 2822 4395 uel
2875 4349 2921 4395 in
2962 4348 3010 4395 io
3049 4345 3127 4395 nel

559 4417 608 4464 iu
650 4430 708 4464 us
739 4415 1086 4466 desinentibus
1119 4416 1170 4465 B
1279 4416 1341 4466 16
1379 4416 1426 4464 in
1463 4413 1544 4481 us]
1583 4416 1630 4463 in
1666 4431 1725 4463 us
1755 4415 1835 4465 uel
1869 4416 1919 4464 in
1947 4416 2025 4464 ius
2055 4416 2102 4463 Ρ
2206 4416 2265 4466 17
2306 4417 2538 4481 perfugio
2574 4415 2788 4481 perfuga
2824 4416 3023 4483 refugio
3055 4433 3129 4464 rc-

560 4485 682 4550 fuga
719 4486 768 4536 B
913 4484 976 4535 18
1022 4484 1262 4535 adsecuta
1303 4486 1352 4533 P
1389 4485 1618 4534 assecula
1657 4486 1706 4536 B
1742 4485 1945 4534 adseela
1981 4496 2002 4537 t
2050 4488 2245 4535 assecla
2278 4489 2315 4547 s
2450 4486 2512 4536 19
2553 4486 2629 4534 uel
2670 4495 2722 4534 ιιι
2759 4488 2951 4552 antiqui
2988 4488 3127 4535 dice·

560 4557 677 4603 bant
713 4571 846 4620 geno
884 4563 930 4605 t:
968 4555 1046 4605 vel
1082 4571 1173 4610 om.
1214 4555 1266 4605 B
1404 4556 1471 4606 20
1509 4556 1704 4606 insideo
1743 4557 1902 4614 (corr.
1936 4556 2094 4619 -dior)
2140 4557 2356 4606 insidiae
2392 4555 2442 4604 B
2476 4556 2659 4604 insidio
2696 4555 2858 4619 (corr.
2896 4558 2964 4609 al.
2996 4573 3123 4605 onan.

559 4624 702 4685 υἀεο)
740 4625 956 4675 insidiae
994 4627 1043 4674 P
1075 4626 1289 4675 insidior
1320 4625 1536 4675 insidiae
1565 4633 1609 4674 t:
1646 4625 1716 4687 cf.
1744 4640 1797 4688 p.
1837 4625 1975 4676 2190
2151 4626 2357 4676 candela
2399 4627 2558 4688 (corr.
2599 4625 2745 4688 —ella)
2780 4627 2973 4676 suadeo
3009 4641 3124 4674 sna-

558 4694 688 4757 ‹lella
727 4695 776 4744 B
914 4694 980 4745 32
1017 4696 1144 4745 cubo
1181 4695 1459 4744 concubina
1500 4694 1782 4758 (super-ser.
1815 4695 1891 4758 et)
1927 4694 2090 4745 cubile
2126 4694 2177 4745 B
2268 4725 2275 4732 ·
2316 4696 2383 4745 26
2428 4696 2658 4744 similiter
2692 4707 2748 4745 ut
2784 4698 2994 4747 comedo
3029 4704 3048 4746 t
3081 4705 3130 4744 et

559 4764 790 4814 similiter
824 4764 990 4827 (corr.
1030 4766 1261 4814 similiter
1301 4773 1353 4815 ut
1392 4766 1463 4824 B)
1500 4766 1709 4814 comedo
1746 4765 1857 4814 BP
1994 4766 2057 4814 27
2096 4773 2213 4816 sunt
2250 4767 2365 4816 item
2402 4781 2491 4814 om.
2537 4766 2584 4812 Ρ
2720 4766 2788 4816 28
2830 4768 3046 4833 suspitio
3088 4766 3134 4814 Ρ

694 4833 759 4884 32
800 4833 1080 4900 veneficus]
1121 4835 1364 4885 uenillcus
1395 4835 1518 4900 Bts
1606 4834 1672 4885 33
1713 4837 1829 4886 item
1867 4851 1895 4884 a
1933 4836 2048 4887 dico
2078 4835 2127 4884 Ρ
