3541 5564
565 400 585 419 ‚
628 334 755 402 234
1759 336 2061 400 pompm

681 459 723 501 p.
750 447 926 488 sio-13
953 446 997 488 L.

627 529 867 589 tionem.
959 527 1098 609 quid
1145 534 1233 588 est
1276 526 1452 589 adulo
1498 535 1558 588 et
1601 527 1743 605 quid
1790 534 1879 588 est
1923 525 2170 587 adulor?
2217 525 2360 586 dicit
2400 526 2820 587 discretionem
2864 544 2974 605 per
3015 543 3196 587 casus.

628 630 863 711 quando
918 633 1003 690 vis
1058 632 1227 712 quasi
1285 631 1530 691 activam
1586 632 2070 708 significationem
2138 629 2548 699 introducere,
2615 632 3018 690 accusativum
3067 628 3194 703 fae,

627 734 811 794 adulo
852 736 1053 803 illurn,-
1096 735 1339 811 quando
1385 735 1468 793 vis
1510 735 1687 809 quasi
1715 737 2024 809 passivam
2067 735 2555 811 siqnificationem
2600 733 3009 807 introducere,
3060 731 3197 791 dati·

628 855 761 897 vum
808 836 918 905 sac,
967 834 1174 897 adulor
1217 834 1330 897 illi:
1381 844 1438 897 et
1483 835 1657 896 adulo
1701 834 1867 896 illum
1915 845 1973 896 et
2016 834 2224 896 adulor
2267 834 2371 894 illi.
2436 841 2493 894 et
2533 848 2603 895 re
2647 853 2782 895 vera
2828 835 2983 895 11300
3026 836 3196 894 ratio·

630 958 763 999 nem
827 939 1002 1000 etiam
1051 938 1256 999 Cicero
1311 946 1550 999 secutus
1609 947 1722 999 est:
1781 957 1917 999 0301
1971 941 2033 998 10
2088 940 2206 999 fine
2259 938 2608 998 Pisonianae
2652 939 2714 998 in
2760 936 2966 998 ultimo
3013 939 3245 1017 capites

626 1044 706 1102 ita
752 1040 924 1112 dixit,
975 1047 1263 1103 ‘omnes
1320 1038 1801 1112 adulantem',
1860 1059 1978 1101 000
2034 1040 2181 1101 dixit
2223 1039 2533 1100 ‘omnibus
2577 1038 2973 1101 adulantem'.
3066 1057 3200 1118 ergo

628 1143 833 1208 adulor
877 1143 962 1205 illi
1007 1143 1257 1204 dicimus
1305 1141 1394 1223 [et
1439 1141 1613 1203 adulo
1657 1142 1773 1223 illi]
1823 1152 1881 1204 et
1923 1143 2099 1204 adulo
2143 1142 2328 1204 illum.

796 1247 910 1310 lsta
955 1248 1070 1307 iam
1118 1264 1269 1326 quae
1314 1252 1593 1306 secuntur
1639 1245 1789 1306 levia
1832 1254 1992 1309 sunt:
2040 1254 2349 1327 praeterea
2393 1246 2548 1306 scire
2594 1245 2883 1308 debemus
2929 1264 3060 1307 esse
3103 1243 3200 1305 ali·

627 1369 740 1430 qua
785 1348 963 1410 verba
1019 1347 1309 1428 simplicia
1364 1365 1513 1426 quae
1563 1349 1570 1430 Ι
1617 1356 1867 1428 possunt
1918 1350 2048 1410 steri
2104 1351 2439 1429 conposita,
2499 1367 2630 1410 esse
2675 1348 2871 1429 aliqua
2917 1347 3199 1427 simplicia

627 1471 775 1535 quae
820 1470 941 1513 000
986 1457 1237 1531 possunt
1279 1453 1408 1512 fieri
1453 1452 1785 1531 conposita,
1832 1471 1963 1513 esse
2009 1451 2201 1530 aliqua
2247 1453 2555 1531 conposita
2601 1470 2751 1529 quae
2796 1470 2916 1512 000
2961 1458 3267 1531 [1055110110

626 1555 756 1618 fieri
799 1553 1119 1633 simplicia,
1169 1572 1296 1615 6556
1341 1554 1535 1635 aliqua
1580 1556 1885 1634 conposita
1931 1573 2080 1634 quae
2125 1561 2370 1634 possunt
2398 1555 2526 1615 fieri
2555 1554 2866 1634 simplicia.
2928 1561 3202 1632 quattuor

626 1665 765 1721 suut
807 1677 931 1718 res:
983 1664 1071 1718 est
1114 1656 1364 1737 simplex
1394 1656 1549 1737 quod
1580 1665 1779 1737 potest
1823 1676 1951 1718 esse
1998 1660 2400 1738 conpositum,
2447 1664 2513 1717 ut
2553 1665 2697 1737 puta
2741 1676 2898 1737 pono
2942 1675 3198 1737 repono;

628 1768 719 1821 est
780 1760 1029 1840 simplex
1083 1759 1237 1839 quod
1293 1779 1411 1821 non
1468 1766 1663 1840 potest
1728 1778 1859 1821 esse
1914 1761 2317 1839 conpositum,
2387 1762 2509 1830 ai0,
2578 1760 2741 1821 reaio
2794 1778 2977 1820 nemo
3035 1759 3199 1827 dicim

628 1882 877 1944 quaeso,
925 1880 1211 1940 requaeso
1243 1880 1419 1923 nemo
1451 1862 1608 1924 dicit.
1670 1864 1814 1923 item
1861 1881 1892 1923 6
1937 1865 2240 1925 000113110
2287 1869 2375 1924 651
2405 1864 2777 1944 conpositum
2810 1862 2966 1942 quod
3011 1869 3204 1941 potest

627 1967 756 2028 lieri
803 1964 1087 2044 simplex,
1135 1974 1198 2026 ut
1241 1966 1354 2026 hoc
1396 1963 1592 2045 ipsum
1627 1964 1784 2043 quod
1832 1966 1981 2036 dixi,
2028 1985 2284 2046 repono;
2333 1973 2424 2028 est
2467 1967 2837 2044 conpositum
2885 1964 3042 2044 quod
3087 1982 3271 2027 00015

627 2075 823 2147 potest
865 2069 996 2129 fleri
1041 2067 1316 2148 simplex,
1363 2075 1429 2130 ut
1472 2067 1753 2147 conpleo‚
1804 2087 1979 2130 nemo
2024 2075 2220 2149 potest
2264 2068 2463 2130 dicere
2507 2068 2661 2149 pleo.

793 2170 1080 2232 Accidunt
1127 2172 1304 2232 etiam
1350 2173 1613 2241 numeri,
1660 2170 1975 2249 singularis
2007 2178 2066 2231 et
2094 2171 2366 2251 pluralis:
2416 2171 2735 2251 singularis
2766 2169 2929 2248 lego,
2962 2167 3204 2248 pluralis

628 2270 895 2349 legimus,
988 2281 1426 2353 temptaverunt
1485 2294 1601 2335 uon
1657 2273 1805 2336 nulli
1871 2274 2071 2335 dicere
2136 2272 2407 2334 accidere
2472 2274 2653 2335 verbo
2723 2274 2901 2333 etiam
2971 2270 3204 2331 dualem

629 2373 795 2435 illum
839 2394 1152 2437 numerum
1199 2395 1493 2455 graecum.
1586 2377 1830 2446 Graeci,
1891 2377 2124 2456 quando
2170 2377 2243 2438 de
2286 2374 2406 2437 uno
2451 2375 2800 2456 loquuntur,
2858 2375 2940 2434 ita
2987 2374 3203 2445 dicunt,

627 2482 817 2537 ‘unus
861 2478 1039 2539 homo
1085 2477 1294 2556 legit';
1346 2478 1580 2559 quando
1612 2479 1686 2539 de
1731 2477 1957 2549 multis,
2005 2481 2083 2539 ita
2116 2478 2345 2549 dicunt,
2395 2478 2599 2541 ‘inulti
2630 2479 2902 2539 homines
2931 2477 3199 2556 legunt';
3229 2498 3278 2537 30

627 2579 860 2657 quando
916 2580 990 2639 de
1045 2579 1303 2650 duobus,
1367 2600 1478 2640 060
1534 2580 1674 2659 legit
1727 2581 1935 2642 dicunt
1986 2600 2099 2642 nec
2151 2580 2382 2660 legunt,
2443 2581 2546 2642 sed
2590 2581 2811 2660 legere.
2901 2582 3205 2661 quaeritur

628 2689 826 2743 utrum
873 2682 969 2742 hic
1016 2701 1298 2745 numerus
1342 2685 1528 2763 possit
1572 2683 1800 2745 admitti
1846 2684 1918 2744 ad
1963 2683 2326 2746 latinitatem.
2391 2686 2472 2745 ait
2501 2683 2763 2744 Donatus
2807 2689 2963 2745 ‘non
2996 2692 3205 2764 potest,

627 2805 813 2863 genus
859 2793 946 2846 est
991 2787 1265 2863 ligurae'.
1344 2794 1403 2846 et
1446 2806 1511 2847 re
1556 2806 1723 2856 vera,
1775 2786 2012 2865 quando
2057 2797 2306 2868 possunt
2350 2788 2549 2849 dicere
2595 2787 2669 2847 de
2714 2789 3056 2867 quingentis
3099 2789 3204 2848 ho-

629 2887 884 2950 minibus
929 2890 1147 2967 legere.
1225 2897 1509 2969 quantum
1553 2889 1624 2950 ad
1668 2909 1943 2968 graecam
1988 2892 2280 2951 rationem
2324 2894 2610 2971 pertinet,
2659 2909 2777 2951 non
2826 2888 2834 2972 Ι
2880 2899 3052 2970 potes
3096 2891 3209 2950 hoc

628 2990 854 3060 dicere,
903 2989 976 3050 de
1023 2990 1253 3052 duobus
1297 2999 1492 3052 autem
1538 2999 1707 3071 potes
1751 2992 1967 3053 dicere.
2058 2992 2259 3070 legere
2303 3003 2499 3054 autem
2547 2993 2784 3070 quando
2830 2993 2982 3064 dico,
3032 3001 3091 3054 et
3133 2993 3284 3053 deas

629 3092 854 3154 duobus
912 3103 1081 3174 potes
1137 3093 1337 3154 dicere
1395 3102 1452 3155 et
1506 3095 1580 3156 de
1634 3096 1852 3156 multis,
1941 3104 1999 3156 et
2064 3096 2203 3175 quid
2251 3103 2339 3156 est
2381 3095 2618 3173 legere?
2665 3094 2810 3156 nihil
2854 3094 3048 3167 aliud,
3095 3098 3209 3157 nisi

629 3194 784 3274 quod
832 3203 890 3256 et
931 3195 1234 3274 legerunt,
1284 3198 1417 3273 quia
1466 3198 1577 3258 1100
1624 3199 1914 3276 significat
1959 3196 2158 3276 legere
2205 3198 2360 3280 quod
2408 3197 2698 3276 legerunt.
2789 3217 2975 3278 quare
3021 3196 3209 3258 malu-

630 3305 805 3356 erunt
848 3300 1103 3358 maiores
1148 3301 1335 3359 nostri
1381 3299 1676 3380 duplicem
1722 3301 1991 3379 regulam
2036 3300 2214 3361 dare?
2261 3308 2588 3362 metrorum
2634 3319 2831 3361 causa.
2880 3303 3009 3362 ·vis
3053 3303 3208 3362 scire

629 3399 902 3478 quoniam
960 3408 1206 3479 propter
1260 3409 1446 3462 metra
1505 3402 1618 3463 hoc
1673 3404 1980 3463 fecerunt?
2048 3403 2199 3463 facio
2245 3422 2516 3472 versum,
2564 3422 2671 3482 per
2716 3401 2873 3463 illam
2923 3401 3207 3483 syllabam

628 3508 768 3569 stat,
818 3511 875 3561 et
918 3520 1026 3581 per
1071 3501 1233 3562 illam
1277 3522 1398 3564 000
1443 3513 1574 3565 stat.
1637 3513 1777 3584 puta
1824 3504 2059 3584 ‘legere
2091 3506 2437 3566 rudentes':
2483 3504 2683 3582 legere
2727 3506 3013 3568 rudentes
3058 3513 3204 3574 stat;
3234 3525 3287 3562 50

630 3603 905 3681 16361001
947 3604 1260 3675 1111160165,
1320 3624 1439 3666 000
1494 3615 1607 3669 stat
1654 3626 1876 3669 versus,
1969 3626 2110 3686 6130
2155 3610 2434 3689 1111001310
2482 3615 2619 3668 sunt
2664 3606 2887 3687 aliqua,
2933 3607 3037 3668 ubi
3084 3609 3205 3668 exi-

629 3712 803 3784 gatur
847 3705 1039 3768 1116115
1083 3706 1330 3786 syllaba,
1388 3708 1607 3790 aliqua,
1668 3711 1773 3771 11111
1829 3711 2034 3790 10033,
2093 3711 2227 3771 11160
2272 3709 2562 3789 duplicem
2609 3706 2873 3790 regulam
2918 3711 3210 3772 fecerunt.

631 3817 828 3868 tamen
873 3818 1156 3887 quantum
1203 3809 1275 3870 ad
1320 3830 1556 3872 sensum
1601 3816 1888 3892 pertinet,
1936 3814 2049 3875 hoc
2093 3815 2383 3893 significat
2427 3813 2699 3891 legerunt
2744 3813 2900 3891 quod
2943 3813 3165 3891 legere.

798 3911 1087 3972 Accidunt
1129 3914 1381 3990 figurae,
1430 3914 1681 3994 simplex
1729 3923 1785 3976 et
1831 3918 2166 3997 conposita:
2213 3915 2458 3996 simplex
2507 3925 2621 3986 est,
2668 3925 2734 3978 ut
2777 3915 2937 3995 lego,
2986 3934 3208 3996 conpo-

628 4016 770 4083 sita,
817 4019 883 4073 ut
925 4013 1193 4091 neglege.
3233 4035 3289 4075 as

394 4130 511 4193 507,
540 4130 603 4180 37
797 4115 1086 4176 Accidunt
1143 4118 1317 4178 etiam
1375 4126 1660 4199 tempora.
1750 4129 2020 4200 tempora
2079 4129 2215 4181 suut
2282 4118 2646 4200 nalturaliter
2710 4123 2854 4193 tria,
2925 4140 3209 4201 praesens

630 4219 1013 4299 praeteritum
1060 4226 1118 4279 et
1162 4219 1441 4281 futurum.
1532 4222 1633 4282 5611
1681 4222 1822 4283 illud
1881 4225 2269 4302 praeteritum
2315 4223 2560 4284 solvitur
2604 4224 2665 4283 in
2712 4225 2851 4294 tria,
2899 4226 2959 4284 in
3006 4225 3207 4304 inper-

629 4322 878 4389 fectum,
925 4322 986 4380 in
1030 4322 1363 4400 perfectum
1410 4331 1467 4383 et
1510 4323 2171 4406 plusquamperfectum.
2235 4344 2377 4404 6130
2410 4328 2667 4406 quinque
2700 4334 2875 4388 erunt
2906 4334 3204 4407 tempora:

771 4564 797 4613 l
848 4570 897 4611 et
933 4563 1056 4624 quid
1095 4562 1275 4612 adulor
1309 4565 1360 4613 B
1497 4566 1530 4614 2
1565 4566 1911 4614 accusativum
1950 4564 2029 4614 fac
2066 4591 2132 4601 —-
2171 4565 2489 4616 introducere
2533 4580 2622 4615 om.
2656 4565 2826 4616 ABG
2963 4567 2996 4616 5
3032 4582 3207 4615 cecero

630 4633 678 4680 A
853 4633 1172 4697 pissonianae
1205 4634 1284 4683 B:
1335 4635 1437 4687 Cic.
1475 4636 1526 4682 in
1554 4637 1661 4685 Pis.
1696 4637 1784 4697 41,
1822 4635 1890 4685 99
2061 4637 2094 4686 8
2131 4644 2391 4700 praeterea
2432 4636 2483 4685 id
2522 4635 2615 4699 (ad
2652 4636 2693 4685 G
2720 4650 2858 4685 corr.
2899 4636 2952 4686 id
2989 4636 3043 4698 c)
3078 4637 3205 4684 scire

629 4702 798 4752 ABG
920 4705 987 4752 24
1019 4719 1116 4754 1100
1141 4712 1306 4769 potest
1338 4704 1432 4754 hoc
1463 4705 1602 4755 lma
1631 4721 1727 4754 non
1757 4712 1924 4771 potest
1952 4705 2033 4754 1110
2057 4707 2106 4755 Α
2232 4707 2299 4756 25
2329 4715 2495 4756 autem
2525 4713 2689 4771 potest
2714 4706 2813 4756 AG
2938 4709 3008 4757 26
3042 4715 3207 4771 potest

630 4771 795 4822 ABG
891 4774 987 4821 0151
1027 4775 1163 4837 quod
1199 4784 1247 4823 ct
1279 4776 1425 4824 BCa
1457 4776 1554 4824 nisi
1591 4785 1639 4824 et
1675 4777 1725 4823 A
1845 4776 1910 4824 27
1940 4775 2110 4842 legere
2150 4777 2283 4839 quod
2320 4786 2396 4825 est
2432 4778 2663 4842 legerunt
2695 4777 2744 4824 A
2781 4776 2952 4842 legere
2988 4777 3125 4838 quod
3161 4787 3205 4824 61

577 4843 582 4846 ’
631 4842 862 4909 legerunt
893 4841 960 4891 a*
1060 4843 1129 4894 28
1166 4846 1382 4895 maiores
1409 4846 1502 4895 Ba
1527 4855 1697 4910 patres
1725 4846 1791 4911 A,
1817 4861 1910 4898 om.
1943 4847 1984 4896 G
2081 4847 2149 4896 29
2188 4862 2390 4898 versum
2418 4847 2788 4898 Lindemannus
2829 4848 3037 4896 uerbum
3064 4846 3209 4898 ABG
