3541 5564
540 311 663 379 358
1131 286 1145 301 '
1624 315 2035 378 coNsEN'rn

591 438 632 477 p.
660 426 776 465 2011.
808 426 857 463 42
884 422 928 462 l‘.

473 512 474 515 ’
524 522 709 564 casus
754 506 815 563 in
861 506 990 581 ipso
1036 503 1152 562 fine
1199 502 1587 569 dissentiunt,
1638 511 1700 562 ut
1744 521 1931 579 gener
1973 504 2211 579 generi,
2271 503 2432 563 celer
2477 504 2694 564 celeris
2738 504 2912 573 sacit;
2971 505 3115 564 item

539 605 751 664 mulier
796 613 855 663 et
899 612 1032 664 uter
1089 603 1359 663 mulieris
1405 611 1463 663 et
1509 606 1661 663 utris
1707 605 1963 666 faciunt:
2033 604 2384 684 plerumque
2430 613 2665 684 tempus
2720 624 2839 664 non
2897 624 3114 684 aequa-

540 706 680 767 liter
724 713 991 775 servant,
1040 713 1103 765 ut
1147 723 1325 783 sopor
1381 713 1440 765 et
1498 705 1677 765 arbor
1733 709 1965 785 soporis
2011 716 2068 765 ct
2114 705 2348 766 arbdris
2393 708 2640 775 faciunt,
2691 707 2900 767 Cicero
2947 707 3113 767 Cice·

463 868 470 877 ,
542 811 734 878 roniS,
795 810 1180 885 Agamemno
1213 806 1685 884 Agamemnonis.
1776 827 1908 867 cum
1965 808 2111 868 haec
2168 810 2561 869 inconstantia
2620 811 2727 877 sit,
2789 816 2910 869 tum
2968 807 3115 868 illud

541 911 784 979 accidit,
832 910 987 989 quod
1045 912 1173 988 ipse
1219 911 1639 976 nominativus,
1686 917 1890 988 utpote
1936 911 2035 988 qui
2084 909 2426 980 duodecim,
2487 913 2642 970 sicut
2686 910 2970 977 diximus,
3019 909 3115 969 lit-

539 1015 687 1072 teris
733 1015 1114 1079 terminetur,
1163 1029 1412 1090 quarum
1441 1010 1897 1070 semivocalibus
1929 1019 1987 1070 et
2017 1013 2198 1070 mutis
2242 1030 2274 1069 c
2320 1020 2380 1070 et
2426 1018 2449 1070 t
2492 1013 2737 1090 plurimi
2769 1011 3118 1090 complexus

540 1134 676 1175 cum
721 1113 1021 1174 vocalibus
1066 1132 1174 1191 pro
1220 1113 1497 1191 loquendi
1544 1115 1830 1173 varietate
1876 1121 2230 1181 nascuntur,
2279 1115 2547 1173 infinitus
2590 1132 2778 1191 paene
2824 1121 2885 1172 et
2930 1116 3115 1173 inter-

541 1219 799 1277 minatus
845 1224 955 1275 est.
1046 1233 1188 1292 ergo
1233 1213 1308 1273 ob
1355 1214 1461 1275 bas
1507 1214 1887 1275 difficultates
1932 1213 2005 1274 ab
2050 1233 2121 1274 eo
2167 1215 2444 1275 ordinare
2491 1216 2728 1293 regulas
2772 1216 3114 1293 supersedi-

538 1338 700 1387 mus,
748 1319 886 1396 quia
931 1335 1121 1397 neque
1169 1319 1397 1377 ratione
1444 1326 1640 1376 certae
1686 1325 1828 1377 sunt
1871 1324 1928 1375 et
1974 1334 2222 1376 numero
2265 1316 2740 1395 inexplicabiles.

711 1419 1069 1481 Ordinemus
1127 1437 1270 1496 ergo
1326 1438 1357 1478 a
1415 1421 1675 1496 genitivo
1730 1417 2050 1495 singulari,
2110 1421 2210 1497 qui
2257 1437 2392 1479 cum
2437 1426 2497 1478 et
2541 1420 2668 1497 ipsa
2714 1428 2925 1480 natura
2970 1438 3114 1497 quo-

541 1522 676 1581 dam
723 1521 894 1580 modo
949 1540 1057 1599 per
1101 1538 1164 1580 se
1212 1520 1402 1581 valeat
1450 1518 1585 1599 (non
1643 1522 1803 1580 enim
1848 1521 2062 1579 rationi
2111 1520 2289 1580 alicui
2334 1521 2751 1599 praecedentis
2796 1540 2969 1581 casus
3013 1522 3115 1581 de-

541 1623 671 1693 bet,
719 1642 827 1683 cur
871 1623 982 1682 hoc
1029 1630 1129 1683 aut
1170 1622 1273 1683 illo
1331 1624 1503 1682 modo
1560 1621 1910 1701 ecferatur),
1969 1629 2199 1682 ceteros
2245 1641 2315 1682 ex
2363 1640 2426 1681 se
2471 1624 2663 1700 gignit
2707 1630 2880 1701 atque
2928 1622 3116 1702 expli-

541 1734 653 1785 cat.
744 1733 918 1804 atque
965 1724 1076 1784 hoc
1121 1743 1300 1784 ausus
1356 1726 1470 1783 sim
1523 1724 1751 1792 dicere,
1801 1724 1955 1803 quod
2003 1726 2195 1784 omnis
2240 1724 2339 1783 illa
2385 1725 2665 1793 varietas,
2713 1742 2887 1803 quam
2936 1725 3115 1803 pleri-

541 1847 654 1906 que
702 1848 732 1887 a
778 1828 1139 1886 nominativo
1171 1829 1365 1886 conati
1412 1835 1550 1887 sunt
1594 1826 1923 1904 explicare,
1973 1825 2165 1885 tribus
2208 1833 2555 1905 quattuorve
2602 1846 2635 1885 a
2678 1828 2939 1904 genitivo
2985 1845 3115 1885 cer-

541 1932 620 1990 tis
679 1928 904 2005 regulis
962 1929 1307 1988 includitur.
1398 1947 1540 2005 ergo
1597 1947 1668 1988 ex
1725 1926 1992 2006 qualibet
2048 1929 2391 1988 nominativi
2449 1928 2768 1988 inflexione
2822 1929 3119 2005 genitivus

542 2031 864 2107 singularis
909 2038 1034 2090 tres
1065 2032 1191 2090 scre
1223 2031 1444 2089 formas
1475 2029 1744 2090 exhibet:
1794 2038 1891 2089 ant
1938 2032 2096 2089 enim
2141 2032 2205 2090 in
2251 2033 2302 2090 is
2349 2030 2797 2098 terminabitur,
2846 2038 2912 2089 ut
2954 2030 3117 2090 celer

541 2132 789 2202 celeris,
838 2140 940 2192 aut
984 2134 1044 2192 in
1092 2134 1142 2201 i,
1192 2139 1258 2191 ut
1303 2150 1446 2211 aper
1491 2134 1651 2210 apri,
1700 2141 1802 2191 ant
1847 2133 1907 2191 in
1955 2151 2051 2201 ae,
2110 2139 2175 2193 ut
2217 2132 2378 2192 Musa
2426 2132 2646 2192 Musae.
2736 2134 3011 2210 quotiens
3055 2134 3116 2191 in

541 2236 594 2292 is
642 2236 1024 2303 terminatur,
1084 2234 1343 2294 dativum
1403 2235 1462 2293 in
1519 2236 1539 2292 i
1595 2236 1803 2303 mittit,
1864 2236 2261 2294 accusativum
2308 2237 2368 2293 in
2420 2228 2593 2315 lem,
2642 2241 2707 2293 ut
2748 2234 2887 2293 huic
2931 2234 3118 2293 celeri

543 2337 699 2395 bunc
754 2336 1032 2397 celerem.
1123 2336 1354 2395 dativus
1408 2354 1590 2414 porro
1646 2338 1666 2395 i
1724 2338 2077 2396 terminatus
2122 2335 2439 2397 ablativum
2484 2335 2848 2413 singularem
2891 2344 2993 2395 aut
3035 2337 3117 2394 si-

544 2440 745 2498 milem
792 2442 883 2499 sui
931 2437 1201 2506 exhibet,
1234 2446 1361 2507 ‚aut
1419 2441 1481 2497 in
1536 2457 1567 2496 e
1629 2446 1960 2516 correptam
2006 2438 2314 2517 conpellit,
2374 2446 2438 2497 ut
2483 2447 2574 2498 est
2617 2438 2727 2497 hoc
2772 2440 2967 2517 ipsum
3013 2456 3117 2497 no-

544 2559 708 2610 men,
756 2540 829 2600 ab
875 2540 986 2599 hoc
1032 2540 1248 2599 celere.
1339 2539 1594 2599 similem
1651 2558 1791 2598 vero
1847 2541 1938 2599 sui
1985 2540 2254 2608 exhibet,
2305 2549 2369 2600 ut
2415 2548 2505 2600 est
2548 2548 2687 2619 puta
2733 2538 2910 2600 liuius
2954 2541 3119 2600 navis

544 2642 682 2701 huic
728 2645 860 2702 navi
908 2642 981 2700 ab
1027 2642 1135 2702 hac
1181 2644 1334 2701 navi.
1425 2643 1699 2719 quotiens
1755 2660 1894 2701 vero
1953 2645 1970 2700 i
2029 2644 2384 2702 terminatur
2438 2644 2765 2719 genitivuS,
2825 2649 2889 2701 ut
2943 2641 3119 2701 huius

545 2746 703 2823 apri,
752 2744 1012 2804 dativum
1058 2746 1118 2803 in
1152 2762 1186 2801 o
1229 2745 1439 2810 mittit,
1487 2745 1883 2803 accusativum
1929 2746 1989 2804 in
2034 2763 2163 2815 um,
2213 2753 2274 2804 ut
2318 2744 2456 2805 huic
2502 2762 2646 2824 apro
2690 2743 2846 2804 hunc
2890 2762 3115 2823 aprum,

545 2845 868 2907 ablativum
917 2865 1054 2906 vcro
1099 2847 1188 2906 sui
1237 2846 1494 2905 similem
1526 2847 1756 2906 dativus
1789 2848 2000 2915 eflicit,
2048 2854 2116 2906 ut
2159 2847 2233 2907 ab
2280 2847 2390 2906 hoc
2433 2865 2598 2925 apro.
2660 2848 2934 2925 quotiens
2980 2864 3119 2905 vero

3143 925 3168 963 5

3145 1437 3195 1475 10

3148 1946 3196 1983 15

3145 2457 3197 2495 20

544 2951 841 3025 genitivus
897 2948 1222 3025 singularis
1278 2967 1346 3008 ac
1402 2947 1626 3027 syllaba
1686 2951 2071 3017 terminatur,
2121 2957 2184 3008 ut
2228 2948 2405 3008 buius
2450 2949 2677 3017 Musae,
2725 2948 2981 3008 similem
3026 2948 3115 3007 sui
3145 2971 3199 3008 25

547 3053 733 3111 eflicit
777 3051 1068 3120 dativum,
1117 3059 1175 3111 et
1221 3053 1619 3111 accusativum
1663 3052 1722 3109 in
1770 3069 1864 3110 am
1909 3053 2095 3127 cogit,
2145 3058 2208 3110 ut
2254 3051 2389 3110 buic
2434 3050 2633 3111 Musae
2680 3049 2829 3110 banc
2874 3050 3117 3110 Musam.

548 3152 658 3211 lioc
717 3171 850 3212 cum
906 3156 1055 3220 erit,
1115 3172 1232 3212 non
1289 3154 1478 3212 s‘olum
1537 3154 1865 3221 vocativus,
1923 3153 2027 3210 sed
2084 3160 2144 3211 et
2199 3152 2489 3212 ablativus
2544 3154 2888 3213 nominativi
2946 3161 3121 3212 erunt

547 3253 807 3322 similes,
867 3264 930 3314 ut
987 3275 1021 3313 o
1077 3254 1240 3315 Musa
1298 3264 1356 3314 et
1413 3253 1488 3314 ab
1543 3254 1651 3315 bac
1709 3255 1893 3314 Musa.
1984 3262 2157 3333 atque
2216 3254 2309 3314 bis
2363 3253 2601 3334 quidem
2656 3254 2851 3315 tribus
2898 3254 3121 3331 regulis

547 3357 739 3415 omnis
787 3374 971 3434 paene
1019 3359 1320 3417 nominum
1368 3356 1684 3416 multitudo
1730 3356 2125 3417 concluditur.
2215 3357 2319 3417 sed
2365 3358 2653 3436 quaedam
2698 3365 2864 3418 extra
2910 3357 3014 3416 has
3060 3359 3119 3415 in

548 3460 754 3536 paucis
811 3458 1124 3518 admodum
1183 3458 1523 3519 nominibus
1580 3458 1756 3517 aliter
1802 3462 2108 3527 eveniunt,
2157 3479 2308 3537 qnae
2356 3468 2415 3519 et
2460 3461 2587 3540 ipsa
2634 3460 2897 3520 breviter
2942 3461 3119 3518 attin-

548 3577 773 3634 gemus.
847 3560 957 3619 hae
1003 3569 1142 3620 sunt
1185 3568 1461 3640 quattuor
1506 3568 1731 3620 tantum
1779 3560 1951 3621 modo
1996 3562 2241 3621 formae.
2315 3565 2510 3640 prima
2556 3570 2648 3622 est
2691 3564 2860 3622 cuius
2904 3563 3117 3638 geniti-

553 3681 655 3721 vus
700 3664 762 3721 in
807 3680 877 3720 us
920 3664 1270 3742 productam
1315 3666 1465 3731 exit,
1525 3671 1589 3722 ut
1645 3663 1823 3722 huius
1866 3665 2092 3723 vultus:
2156 3663 2251 3724 bic
2308 3665 2567 3725 dativum
2614 3645 2929 3726 inflexione
2977 3682 3118 3743 qua-

552 3765 684 3824 dam
728 3773 966 3843 torquet
1011 3767 1071 3826 in
1119 3768 1208 3835 ui,
1267 3774 1331 3825 ut
1387 3766 1525 3825 huic
1583 3766 1796 3834 vultui;
1857 3768 2255 3826 accusativum
2313 3768 2372 3826 in
2433 3785 2529 3826 um
2583 3767 2795 3835 mittit,
2857 3773 2920 3826 ut
2964 3766 3121 3826 hunc

549 3866 807 3938 vultum;
855 3867 1176 3970 ablativum
1222 3870 1284 3926 in
1332 3885 1366 3926 u
1413 3869 1598 3943 cogit,
1647 3875 1709 3926 ut
1755 3866 1830 3926 ab
1876 3867 1985 3927 boc
2030 3867 2212 3927 vultu.
2303 3869 2559 3930 secunda
2605 3878 2696 3929 est
2739 3887 2889 3946 quae
2935 3868 3120 3929 simili

694 4176 719 4228 l
760 4176 807 4223 in
847 4175 959 4239 ipso
990 4174 1089 4222 flne
1125 4174 1442 4222 consentiunt
1477 4180 1531 4221 ut
1567 4188 1723 4238 gener
1761 4173 1894 4222 celer
1927 4175 2132 4240 generis
2170 4183 2220 4225 et
2258 4184 2307 4224 et
2347 4176 2528 4225 ceteris
2568 4175 2757 4226 faciunt
2785 4178 2902 4226 item
2939 4175 3121 4226 desen·

551 4247 676 4294 tiunt
705 4246 884 4294 mulien·
922 4253 1031 4293 uter
1058 4244 1284 4293 mulieris
1323 4245 1447 4292 utris
1487 4243 1676 4292 faciunt
1704 4244 1761 4291 M
1893 4245 1927 4295 3
1962 4247 2127 4294 cicero
2164 4246 2411 4294 ciceronis
2441 4260 2777 4311 agamemnon
2818 4251 2976 4306 (cor-r.
3003 4247 3121 4310 -no)

549 4316 937 4381 agamemnonis
976 4315 1126 4363 carbo
1165 4315 1399 4362 carbonis
1436 4329 1546 4362 cum
1587 4313 1652 4361 M
1682 4315 1846 4362 cicero
1884 4316 2128 4365 ciceronis
2158 4331 2269 4364 cum
2308 4314 2421 4364 BL
2521 4318 2552 4364 4
2583 4315 2669 4384 sit]
2712 4317 2813 4365 sint
2838 4316 3023 4365 BML

553 4385 678 4453 tum]
720 4385 821 4435 tan‘i
851 4385 910 4434 M
1049 4384 1081 4433 5
1113 4386 1198 4447 qui
1233 4399 1296 4432 ex
1324 4384 1592 4432 duodecim
1624 4383 1688 4431 M
1823 4385 1857 4435 6
1882 4387 2178 4451 complexus
2215 4393 2332 4434 sunt
2366 4400 2481 4433 cum
2520 4401 2612 4450 pro
2651 4386 2888 4448 loquendi
2917 4387 3027 4438 BL

551 4458 581 4505 7
620 4466 895 4506 noscuntur
929 4455 992 4504 M
1127 4457 1161 4505 9
1198 4452 1337 4520 quia]
1382 4469 1511 4516 quae
1546 4454 1597 4502 B
1737 4454 1800 4504 10
1837 4456 2131 4505 ordinemur
2162 4455 2269 4505 BL
2305 4455 2563 4504 ordiamur
2588 4453 2870 4506 Sic-hardus
3012 4457 3121 4521 ipse

552 4543 615 4575 ex
656 4536 830 4576 natura
871 4527 932 4575 M
1042 4525 1099 4592 11
1137 4524 1353 4573 alicuius
1388 4522 1670 4573 Siclaeardus
1769 4523 1835 4574 13
1870 4524 1996 4574 haec
2023 4540 2177 4575 ausus
2232 4525 2289 4587 (h
2326 4539 2476 4573 casus
2508 4540 2645 4578 corr,
2674 4525 2707 4573 h
2745 4540 2901 4576 ausus
2932 4528 2997 4587 L)
3023 4525 3120 4575 sim

554 4597 720 4646 dicere
756 4599 920 4646 omnis
958 4594 1072 4644 BL
1183 4610 1296 4645 sum
1339 4594 1399 4641 M
1531 4595 1592 4645 15
1629 4595 1941 4657 perflexione
1980 4597 2031 4647 B
2131 4594 2197 4646 16
2233 4595 2528 4645 terminatur
2572 4594 2633 4641 M
2734 4595 2803 4645 ‘20
2838 4605 3119 4661 correptam

553 4681 644 4718 om.
685 4668 796 4716 BL
974 4666 1122 4729 ipsud
1163 4665 1223 4713 M
1396 4663 1462 4713 25
1497 4679 1556 4712 ae
1594 4664 1658 4712 sit
1694 4663 1856 4725 (corr.
1897 4665 1977 4728 fit)
2013 4668 2307 4715 terminatus
2348 4665 2413 4713 M
2579 4663 2646 4714 26
2676 4674 2823 4730 coget
2863 4668 2985 4716 ML

555 4734 622 4782 29
657 4746 799 4785 extra
842 4735 936 4784 hac
965 4736 1014 4783 B
1055 4743 1198 4782 extra
1231 4734 1355 4782 haec
1391 4732 1448 4780 M
1486 4741 1656 4782 contra
1689 4733 1814 4782 haec
1852 4736 1898 4783 L
2038 4735 2106 4788 33
2140 4736 2189 4783 in
2228 4732 2299 4800 ul]
2346 4736 2395 4782 in
2433 4736 2447 4783 i
2488 4735 2547 4783 M
2688 4735 2754 4785 34
2788 4751 2917 4798 quae
2944 4737 3121 4800 singu-

560 4803 711 4853 larem
749 4807 1028 4869 genitiunm
1068 4813 1114 4852 et
1153 4805 1377 4852 datiimm
1418 4817 1514 4851 non
1554 4805 1602 4851 in
1635 4803 1650 4849 i
1683 4813 1880 4866 torquet
1916 4806 2005 4853 sed
2043 4805 2267 4853 nltimam
2306 4801 2664 4854 consonantem
2693 4804 2893 4855 fraudat
2928 4807 2998 4872 M,
