3541 5564
590 346 716 410 322
1762 348 2031 411 lVLlANl

642 470 683 509 p.
711 458 775 497 20.
802 458 848 496 ει
883 456 929 496 a.

590 538 674 596 sic
730 536 1015 597 similiter.
1105 537 1356 596 Metrum
1415 555 1532 615 quo
1589 535 1804 596 modo?
1892 536 2076 606 Quale
2131 545 2384 598 metrum
2446 539 2662 599 efficiat
2717 557 2867 599 unus
2926 540 3177 617 quisque

587 656 724 716 peS‚
774 640 825 699 si
869 637 1162 717 dactyluS,
1215 635 1594 716 dactylicum;
1641 639 1690 698 si
1734 636 1995 707 iambum,
2045 636 2389 708 iambicum;
2435 641 2521 700 sic
2567 648 2625 700 et
2668 643 2869 701 ceteri.

757 739 944 800 Pedes
975 739 1271 818 dissyllabi
1318 736 1460 817 duot
1504 743 1676 800 sunt?
1723 740 2034 809 Quattuor.
2096 741 2207 808 Qui
2240 742 2413 801 sunt?
2462 740 2847 820 pyrrhichius
2877 743 3175 825 spondeus

587 839 818 900 iambus
865 850 922 901 et
968 841 1298 903 trochaeus.
1390 841 1702 923 Trisyllabi
1752 850 1894 921 quot
1938 843 2110 901 sunt?
2185 842 2363 911 Octo,
2422 842 2480 902 id
2530 850 2620 903 cst
2665 844 3000 905 tribrachus
3046 865 3172 905 mo-

586 942 778 1004 lossus
834 950 1186 1022 anapaestus
1246 943 1510 1023 dactylus
1568 942 2025 1024 amphibrachus
2081 943 2522 1022 amphimacrus
2583 944 2862 1006 bacchius
2918 955 2977 1008 et
3022 948 3170 1008 anti·
3202 964 3228 1001 r.

588 1043 883 1106 bacchius.
947 1043 1336 1125 Tetrasyllabi
1384 1053 1529 1124 quot
1571 1047 1745 1107 sunt?
1794 1044 2084 1105 Sedecim.
2164 1045 2310 1116 Qui?
2354 1044 2885 1123 proceleumaticus
2931 1047 3171 1127 dispon-

586 1146 734 1206 deus
792 1146 1086 1207 diiambus
1143 1146 1520 1207 ditrochaeus
1578 1149 1936 1227 antispastus
2003 1145 2381 1207 choriambus
2436 1147 2667 1209 ionicus
2723 1169 2755 1209 a
2825 1151 3048 1209 maiore
3114 1156 3175 1208 et

584 1250 814 1308 ionicus
858 1267 888 1307 a
937 1250 1198 1318 minore,
1259 1257 1532 1329 quattuor
1577 1267 1837 1329 paeones
1885 1255 1943 1308 et
1999 1255 2275 1327 quattuor
2321 1250 2560 1328 epitriti.
2651 1250 2764 1321 Qui
2809 1259 2947 1310 sunt
2990 1250 3175 1329 pedes

583 1350 916 1429 simplices?
965 1349 1273 1429 Dissyllabi
1320 1358 1378 1410 et
1423 1349 1727 1429 trisyllabi.
1821 1350 1931 1421 Qui
1979 1357 2118 1410 sunt
2160 1350 2345 1430 pedes
2390 1349 2690 1429 duplices?
2758 1350 3170 1432 Tetrasyllabi.

753 1451 1133 1532 Pyrrhichius
1177 1472 1280 1533 pes
1327 1472 1393 1513 ex
1443 1453 1658 1532 quibus
1701 1450 1938 1532 syllabis
1984 1453 2249 1512 constat?
2326 1453 2410 1513 Ex
2470 1452 2698 1513 duabus
2757 1452 3059 1522 brevibuS‚
3107 1465 3172 1513 ut
3200 1475 3251 1510 lo

584 1562 769 1633 pater.
859 1555 1015 1624 Quot
1072 1563 1337 1635 tempora
1396 1554 1610 1615 habet?
1685 1554 1833 1615 Duo,
1910 1554 2061 1624 Quot
2124 1563 2389 1635 tempora
2451 1554 2704 1614 vindicat
2760 1554 2871 1617 sibi
2918 1557 3066 1615 arsis
3112 1564 3171 1616 et

585 1666 727 1735 quot
773 1655 995 1716 thesis?
1083 1658 1241 1717 Arsis
1304 1675 1517 1725 unum,
1575 1656 1758 1717 thosis
1816 1674 2015 1716 unum.
2108 1658 2287 1718 Cuius
2341 1656 2647 1716 divisionis
2704 1657 2828 1716 est?
2915 1659 3168 1734 Acquae.

584 1760 712 1830 Quo
759 1757 935 1818 modo
953 1764 975 1816 ‘s
1043 1757 1190 1829 Quia
1238 1776 1422 1819 unum
1470 1769 1700 1839 tempus
1747 1757 1924 1831 habet
1967 1759 2116 1818 arsis
2161 1765 2219 1818 et
2265 1774 2445 1817 unum
2494 1758 2692 1818 thesis,
2786 1759 2951 1819 Vnde
2996 1757 3173 1819 habet

585 1859 1034 1939 etymologiam?
1107 1861 1151 1919 Α
1198 1861 1455 1941 Pyrrho,
1506 1859 1623 1921 filio
1669 1858 1937 1928 Achillis,
1997 1879 2070 1920 eo
2128 1859 2286 1937 quod
2343 1858 2414 1919 ad
2463 1860 2635 1920 l'unus
2680 1861 2868 1937 patris
2912 1868 3171 1921 armatus

586 1961 793 2023 eodem
841 1971 1032 2023 metro
1078 1958 1312 2030 luserit;
1361 1964 1481 2023 sive
1528 1965 1664 2043 quia
1711 1966 2070 2042 interempto
2115 1960 2397 2041 Euripide
2443 1961 2651 2022 eodem
2698 1969 2892 2022 metro
2936 1960 3171 2021 saltavit
3198 1982 3247 2019 ιε,

583 2072 874 2134 armatus,
933 2065 1147 2124 mentis
1192 2063 1402 2141 gaudia
1449 2066 1718 2145 corporis
1765 2062 2124 2124 exultatione
2170 2066 2543 2125 confirmans,
2638 2063 2793 2124 unde
2839 2071 2897 2123 et
2939 2064 3171 2142 pyrrhi-

583 2166 710 2227 cbia
756 2167 990 2228 inventa
1034 2165 1269 2226 saltatio
1315 2166 1529 2227 dicitur
1575 2165 1728 2247 apud
1778 2167 2053 2234 Graecos
2105 2173 2158 2225 et
2207 2184 2314 2244 pes
2358 2167 2484 2245 ipse
2530 2165 2907 2246 pyrrhichius
2952 2185 3168 2227 nomen

581 2270 808 2348 accepit
863 2268 936 2329 ah
992 2277 1122 2328 actu
1186 2275 1245 2328 et
1301 2269 1572 2329 cantione
1617 2267 1830 2348 Pyrrhi
1917 2266 2061 2337 Quis
2117 2274 2205 2327 est
2260 2266 2343 2327 illi
2390 2270 2762 2329 contrarius?
2837 2267 3167 2347 Spondeus.

582 2371 711 2443 Quo
760 2369 972 2430 modo?
1022 2371 1169 2442 Quia
1203 2387 1316 2450 quo
1363 2369 1538 2430 modo
1584 2368 1684 2431 ille
1730 2388 1801 2430 ex
1849 2367 2075 2429 duabus
2120 2367 2395 2429 brevibus
2441 2377 2700 2437 constat,
2751 2371 2861 2430 iste
2906 2388 2977 2429 ex
3023 2369 3167 2430 dua-

579 2471 691 2533 bus
736 2471 946 2550 longiS.
1008 2472 1165 2542 Quot
1209 2481 1474 2552 tempora
1521 2470 1738 2532 habet?
1786 2472 2095 2542 Quattuor.
2167 2472 2345 2533 Cuius
2390 2470 2693 2532 divisionis
2738 2473 2862 2532 est?
2908 2474 3163 2549 Aequae.
3194 2494 3246 2533 20

581 2574 712 2644 Quo
757 2572 972 2633 modo?
1021 2573 1168 2644 Quia
1217 2582 1375 2634 tanta
1420 2581 1688 2653 tempora
1734 2571 1914 2633 habet
1960 2574 2138 2642 arsiS‚
2190 2581 2407 2651 quanta
2454 2582 2514 2633 et
2559 2573 2762 2635 thesis.
2854 2573 3169 2653 Spondeus

580 2674 739 2736 unde
799 2674 1027 2735 dictus?
1095 2667 1254 2735 Ἀπὸ
1314 2672 1428 2753 τῆς
1487 2672 1813 2753 σπονδῆς,
1875 2674 1931 2733 id
1980 2684 2067 2735 est
2112 2681 2329 2744 tractu,
2393 2674 2547 2753 quod
2594 2693 2699 2754 pes
2737 2676 2868 2755 ipse
2913 2683 3166 2737 tractum

580 2785 768 2838 sonet.
848 2772 1110 2858 σπονδή
1156 2778 1313 2838 enim
1358 2796 1572 2855 graece
1618 2785 1840 2838 tractus
1885 2785 2155 2844 vocatur-3
2203 2776 2360 2838 unde
2409 2786 2467 2839 et
2511 2778 2551 2838 ii
2596 2779 2695 2857 qui
2741 2776 2901 2840 tibiis
2947 2786 3170 2840 canunt

579 2883 642 2941 in
700 2881 888 2941 sacris
947 2877 1284 2958 spondiales
1338 2890 1640 2941 vocantur.
1730 2878 1965 2940 iambus
2020 2898 2092 2940 ex
2162 2877 2377 2957 quibus
2440 2879 2680 2958 syllabis
2741 2882 3005 2941 constat?
3078 2881 3165 2942 Ex

580 2980 743 3043 brevi
792 2989 850 3041 et
892 2979 1085 3058 longa.
1176 2982 1333 3053 Quot
1377 2992 1643 3061 tempora
1689 2980 1903 3043 habet?
1976 2981 2130 3042 Tria.
2221 2982 2380 3053 Quot
2438 2989 2701 3061 tempora
2751 2982 3007 3044 vindicat
3049 2981 3244 3045 sibi25

578 3086 728 3145 arsis
772 3091 831 3144 et
873 3092 1018 3163 quot
1063 3083 1283 3144 thesis?
1352 3086 1513 3145 Arsis
1559 3102 1772 3154 unum,
1821 3082 2005 3144 thesis
2051 3084 2182 3144 duo.
2273 3085 2449 3146 Cuius
2494 3083 2800 3145 divisionis
2844 3087 2971 3145 est?
3047 3085 3163 3146 Du-

578 3185 728 3266 plae.
820 3186 948 3257 Quo
997 3185 1209 3246 modo?
1277 3187 1425 3258 Quia
1469 3204 1608 3265 pars
1652 3191 1881 3264 partem
1927 3185 2106 3265 duplo
2155 3187 2350 3246 vincit.
2443 3183 2604 3246 Vnde
2649 3185 2831 3247 hahet
2876 3186 3161 3265 etymolo-

580 3289 771 3366 giam?
839 3281 997 3347 Ἀπὸ
1040 3286 1163 3347 τοῦ
1206 3283 1604 3367 ίαμβιάζειν,
1662 3287 1722 3347 id
1779 3297 1867 3349 est
1910 3308 1941 3349 a
1991 3287 2333 3357 maledictu,
2396 3307 2511 3348 non
2561 3288 2715 3365 quod
2764 3287 2875 3349 hoc
2921 3307 3161 3349 carmen

576 3392 651 3450 sit
706 3388 1088 3459 maledicum,
1154 3390 1255 3450 sed
1326 3389 1483 3469 quod
1535 3382 1831 3450 'maledica
1894 3390 2101 3452 eodem
2158 3399 2295 3451 sunt
2353 3398 2541 3451 metro
2603 3392 2948 3470 composita.
3039 3410 3159 3451 nou

578 3490 725 3552 nulli
773 3493 971 3552 ferunt
1013 3491 1085 3552 ab
1119 3490 1313 3552 Iamba
1361 3490 1639 3562 muliere,
1688 3512 1864 3572 quam
1911 3493 2113 3554 dicunt
2157 3494 2216 3553 in
2265 3490 2575 3553 maledicto
2621 3495 2999 3555 exercitatam
3044 3494 3159 3553 isto
3186 3517 3239 3556 ao

577 3592 729 3672 pede
778 3612 962 3654 usam.
1055 3593 1211 3654 unde
1272 3603 1331 3654 et
1386 3596 1548 3654 iocos
1592 3594 1912 3657 maledicos
1957 3594 2112 3674 apud
2160 3594 2417 3656 Graecos
2461 3592 2688 3654 iambos
2734 3603 2958 3656 vocant.
3049 3594 3159 3665 Qui

576 3714 683 3774 pes
731 3704 819 3755 est
862 3697 959 3756 isti
1005 3697 1377 3757 contrarius?
1436 3695 1800 3758 Trochaeus.
1891 3697 1977 3757 Ex
2022 3695 2234 3776 quihus
2277 3695 2519 3775 syllabis
2565 3698 2829 3757 constat?
2889 3697 2969 3757 Ex
3016 3696 3159 3758 dua·

579 3796 717 3866 l›u5‚
775 3796 834 3857 id
893 3805 979 3857 est
1036 3797 1208 3875 longa
1268 3806 1325 3857 et
1379 3797 1562 3858 brevi.
1641 3798 1798 3869 Quot
1851 3804 2119 3877 tempora
2179 3796 2393 3859 babet?
2482 3797 2648 3867 Tria,
2709 3800 2861 3859 arsis
2905 3798 3160 3860 vindicat

575 3898 722 3968 duo,
784 3899 966 3959 thesis
1022 3918 1229 3961 unum.
1322 3899 1481 3960 Vnde
1538 3899 1715 3960 habet
1760 3899 2194 3980 etymologiam.
2286 3900 2370 3960 Eo
2415 3900 2571 3980 quod
2619 3919 2651 3960 e
2694 3900 2869 3979 longa
2913 3902 2978 3960 in
3025 3900 3159 3961 bre-

577 4019 704 4061 vem
747 4000 1113 4061 descendens
1158 4000 1392 4062 rotatile
1437 4019 1677 4062 carmen
1724 4001 1957 4063 efficiat.
2020 3992 2249 4083 τροχός
2292 4003 2448 4063 enim
2493 4020 2706 4081 graece
2750 4010 2880 4063 rota
2920 3991 3160 4064 “dicium
3187 4033 3241 4073 35

743 4100 959 4173 Quales
1003 4103 1187 4182 pedes
1233 4102 1556 4184 trisyllabi?
1613 4104 1725 4175 Qui
1769 4112 2117 4183 sequuntur.
2207 4103 2571 4189 sl'ribracbus
2618 4123 2688 4165 ex
2735 4103 2950 4184 quibus
2993 4104 3160 4184 sylla·

576 4203 667 4266 bis
711 4205 977 4270 constat?
1023 4223 1095 4265 ex
1139 4204 1330 4266 tribus
1375 4203 1682 4277 brevibus,
1729 4213 1795 4267 ut
1839 4205 2129 4267 dominus.
2221 4206 2379 4278 Quot
2420 4215 2685 4287 tempora
2732 4204 2948 4267 habet?
3002 4208 3162 4277 Tria,

573 4307 723 4367 arsis
769 4306 1024 4368 vindicat
1069 4306 1217 4377 due,
1267 4306 1449 4369 thesis
1495 4327 1696 4370 unum.
1761 4309 1939 4370 Cuius
1970 4308 2269 4371 divisionis
2314 4310 2436 4369 est?
2481 4308 2720 4389 Duplae.
2784 4309 2915 4379 Quo
2948 4307 3160 4369 modo?

711 4566 743 4614 4
776 4560 1114 4627 tribracchus]
1152 4562 1457 4613 tribacchius
1497 4564 1540 4613 le
1715 4566 1779 4615 15
1815 4565 1923 4614 sive
1965 4561 2105 4630 quia]
2149 4564 2222 4613 ad
2256 4569 2455 4615 inventa
2490 4565 2756 4628 Cinesiae,
2792 4582 2922 4631 quae
2958 4581 3157 4617 eorume-

571 4636 779 4684 mor-avie
829 4635 1093 4684 Diomedes
1131 4648 1186 4696 p.
1233 4635 1355 4697 475,
1390 4636 1458 4684 22
1492 4631 1618 4683 haec
1657 4637 1920 4697 pertinere
1953 4636 2187 4684 videntur
2325 4637 2383 4686 21
2429 4631 2637 4700 quanta]
2681 4636 2935 4698 quomodo
2976 4637 3019 4686 le

570 4705 637 4752 22
676 4705 845 4754 dictus
879 4719 978 4769 apo
1017 4714 1068 4753 tu
1110 4705 1308 4768 sponda
1347 4705 1390 4753 11
1532 4702 1598 4754 23
1634 4699 1882 4770 σπονδή]
1923 4705 2122 4770 sponda
2152 4705 2196 4754 Β
2335 4704 2404 4754 28
2439 4720 2537 4769 apo
2576 4713 2625 4753 tu
2667 4706 2940 4754 iamhiaziu
2978 4706 3022 4755 R

569 4773 639 4822 29
671 4772 1003 4840 maledicum]
1059 4775 1378 4823 maledictum
1421 4775 1464 4825 R
1605 4773 1672 4825 30
1723 4775 1889 4824 serunt
1937 4776 2358 4825 ndiambatassem
2402 4776 2665 4824 mulierem
2712 4790 2862 4839 quam
2904 4777 2949 4825 Η
3090 4777 3157 4824 35

568 4840 784 4909 τροχός]
824 4845 1024 4894 trochos
1063 4845 1106 4893 lt
