3541 5564
526 337 651 404 256
1672 336 1975 404 POMPEll

575 462 618 502 p.
646 450 823 491 358-60
849 448 894 488 L.

525 531 764 592 verbio?
812 547 953 607 ergo
997 530 1048 590 si
1091 529 1352 607 iungitur
1396 530 1650 601 nomini,
1698 531 1814 591 iam
1860 548 2033 591 mane
2079 542 2295 590 nomen
2342 537 2449 591 est.
2541 537 2600 590 et
2644 532 2731 592 sic
2775 533 2890 593 erit
2932 551 3108 595 mane

524 633 586 692 in
633 650 665 693 e
710 632 944 702 exiens,
1002 632 1279 712 quoniam
1335 631 1604 694 neutrale
1663 638 1780 701 est,
1839 631 1952 693 hoc
2009 650 2210 702 mane,
2269 650 2447 712 quem
2492 631 2565 693 ad
2612 632 2848 694 modum
2896 634 3104 696 docile.

526 734 622 795 hic
667 733 876 796 docilis
919 733 1097 795 huius
1142 731 1349 795 docilis
1394 733 1533 795 huic
1578 733 1755 795 docili
1802 734 1962 795 hunc
2006 732 2256 795 docilem
2304 753 2338 794 o
2384 732 2592 795 docilis
2638 734 2710 795 ab
2757 734 2872 796 hoc
2915 736 3103 804 dicili;

526 836 622 897 hic
665 824 853 898 facilis
899 837 1011 897 erit
1053 835 1127 896 ab
1174 834 1285 896 hoc
1330 835 1516 906 sacili,
1562 838 1674 898 hoc
1715 854 1885 898 mare
1929 836 2003 896 ab
2049 835 2162 896 hoc
2207 838 2374 897 mari.
2453 854 2595 914 ergo
2640 855 2818 917 quem
2863 837 2934 901 ad
2982 858 3107 909 mo,-

525 937 666 999 dum
723 939 856 1000 dico
912 958 945 999 a
1012 940 1189 1008 mari,
1250 939 1336 999 sic
1391 956 1631 1018 possum
1688 938 1890 999 dicere
1947 941 2016 998 ‘a
2071 938 2227 998 mani
2288 939 2498 998 venit’.
2592 939 2696 999 sed
2753 939 2930 1001 hodie
2989 959 3106 1001 non
3136 957 3161 997 5

525 1059 836 1120 possumus
880 1041 1098 1101 dicere.
1188 1041 1427 1102 interim
1477 1037 1484 1119 Ι
1543 1042 1595 1101 si
1638 1038 1894 1101 volueris
1939 1040 2139 1102 dicere
2183 1042 2291 1115 ita,
2341 1040 2531 1110 dices;
2592 1041 2695 1102 sed
2745 1049 2940 1104 tamen
2988 1061 3107 1104 non

527 1142 741 1214 debes,
791 1145 1069 1221 quoniam
1114 1151 1211 1203 tua
1255 1141 1365 1203 alia
1413 1140 1630 1203 locutio
1679 1150 1783 1203 est.

1534 1312 1630 1374 DE
1675 1311 2100 1375 PARTICIPIO

289 1441 407 1499 416,
434 1444 497 1492 27
694 1433 982 1514 Pleraque
1038 1433 1178 1494 dicit
1233 1450 1384 1511 quae
1432 1438 1491 1492 et
1531 1434 1592 1493 in
1652 1434 1961 1512 superiore
2007 1441 2132 1494 arte
2177 1434 2550 1501 memoravit,
2597 1433 2882 1513 pleraque
2929 1435 3108 1497 addit.

287 1512 408 1574 440,
439 1512 499 1560 ¹⁷
528 1536 900 1615 participium
948 1535 1166 1597 dictum
1214 1545 1302 1596 est
1345 1552 1483 1614 pars
1529 1536 1811 1596 orationis
1855 1535 1928 1597 ab
1974 1555 2064 1604 eo,
2112 1534 2267 1615 quod
2315 1543 2544 1614 partem
2590 1537 2784 1616 capiat
2828 1538 3103 1601 nominis,
3137 1552 3185 1590 ιο

525 1644 752 1716 partem
800 1636 994 1708 verbi,
1043 1645 1107 1698 ut
1152 1639 1307 1717 siqui
1352 1637 1510 1698 dicat
1548 1636 1756 1715 legens
1800 1636 2070 1699 scribens
2114 1655 2394 1705 currens;
2443 1639 2553 1698 ista
2598 1639 2903 1719 participia
2949 1648 3107 1700 sunt.

526 1756 661 1799 nam
707 1738 928 1801 habent
980 1738 1126 1799 haec
1170 1758 1322 1820 quae
1368 1740 1514 1800 dixi:
1583 1738 1789 1819 legens
1833 1738 2013 1800 habet
2058 1747 2116 1800 et
2158 1757 2329 1800 casus
2376 1748 2434 1800 et
2475 1757 2695 1819 genera
2742 1747 2800 1801 et
2843 1747 3107 1821 tempora

527 1850 585 1901 et
639 1842 1115 1920 significationes,
1209 1842 1367 1920 quod
1427 1860 1597 1903 casus
1656 1849 1714 1901 et
1770 1859 1989 1921 genera
2049 1840 2255 1911 habet,
2317 1843 2572 1902 nominis
2626 1851 2791 1903 sunt:
2868 1861 3004 1903 nam
3052 1852 3110 1903 et

526 1961 696 2003 casus
741 1945 966 2005 nomini
1014 1943 1256 2014 accidit,
1317 1952 1375 2004 et
1429 1962 1620 2023 genus
1675 1946 1902 2006 nomini
1946 1943 2176 2006 accidit.
2266 1942 2424 2021 quod
2470 1951 2738 2023 tempora
2784 1953 2844 2006 et
2885 1947 3108 2024 signifi-

526 2045 786 2119 cationes
845 2045 1048 2116 habet,
1078 2045 1255 2125 ,haec
1311 2046 1428 2107 duo
1482 2046 1645 2107 verbi
1688 2054 1860 2108 sunt:
1919 2065 2052 2108 uam
2098 2053 2329 2125 tempus
2371 2045 2553 2106 verbo
2599 2046 2838 2115 accidit,
2886 2049 3108 2126 signifi·
3136 2061 3186 2099 15

526 2149 677 2208 catio
735 2146 916 2210 verbo
975 2147 1204 2210 accidit.
1299 2166 1440 2227 ergo
1497 2149 1872 2229 participium
1932 2148 2113 2210 habet
2170 2167 2203 2208 a
2259 2149 2500 2209 nomine
2555 2156 2784 2227 parteS,
2844 2146 3023 2209 habet
3078 2167 3108 2209 a

526 2248 706 2309 verbo
749 2258 969 2330 partes.
1060 2250 1193 2310 ideo
1241 2249 1456 2311 dicitur
1500 2252 1907 2330 participium,
1956 2252 2124 2331 quasi
2169 2251 2574 2330 particapium.

693 2351 1022 2433 Antequam
1071 2359 1391 2414 tractemus
1437 2351 1550 2414 hoc
1592 2355 1787 2433 ipsum
1820 2352 2223 2432 participium,
2274 2350 2456 2412 debes
2499 2354 2658 2412 scire
2689 2351 3112 2413 discretionem

323 2473 440 2534 515,
467 2455 820 2533 aparticipii
867 2455 1052 2533 ipsius
1098 2472 1131 2514 a
1176 2456 1436 2515 nomine.
1527 2455 1779 2535 plurima
1830 2457 1984 2516 euim
2030 2466 2167 2515 sunt
2209 2456 2519 2534 participia
2567 2453 2770 2515 eadem
2819 2462 2877 2514 et
2920 2457 3108 2516 nomi-

527 2575 631 2625 na,
681 2565 738 2616 et
795 2556 1021 2616 faciunt
1073 2557 1474 2634 gravissimam
1522 2558 1953 2618 confusionem.
2044 2555 2392 2636 plerumque
2437 2557 2793 2636 proponitur
2836 2555 3010 2618 nobis
3054 2566 3187 2618 eteo

525 2657 740 2718 dieitur
785 2661 1026 2718 ‘amans
1073 2657 1079 2736 Ι
1130 2676 1280 2737 quae
1326 2676 1467 2737 pars
1513 2667 1601 2719 est
1646 2659 2001 2719 orationis?’
2050 2665 2108 2718 et
2137 2657 2408 2719 videmus
2452 2657 2613 2738 quod
2657 2665 2716 2717 et
2761 2677 2980 2720 nomen
3025 2668 3116 2721 est

526 2769 584 2822 et
627 2761 1028 2841 participium.
1118 2760 1420 2822 videamus
1478 2778 1620 2839 ergo
1677 2761 2093 2823 discretionem
2141 2760 2331 2840 ipsam
2379 2778 2486 2840 per
2532 2761 2729 2822 omnia
2776 2762 3110 2842 participia.
3168 2842 3175 2849 ‘

525 2881 658 2923 nam
719 2870 806 2923 est
859 2864 1232 2943 participium
1290 2863 1447 2943 quod
1506 2872 1565 2925 et
1618 2883 1905 2944 praesens
1960 2862 2167 2932 habet,
2229 2872 2286 2924 et
2339 2864 2725 2943 praeteritum
2785 2862 2992 2933 habet,
3053 2871 3114 2924 et

524 2965 789 3026 futurum
852 2963 1049 3026 habet.
1140 2983 1282 3044 ergo
1340 2965 1626 3027 debemus
1672 2968 1826 3027 scire
1872 2966 2031 3044 ipsas
2076 2963 2456 3026 differentias,
2544 2982 2828 3044 praesens
2869 2965 3111 3044 partici-

524 3069 685 3147 pium
734 3086 867 3128 cum
916 3069 1156 3128 nomine
1201 3066 1379 3129 habet
1423 3070 1866 3147 cognationem,
1927 3075 1989 3128 ut
2035 3075 2124 3128 est
2167 3085 2388 3128 amanS.
2482 3085 2616 3127 nam
2664 3084 2868 3128 amans
2913 3074 3109 3146 potest
3135 3086 3188 3125 25

527 3178 584 3230 et
629 3170 1003 3249 participium
1051 3189 1205 3240 esse,
1254 3176 1447 3249 potest
1492 3178 1549 3230 et
1594 3189 1811 3231 nomen
1859 3189 2006 3231 esse.
2070 3170 2173 3230 sed
2220 3177 2415 3230 tamen
2462 3168 2839 3240 discernitur,
2875 3168 3109 3249 quando

525 3273 601 3332 sit
644 3272 1052 3352 participium,
1102 3280 1161 3332 et
1204 3272 1439 3351 quando
1485 3274 1559 3333 sit
1606 3291 1843 3347 nomen.
1932 3274 1982 3333 si
2026 3273 2404 3351 participium
2452 3269 2657 3341 fuerit,
2715 3289 2968 3351 sequere
3013 3289 3109 3332 ac-

526 3376 882 3443 cusativum;
942 3375 991 3434 si
1040 3392 1255 3434 nomen
1302 3374 1507 3443 luerit,
1570 3376 1907 3455 genetivum
1954 3393 2239 3454 sequere„
2314 3382 2451 3454 puta
2501 3378 2740 3435 ‘amans
2782 3372 2950 3434 illum
2998 3372 3113 3434 hoc

527 3477 694 3547 l'eci',
742 3475 918 3537 modo
963 3477 1338 3556 participium
1371 3482 1487 3544 est;
1536 3476 1776 3537 ‘amans
1805 3474 2020 3547 illius',
2072 3475 2248 3537 modo
2280 3494 2496 3538 nomen
2531 3483 2634 3537 est.
2699 3493 2841 3554 ergo
2874 3474 3109 3553 quando

525 3581 917 3640 accusativum
963 3579 1236 3657 ponimus
1281 3596 1513 3647 casum,
1572 3587 1660 3638 est
1703 3580 2105 3658 participium
2165 3577 2402 3658 quaudo
2447 3579 2785 3656 genetivum
2830 3579 3188 3657 ponimusao

526 3699 756 3751 casum,
815 3699 1034 3742 nomen
1091 3688 1199 3741 est.
1288 3689 1351 3741 ut
1403 3680 1555 3740 scias
1612 3699 1813 3740 verum
1873 3700 2032 3751 esse,
2091 3680 2164 3742 da
2221 3679 2451 3742 similia.
2541 3681 2621 3740 ita
2677 3680 2810 3740 dico
2868 3682 3110 3739 ‘amans

524 3781 689 3843 illum
747 3782 859 3843 hoc
915 3777 1090 3853 seci','
1142 3800 1317 3860 quem
1374 3780 1448 3844 ad
1507 3782 1745 3843 modum
1804 3783 1936 3844 dico
1992 3782 2197 3861 legens
2256 3782 2478 3843 docens
2523 3780 2821 3849 scribens,
2868 3780 3110 3859 ‘legens

523 3883 688 3945 illum
744 3883 857 3945 hoc
914 3885 1081 3955 feci',
1139 3884 1397 3946 ‘docens
1451 3883 1617 3946 illum
1671 3885 1787 3946 hoc
1839 3886 2008 3954 seci',
2067 3883 2370 3946 ‘scribens
2425 3884 2589 3945 illum
2634 3882 2748 3944 hoc
2793 3883 2964 3944 seci'.
3053 3891 3113 3943 et

524 3987 728 4065 legens
785 3994 844 4047 et
896 3986 1118 4048 docens
1175 3994 1234 4048 et
1287 3986 1556 4049 scribens
1611 3989 1917 4068 participia
1972 3994 2128 4049 sunt.
2217 3989 2266 4048 si
2310 3989 2389 4048 ita
2435 3987 2567 4047 dico
2613 3988 2850 4047 ‘amans
2892 3984 3107 4054 illius',

529 4107 706 4167 quem
752 4087 822 4148 ad
870 4089 1108 4150 modum
1158 4089 1289 4149 dico
1348 4089 1591 4151 ‘doctor
1645 4089 1839 4151 illius’
1900 4096 1958 4150 et
2014 4091 2273 4151 ‘amicus
2316 4088 2528 4158 illius',
2574 4089 2690 4149 iam
2738 4106 2956 4149 nomen
3002 4094 3109 4156 est,
3135 4108 3191 4147 35

527 4191 664 4271 quia
723 4197 780 4252 et
836 4189 1044 4252 doctor
1101 4200 1160 4253 et
1214 4194 1441 4253 amicus
1486 4194 1723 4254 nomina
1770 4200 1909 4253 sunt
1955 4190 2145 4273 [ista].
2234 4210 2375 4270 ergo
2422 4192 2954 4269 quotienscumque
2999 4190 3109 4250 uti·

527 4311 660 4354 mur
718 4296 1081 4365 accusativo,
1141 4296 1255 4355 erit
1309 4296 1715 4376 participium;
1777 4295 2307 4375 quotienscumque
2362 4295 2584 4354 utimur
2637 4293 2939 4372 genetivo,
3002 4292 3114 4352 erit

288 4408 410 4470 441,
441 4408 503 4457 16
528 4413 765 4456 nomen.
855 4415 994 4457 ecce
1049 4394 1233 4458 habes
1298 4396 1717 4459 discretionem
1785 4398 2119 4476 praesentis
2185 4397 2482 4476 participii
2537 4403 2596 4456 et
2658 4396 2931 4456 nominis.
3023 4402 3120 4478 est*

665 4569 699 4616 4
739 4568 803 4616 ab
842 4566 939 4617 hoc
976 4567 1115 4618 sacili
1146 4569 1208 4618 ab
1246 4568 1341 4619 hoc
1378 4564 1524 4618 mars
1536 4568 1587 4618 B
1603 4569 1684 4620 Ca
1721 4569 1785 4618 ab
1822 4567 1920 4618 hoc
1956 4568 2094 4618 facili
2129 4568 2192 4618 ab
2223 4567 2321 4618 hoc
2358 4567 2494 4617 mani
2518 4566 2568 4615 A
2713 4566 2774 4616 11
2815 4576 3112 4632 partemque

530 4637 673 4688 uerbi
698 4636 749 4686 B
780 4661 789 4668 ·
892 4639 956 4688 14
990 4638 1392 4704 significationes
1423 4640 1575 4689 habet
1610 4638 1640 4688 b
1677 4638 2080 4704 significationes
2128 4639 2315 4688 habent
2348 4637 2517 4688 ABG
2655 4636 2717 4686 17
2757 4637 2903 4699 quasi
2944 4644 3114 4699 parte-

528 4710 729 4774 capium
765 4708 815 4757 A
957 4708 1022 4758 26
1074 4709 1377 4759 discernitur
1419 4719 1468 4758 et
1515 4709 1718 4773 quando
1772 4710 1839 4758 sit
1874 4723 2057 4760 nomen
2106 4709 2309 4771 quando
2345 4708 2667 4773 participium
2705 4707 2751 4755 si
2785 4705 3110 4770 participium

525 4780 623 4898 {sib
640 4778 962 4899 ρατιξῖἰὲἰθιιηι
1008 4795 1096 4829 om.
1131 4781 1209 4837 A,
1254 4781 1377 4830 add.
1414 4784 1469 4838 a)
1503 4778 1656 4829 fuerit
1691 4777 1863 4830 ABG
2035 4778 2101 4830 35
2139 4780 2239 4828 iam
2278 4793 2458 4827 nomen
2499 4785 2575 4826 est
2604 4784 2721 4839 pose
2756 4789 2932 4825 amans
2974 4775 3113 4824 illius

542 4863 590 4896 m
627 4856 710 4898 ent
