3541 5564
1417 347 1890 410 COMMENTVM
2017 383 2023 394 ·
2833 342 2953 408 159

2585 467 2626 507 p.
2656 456 2833 494 142-44
2861 452 2902 493 Ι..

368 541 431 600 in
492 557 662 601 usum
722 543 1032 606 venerunt,
1093 536 1332 614 quando
1389 536 1594 597 dicunt
1650 537 1877 597 ‘Aenea
1936 535 2313 595 fortissiine'.
2391 535 2441 594 si
2498 533 2656 594 dicas
2721 535 2949 594 'Aenea

369 642 744 710 fortissimc’‚
791 657 907 700 non
955 637 1138 699 habet
1192 641 1517 708 rationem,
1578 639 1692 698 nisi
1748 637 2033 714 adiungas
2085 635 2258 706 alios,
2317 635 2531 716 quibus
2575 636 2772 714 possis
2817 652 2954 694 eum

367 743 702 823 praeferre:
759 750 900 821 puta
957 743 1006 801 si
1062 740 1227 801 dicas
1273 743 1500 802 ‘Aenea
1547 742 1864 801 fortissime
1909 739 2358 808 Troianorum'‚
2406 737 2596 799 modo’
2625 744 2739 798 stat
2779 736 2956 816 plena

371 845 647 906 elocutio.
741 846 789 904 si
848 851 1043 904 autem
1102 842 1264 904 dicas
1321 845 1554 905 ‘Aenea
1606 842 1985 913 fortissime’,
2044 860 2162 901 non
2217 839 2393 901 stabit
2424 838 2619 919 ‘plena
2682 837 2952 900 elocutio.

316 965 341 1004 5
371 947 531 1007 unde
577 946 689 1007 hoc
735 943 1084 1024 probamuS,
1135 948 1413 1026 quoniam
1460 946 1538 1005 ita
1586 942 1763 1004 debet
1807 943 1957 1004 dici?
2013 943 2086 1004 de
2132 944 2508 1022 conparativo
2551 940 2653 1001 illo
2697 940 2788 1000 fac
2834 940 2953 1001 elo-

369 1050 705 1118 cutionem,
754 1055 812 1108 et
855 1047 1022 1117 vide,
1068 1050 1119 1108 si
1161 1054 1294 1108 stat.
1365 1046 1626 1108 ‘Aeneas
1671 1046 1935 1115 fortior',
1985 1045 2271 1124 numquid
2316 1051 2510 1124 potest
2554 1062 2680 1103 esse
2725 1041 2953 1122 aliquis,

367 1153 466 1230 qui
514 1148 627 1211 boc
671 1149 861 1210 dicat?
920 1150 1022 1211 sed
1070 1150 1231 1211 dicat
1277 1151 1541 1211 ‘Aeneas
1585 1149 1798 1209 fortior
1842 1147 2171 1208 Troianis'.
2262 1148 2311 1207 si
2359 1164 2501 1224 ergo
2546 1147 2956 1224 conparativus

369 1254 553 1329 exigit
598 1271 916 1332 personaS,
965 1252 1181 1330 quibus
1227 1259 1615 1331 conparetur,
1664 1255 1886 1330 quanto
1930 1253 2122 1325 maqis
2167 1247 2553 1328 superlativus
2598 1249 2776 1326 exigit
2820 1266 2955 1326 per-

369 1373 577 1423 sonas,
650 1354 863 1435 quibus
928 1355 1365 1434 praeponatur?
1433 1371 1573 1431 ergo
1632 1352 1798 1413 vides
1853 1354 1991 1432 quia
2047 1370 2165 1413 non
2222 1369 2534 1431 possumus
2589 1351 2668 1409 ita
2735 1348 2954 1410 dicere.

296 1477 343 1514 ιο
372 1467 570 1518 tamen
628 1458 863 1518 inventa
919 1466 1006 1518 est
1063 1457 1329 1518 defensio
1385 1463 1590 1516 contra
1648 1454 1802 1515 hanc
1845 1473 2013 1524 rem,
2062 1455 2280 1533 optima
2327 1452 2562 1529 quidem
2610 1460 2667 1512 et
2710 1450 2954 1520 callida,

368 1559 470 1618 sed
520 1560 715 1620 minus
758 1557 953 1638 plena.
1012 1559 1213 1618 dicunt
1258 1556 1401 1618 hoc:
1448 1557 1682 1635 quando
1715 1556 1848 1616 dico
1894 1557 2123 1617 ‘Aenea
2156 1556 2474 1616 fortissime
2505 1552 2933 1614 'Troianorum'
2937 1599 2953 1623 ,

369 1660 555 1722 doceo
626 1679 759 1721 eum
824 1660 1209 1721 fortissimum
1280 1678 1407 1720 esse
1451 1659 1877 1727 Troianorum;
1945 1659 1994 1719 si
2051 1665 2248 1718 autem
2310 1655 2499 1717 solum
2566 1654 2679 1715 hoc
2744 1655 2953 1723 dicam,

368 1763 596 1823 ‘Aenea
663 1762 1043 1833 fortissime',
1109 1762 1331 1841 incipio
1400 1760 1600 1822 dicere
1652 1761 1849 1822 Aenea
1915 1760 2234 1821 fortissime
2301 1760 2597 1827 omnium,
2664 1758 2777 1817 iam
2835 1775 2955 1816 non

370 1865 764 1926 Troianorum
812 1862 1031 1934 solum,
1080 1864 1185 1925 sed
1234 1865 1519 1924 omnium.
1609 1872 1697 1924 est
1742 1862 1978 1942 quidem
2024 1863 2176 1923 ratio
2222 1860 2407 1930 bona,
2455 1859 2559 1919 sed
2605 1859 2955 1921 contradici-

298 1984 345 2023 15
373 1977 465 2027 tur
532 1965 704 2026 nobis
769 1967 905 2043 quia
968 1967 1360 2046 superlativus
1414 1973 1621 2026 nostro
1676 1966 1884 2041 generi
1942 1983 2049 2025 nos
2114 1963 2406 2043 praefert,
2469 1979 2587 2021 non
2653 1970 2953 2022 extraneo.

373 2087 512 2146 ergo
559 2070 608 2128 si
657 2067 881 2128 dixeris
924 2068 1151 2129 ‘Aenea
1211 2068 1532 2129 fortissime
1551 2069 1589 2134 ⁹,
1649 2085 1889 2145 possum
1943 2065 2292 2143 intellegere
2337 2065 2654 2124 fortissime
2701 2064 2955 2124 Graeco·

375 2189 527 2230 rum.
619 2168 723 2230 sed
769 2187 1146 2249 nequaquam
1191 2169 1307 2229 hoc
1351 2169 1731 2248 permittitur.
1809 2168 1948 2229 inde
1993 2167 2220 2229 videtur
2263 2185 2384 2227 non
2431 2183 2561 2226 esse
2608 2166 2775 2225 ratio.
2869 2170 2960 2225 est

373 2271 611 2351 quidem
655 2269 915 2341 subtilis,
965 2290 1081 2331 non
1128 2280 1325 2332 tamen
1370 2289 1536 2339 vera,
1587 2271 1864 2348 quoniam
1909 2268 2105 2330 locum
2152 2269 2250 2330 dat
2294 2267 2639 2328 calumniae.
2727 2284 2863 2336 nam
2909 2267 2959 2325 si

376 2381 462 2434 est
529 2371 674 2432 mihi
740 2371 979 2434 licentia
1057 2381 1121 2433 ut
1181 2372 1519 2450 intellegam
1587 2373 1883 2441 omnium,
1942 2387 2085 2448 ergo
2154 2378 2213 2431 et
2268 2370 2646 2430 Graecorum.
2740 2367 2843 2429 sed
2910 2369 2959 2428 si

298 2495 348 2532 m
375 2474 579 2536 dixero
626 2475 1022 2546 Graecorum,
1073 2492 1215 2552 ergo
1261 2483 1320 2535 et
1362 2473 1752 2554 superlativus
1795 2472 2060 2554 praefert
2102 2491 2197 2533 me
2245 2480 2525 2532 extraneo
2569 2472 2776 2550 generi
2821 2487 2958 2530 con·

377 2585 464 2639 tra
509 2585 718 2639 artem.

1407 2744 1500 2791 DE
1545 2742 1937 2792 GENERIBVS

542 2851 783 2913 Tractat
841 2850 914 2910 de
958 2850 1293 2928 generibus
1368 2852 1553 2911 Varro
1598 2851 1681 2911 ait
1722 2867 1942 2928 genera
1988 2856 2214 2909 tantum
2259 2848 2358 2909 illa
2405 2834 2536 2910 esse
2581 2866 2731 2928 quae
2776 2865 2957 2925 gene·
2983 2884 3101 2945 407
3128 2883 3193 2934 39

374 2960 531 3014 rant:
580 2950 678 3012 illa
728 2954 971 3032 proprie
1016 2952 1293 3014 dicuntur
1322 2970 1560 3031 genera.
1624 2952 1837 3031 quodsi
1879 2970 2196 3032 sequemur
2241 2952 2648 3011 auctouitatem
2699 2945 2707 3028 Ι
2753 2950 2955 3029 ipsius,
2983 2952 3101 3014 492,
3127 2952 3192 3002 37

296 3075 346 3112 25
376 3073 491 3116 non
541 3063 716 3114 erunt
760 3072 980 3132 genera
1024 3056 1139 3115 nisi
1187 3055 1332 3124 due,
1380 3052 1773 3116 masculinum
1819 3062 1876 3114 et
1920 3054 2286 3115 femininum.
2349 3051 2507 3113 nulla
2552 3053 2708 3112 enim
2741 3068 2955 3130 genera

375 3175 583 3218 creare
640 3164 886 3236 possunt
940 3158 1050 3218 nisi
1104 3157 1251 3218 haec
1306 3157 1442 3217 duo.
1529 3155 1626 3217 illa
1671 3174 1813 3216 vero
1861 3155 1969 3216 alia
2016 3155 2255 3216 abusive
2301 3172 2520 3234 genera
2566 3157 2955 3225 nominamus,

372 3258 428 3319 id
489 3267 578 3318 est
635 3258 873 3319 nomine
932 3266 1156 3319 tantum
1215 3267 1351 3321 sunt
1406 3277 1654 3338 genera,
1713 3277 1833 3319 non
1888 3267 2114 3320 natura.
2205 3256 2343 3317 hinc
2400 3257 2693 3325 nascitur,
2753 3255 2810 3315 id
2873 3263 2962 3316 est

373 3362 512 3422 binc
560 3361 865 3421 inventum
911 3369 1029 3429 est,
1091 3345 1155 3422 ut
1207 3363 1505 3441 possimus
1562 3379 1669 3421 nos
1725 3379 2035 3429 excusare,
2083 3366 2177 3429 ut,
2226 3360 2755 3437 quotienscumque
2802 3359 2957 3419 circa

372 3464 1124 3542 generapeccaverimus,
1185 3463 1482 3524 excusatio
1537 3464 1639 3533 sit,
1715 3481 1831 3523 non
1886 3464 2179 3542 inperitia.
2272 3469 2411 3540 puta
2467 3461 2515 3521 si
2570 3461 2758 3522 dicam
2816 3460 2961 3521 llaec

298 3567 605 3645 aoparies,
666 3582 907 3643 possum
960 3585 1057 3626 me
1115 3584 1396 3626 excusare
1455 3574 1512 3626 et
1567 3565 1769 3626 dicere
1827 3564 1982 3645 quod
2039 3564 2177 3625 licet
2233 3563 2377 3623 mihi
2437 3563 2547 3623 hoc
2603 3563 2821 3624 dicere.
2910 3563 2958 3622 si

372 3669 532 3728 enim
593 3665 871 3728 dicuntur
927 3686 1143 3746 genera
1203 3666 1319 3728 duo
1376 3685 1505 3728 esse
1564 3675 1622 3728 et
1665 3666 1800 3726 ideo
1848 3666 2002 3726 dicta
2048 3684 2294 3744 genera,
2342 3664 2416 3725 ab
2463 3684 2533 3725 eo
2578 3666 2735 3745 quod
2780 3683 2960 3744 gene-

372 3778 535 3839 rant,
594 3768 793 3848 paries
847 3778 1040 3830 autem
1099 3788 1219 3830 non
1270 3778 1518 3848 generat
1576 3787 1686 3830 nec
1730 3776 2085 3848 generatur,
2133 3767 2272 3830 licet
2315 3768 2458 3828 mibi
2504 3786 2613 3846 pro
2660 3767 2960 3829 voluntate

370 3889 504 3932 mea
553 3889 728 3950 quem
776 3871 846 3931 ad
895 3870 1134 3932 modum
1180 3871 1420 3934 voluero
1466 3871 1683 3932 dicere.
1747 3871 1886 3932 hinc
1932 3879 2019 3931 est
2065 3871 2236 3930 etiam
2283 3868 2427 3930 illud
2475 3868 2632 3949 quod
2678 3868 2959 3931 habemus
3023 3876 3032 3887 '

371 3973 531 4053 apud
579 3979 883 4033 auctores:
937 3974 1229 4052 Vergilius
1273 3973 1415 4034 dicit
1457 3973 1573 4034 alio
1619 3961 1750 4034 loco
1797 3972 1894 4033 hic
1939 3980 2172 4041 cortex,
2220 3970 2334 4033 alio
2379 3971 2509 4032 loco
2554 3971 2701 4033 haec
2732 3980 2953 4047 cortex,

515 4162 544 4212 1
585 4163 637 4210 in
678 4176 823 4211 usum
859 4171 1105 4215 uenerunt
1138 4163 1179 4211 si
1221 4163 1359 4211 dicas
1396 4178 1554 4212 aenea
1587 4161 1656 4212 foi
1672 4161 1864 4211 tissime
1901 4160 2105 4224 quando
2147 4159 2320 4209 dicunt
2353 4175 2510 4209 aenea
2548 4158 2818 4208 fortissime
2858 4174 2957 4209 non

372 4232 527 4281 habet
564 4230 732 4282 ABG
866 4231 898 4280 7
931 4247 1089 4281 aenea
1129 4232 1304 4281 fortior
1338 4232 1389 4281 A
1530 4232 1563 4282 8
1605 4241 1794 4294 quanto
1834 4231 1995 4296 magis
2033 4231 2431 4282 Lindemannus:
2467 4231 2634 4294 magis
2670 4246 2762 4279 om.
2799 4230 2965 4280 ABG

515 4300 551 4351 9
583 4316 706 4365 ergo
744 4302 886 4352 uides
923 4305 1042 4365 quia
1080 4316 1179 4352 non
1215 4315 1490 4367 possumus
1528 4305 1595 4350 ita
1633 4304 1801 4350 dicere
1837 4300 1984 4350 BCa
2020 4315 2142 4364 ergo
2183 4337 2233 4352 ..
2261 4342 2273 4355 .
2314 4302 2366 4349 id
2401 4310 2478 4349 est
2505 4303 2625 4365 qnia
2652 4316 2749 4350 non
2782 4315 2961 4365 possu-

373 4436 486 4471 mus
516 4422 685 4471 dicere
722 4423 771 4471 A
912 4423 977 4474 14
1015 4422 1178 4473 sulum
1211 4422 1305 4472 sed
1341 4381 1561 4472 omnium
1599 4438 1691 4475 om.
1732 4421 1813 4471 A.-
1847 4421 2009 4471 solum
2041 4421 2163 4474 add.
2194 4418 2262 4471 a*
2402 4421 2469 4473 23
2498 4378 2751 4485 ”lassatae
2785 4421 2827 4471 0
3007 4477 3021 4488 ⁸

372 4492 439 4542 24
467 4507 741 4555 sequemur
776 4491 891 4540 ΑΒ
937 4494 1198 4557 sequimur
1237 4493 1317 4543 Cb
1463 4492 1530 4542 ‘28
1575 4492 1831 4558 possimus
1869 4491 1960 4540 Ac
2005 4507 2274 4556 possemus
2317 4492 2417 4542 BG
2554 4505 2645 4540 nos
2688 4491 2816 4540 Bac
2857 4505 2956 4542 non

373 4560 476 4612 Ac
572 4562 642 4613 29
676 4562 934 4611 excusatio
964 4575 1039 4613 est
1071 4578 1168 4612 nou
1205 4563 1384 4628 peritia
1413 4563 1581 4613 ABG
1683 4563 1747 4612 :41
1789 4562 1923 4625 quud
1962 4572 2208 4627 generunt
2243 4563 2332 4614 Ca
2365 4562 2501 4625 quod
2539 4574 2784 4626 generent
2816 4577 2955 4613 corr.

374 4642 509 4681 aaut
547 4631 596 4681 B
631 4633 763 4694 quod
798 4646 984 4698 genera
1021 4644 1140 4684 sunt
1179 4631 1227 4680 Α
1402 4632 1470 4683 33
1509 4631 1625 4681 hinc
1662 4632 2035 4682 Lindemannas
2069 4630 2152 4680 hic
2186 4632 2359 4682 ABG
2530 4633 2595 4681 34
2633 4630 2714 4680 hie
2756 4628 2951 4698 cortex]

381 4703 541 4765 Ver-9.
565 4717 743 4767 geor-9.
789 4703 830 4750 ll
865 4703 930 4751 74
968 4719 1069 4766 qua
1104 4719 1160 4753 se
1198 4701 1365 4752 medio
1403 4703 1607 4752 trudunt
1634 4703 1698 4750 dc
1734 4702 1918 4751 cortice
1953 4717 2205 4767 gemmae,
2246 4702 2376 4755 Aen.
2414 4702 2499 4750 Vll
2536 4702 2638 4751 742
2680 4714 2856 4766 raptus
2892 4704 2956 4751 de

372 4771 556 4821 subere
603 4769 803 4827 cortex.
855 4772 983 4821 Aen.
1028 4773 1168 4823 vult
1204 4772 1304 4821 743
1350 4773 1413 4820 de
1463 4772 1646 4823 cortice
1688 4772 1845 4820 crudo
1975 4771 2099 4821 haec
2147 4770 2342 4840 cortex]
2405 4773 2562 4837 Verq.
2598 4771 2758 4825 bucol.
2797 4772 2851 4835 6,
2888 4771 2957 4824 62

374 4856 576 4891 amarae
613 4842 812 4892 corticis
