3541 5564
1548 364 1688 427 Ans
2408 416 2410 419 ,
2825 360 2905 425 51

2529 485 2572 526 p.
2600 473 2712 513 1907,
2738 472 2789 512 08
2815 470 2861 512 P.

326 560 462 638 quia
510 556 887 637 producitur,
945 557 1099 617 sicut
1156 554 1435 633 legimus,
1510 559 1744 614 ‘totus
1815 560 1883 613 et
1937 552 2068 613 ille
2128 553 2323 613 dies'
2401 562 2460 615 et
2519 552 2686 613 ‘hos
2754 559 2912 612 tota

326 668 657 721 armenta
705 659 1120 720 secuntur'.
1198 674 1340 734 ergo
1385 658 1446 716 in
1490 654 1745 734 simplici
1789 661 2111 732 utrumque
2156 658 2539 735 corripitur„
2568 662 2627 715 et
2669 662 2812 734 quot
2857 665 2916 714 et

325 771 438 830 tot;
498 763 560 821 in
618 761 981 822 derivatione
1025 768 1184 820 totus
1230 758 1593 839 producitur.
1645 793 1722 802 —
1768 757 2086 819 Infinita
2131 764 2207 818 ut
2252 760 2490 819 cuius:
2539 757 2909 818 indefinitum
2934 761 3114 824 380,4

326 872 414 924 est
458 863 531 923 ad
581 863 836 941 aliquid,
905 881 1016 941 qua
1065 860 1314 922 ostendo
1359 880 1455 922 me
1500 859 1719 939 aliquid
1777 859 2084 939 possidere
2129 860 2286 939 quod
2334 862 2508 940 cupio
2555 869 2614 922 et
2657 878 2912 940 persona

276 965 682 1046 spossidentis
727 967 1015 1035 refertur,
1064 972 1129 1025 ut
1185 964 1497 1025 Terentius
1553 962 1793 1043 ‘quid,
1851 963 2124 1023 mulier
2169 964 2331 1024 cuia
2378 964 2559 1024 est‘Z’
2605 971 2663 1022 et
2711 963 2912 1040 Vergi-

326 1068 436 1127 lius
482 1069 776 1129 ‘cuium
824 1068 1126 1147 pecus?'
1170 1102 1251 1109 —
1298 1066 1475 1128 Cuia
1522 1068 1802 1126 cuium:
1852 1065 1923 1125 ad
1971 1064 2191 1142 aliquid
2235 1065 2372 1127 ideo
2418 1065 2589 1138 dixit,
2638 1066 2774 1151 quia
2809 1069 2970 1125 tie-6

323 1189 489 1231 cesse
538 1178 631 1230 est
675 1178 739 1231 ut
782 1187 1034 1248 persona
1082 1169 1340 1248 possessi
1390 1185 1507 1228 non
1552 1167 1927 1246 intellegatur
1982 1168 2095 1228 nisi
2151 1170 2347 1228 iuncta
2393 1184 2680 1246 personae
2726 1168 2914 1246 possi-

323 1272 516 1333 dentis
567 1294 601 1324 2»
653 1279 715 1333 ut
759 1274 806 1331 si
855 1271 1122 1331 dicamus
1168 1269 1332 1331 verbi
1371 1269 1381 1351 Ι
1419 1272 1605 1347 gratia
1665 1275 1916 1349 ‘quotus
1959 1269 2032 1330 ab
2077 1269 2177 1330 illo
2225 1272 2383 1331 est‘2'
2428 1304 2508 1313 ——
2557 1270 2649 1329 Vt
2691 1272 2973 1347 quan-6

323 1381 437 1434 tus
484 1383 765 1434 tantus:
815 1372 1070 1433 notanda
1116 1374 1225 1433 ista
1271 1374 1652 1451 pronomina,
1701 1374 1834 1449 quia
1882 1380 1938 1433 et
1984 1371 2257 1433 adverbia
2298 1354 2556 1440 iaciunt,
2605 1380 2668 1431 ut
2711 1373 2916 1449 quanti

250 1496 295 1531 ιο
322 1479 493 1545 tanti,
542 1478 562 1507 ‘
582 1478 782 1553 quanti
814 1485 872 1535 te
907 1475 1161 1545 habuit',
1195 1477 1435 1552 ‘quanti
1469 1483 1525 1535 te
1558 1474 1778 1544 duxit',
1814 1482 1873 1535 et
1900 1476 1985 1535 sic
2016 1475 2264 1535 dicenda
2296 1493 2413 1554 quo
2445 1475 2622 1534 modo
2653 1475 2910 1534 maximi.

318 1614 402 1623 —
447 1579 639 1638 Sunt
683 1577 825 1638 alia
874 1577 1486 1638 demonstrativa:
1537 1577 2029 1646 demonstrativa,
2080 1594 2231 1654 quae
2275 1583 2623 1656 praesentes
2669 1595 2766 1637 res
2813 1577 2914 1635 de-

318 1687 679 1748 monstrant,
741 1689 804 1740 ut
859 1680 955 1739 bic
1020 1679 1168 1740 haec
1226 1678 1355 1739 boc.
1448 1698 1583 1740 nam
1642 1682 1692 1740 si
1759 1678 1921 1739 dicas
1965 1678 2038 1739 de
2095 1687 2412 1759 praesente
2466 1698 2722 1758 persona
2768 1679 2915 1739 ‘iste

319 1792 408 1843 est
453 1785 556 1860 qui
605 1781 713 1842 tibi
756 1783 896 1842 fecit
939 1782 1275 1849 iniuriam'‚
1332 1781 1747 1842 soloecismum
1809 1764 1971 1841 sacis}
2060 1783 2255 1842 minus
2313 1799 2487 1859 quam
2557 1783 2718 1842 finita
2774 1800 2912 1860 pro-

322 1887 591 1954 nomina,
641 1884 793 1960 quae
836 1884 1463 1943 commemorationem
1495 1885 1717 1945 faciunt
1748 1902 1950 1944 carum
1982 1903 2403 1963 personarum,
2452 1882 2525 1943 de
2556 1883 2769 1962 quibus
2796 1885 2913 1944 iam

248 2006 292 2044 ιε,
319 1987 502 2048 locuti
547 2004 781 2054 sumuS,
829 1993 895 2045 ut
940 1995 1028 2045 est
1071 1986 1201 2064 ipse
1245 1987 1357 2045 iste
1401 1987 1470 2046 is.
1561 1986 1708 2047 haee
1754 1990 1929 2048 etiam
1977 1986 2344 2046 subiunctiva
2391 1985 2790 2065 appellantur,
2851 1994 2915 2046 ut

316 2098 455 2168 puta
505 2090 632 2167 ‘qui
679 2086 821 2148 illud
868 2088 1036 2157 fecit,
1082 2089 1208 2166 ipse
1256 2093 1313 2147 et
1341 2087 1455 2148 hoc
1487 2088 1655 2148 secit'
1710 2087 2364 2169 [commemorationem
2397 2088 2662 2149 videatur
2692 2088 2916 2149 habere

315 2189 662 2271 personae}
710 2224 792 2233 —
842 2186 923 2249 Vt
980 2208 1237 2250 eccum
1297 2189 1545 2251 e'ccam
1607 2190 1831 2252 ellum
1889 2191 2137 2253 ellam:
2197 2192 2547 2271 pronomina
2591 2192 2698 2251 ista
2745 2192 2972 2268 quasis

316 2300 668 2373 monoptota
715 2300 872 2352 sunt.
945 2292 1050 2352 sed
1096 2291 1243 2352 haec
1287 2301 1533 2373 propter
1578 2291 1924 2355 latinitatem
1959 2296 2281 2374 composita
2323 2294 2331 2369 Ι
2371 2292 2727 2374 proferenda
2757 2301 2912 2363 sunt,

316 2406 383 2456 ut
428 2403 570 2475 puta
617 2413 817 2455 eccam
864 2413 1001 2455 ecce
1048 2413 1205 2465 eam,
1268 2413 1472 2456 eccum
1521 2415 1660 2457 ecce
1707 2415 1871 2467 eum,
1932 2398 2017 2458 sic
2063 2403 2121 2457 et
2166 2395 2361 2457 ellum.
2437 2395 2627 2457 sicubi
2672 2397 2779 2457 ista
2825 2398 2914 2455 in-

242 2522 291 2559 20
318 2506 495 2560 venta
541 2499 794 2565 fuerint,
844 2499 1184 2576 usurpativa
1229 2506 1395 2565 sunt;
1461 2506 1518 2558 et
1563 2499 1696 2559 ideo
1743 2498 2202 2560 demonstrativa
2251 2501 2503 2560 maxime
2547 2505 2711 2569 sunt,
2777 2501 2912 2577 quia

316 2600 671 2662 adverbium
702 2599 1163 2660 demonstrantis
1194 2598 1433 2670 babent,
1481 2608 1548 2661 ut
1577 2620 1745 2672 ecce,
1797 2609 1856 2662 et
1886 2621 2237 2682 pronomen,
2286 2609 2352 2663 ut
2382 2621 2513 2662 eum
2547 2599 2732 2662 illum.
2810 2601 2913 2661 sed

314 2703 466 2763 haec
513 2703 711 2762 omnia
759 2720 829 2763 ex
874 2703 1002 2762 istis
1047 2710 1324 2780 quattuor
1367 2703 1676 2782 speciebus
1711 2714 1880 2773 sunt,
1927 2705 2142 2778 finitis,
2190 2705 2463 2772 infinitiS,
2493 2706 2707 2764 ‘miuus
2737 2720 2912 2781 quam

315 2807 501 2867 (initis
552 2803 766 2885 [servi]
816 2812 875 2865 et
916 2807 1287 2884 possessivis.

493 2907 929 2976 Commune,
976 2915 1052 2967 ut
1095 2907 1343 2986 qualis
1390 2907 1596 2968 talis:
1647 2908 1837 2987 qualis
1883 2917 1942 2969 et
1986 2910 2118 2971 talis
2162 2911 2498 2971 communia
2532 2918 2670 2970 sunt
2699 2929 2915 2989 prono·
2945 2914 3004 2961 11

235 3034 287 3074 ιε»
316 3013 499 3072 mina.
578 3018 791 3070 neutra
836 3011 898 3070 in
945 3029 977 3071 e
1022 3018 1365 3089 correptum
1414 3018 1659 3079 exeunt,
1720 3018 1789 3071 ut
1833 3010 2004 3087 quale
2051 3010 2196 3081 tale,
2253 3014 2403 3072 sicut
2458 3013 2518 3072 in
2576 3010 2916 3072 nominibus

311 3130 499 3173 suave
548 3109 752 3184 dulce,
801 3121 967 3189 quae*
999 3122 1058 3172 et
1101 3120 1529 3192 conparantur,
1580 3120 1644 3173 ut
1676 3115 1913 3174 suavius
1946 3113 2193 3174 dulcius.
2272 3116 2379 3174 ista
2411 3115 2761 3194 pronomina
2795 3134 2912 3175 non

311 3221 756 3294 conparantur,
816 3215 951 3291 quia
1008 3213 1236 3276 nullum
1293 3234 1624 3293 pronomen
1670 3217 1885 3295 recipit
1928 3218 2429 3295 conparationem.
2505 3234 2698 3294 neque
2755 3219 2911 3277 enini

308 3324 516 3397 potest
560 3314 680 3375 dici
725 3316 955 3393 qualior
1001 3315 1201 3385 talior,
1262 3336 1378 3396 quo
1424 3318 1601 3378 modo
1646 3321 1879 3379 suavior
1924 3319 2171 3379 dulcior.
2249 3319 2404 3380 unde
2450 3318 2724 3380 Lucanus
2762 3315 2771 3402 Ι
2811 3318 2911 3378 ad-

313 3419 592 3479 verbium
640 3418 807 3486 fecit,

234 3549 283 3586 30
620 3520 954 3599 qualiter
1000 3539 1447 3600 expressum
1494 3525 1734 3584 ventis
1779 3543 1909 3603 per
1953 3523 2204 3586 nubila
2251 3524 2545 3585 fulmen.

311 3642 456 3685 nam
503 3639 623 3682 non
682 3639 1001 3701 possumus
1047 3621 1139 3683 his
1184 3624 1639 3701 pronominibus
1695 3629 2198 3707 comparationem
2254 3625 2586 3707 adponere,
2647 3628 2913 3705 quamvis

453 3828 580 3878 eod.
621 3826 782 3878 Ber-n.
824 3826 961 3875 Vllll
1000 3823 1143 3874 7*—
1168 3827 1284 3877 vm
1334 3829 1380 3877 1.
1524 3831 1554 3878 2
1594 3829 1766 3896 simpli
1801 3846 1936 3884 corr.
1973 3835 2041 3882 al.
2082 3847 2212 3880 mon.
2251 3831 2472 3895 simplici
2611 3843 2661 3882 et
2696 3832 2832 3896 quod
2865 3841 2913 3882 ct

312 3906 475 3946 totum
516 3898 570 3946 in
610 3896 925 3945 deribatione
1067 3897 1100 3945 4
1136 3897 1203 3946 ad
1237 3896 1445 3960 aliquod
1576 3901 1611 3951 6
1648 3901 1713 3950 ad
1750 3899 1966 3966 aliquid]
2010 3901 2189 3963 aliquit
2219 3901 2376 3964 aliqui
2483 3901 2516 3952 8
2553 3905 2770 3967 gratiam

311 3964 559 4032 quantus]
608 3968 709 4030 qua
747 3974 802 4014 tu
938 3968 971 4018 9
1009 3962 1183 4030 qu'anti
1215 3965 1365 4033 tanti]
1412 3971 1679 4031 quantitati
1825 3969 1889 4021 10
1925 3971 2081 4021 habui
2209 3971 2268 4020 11
2306 3972 2670 4039 demonstrant]
2706 3974 2912 4024 demon-

310 4046 438 4086 strat
550 4035 615 4086 13
652 4035 981 4100 solycismum
1092 4053 1243 4100 quam
1274 4038 1471 4087 infinita.
1572 4041 1635 4090 14
1673 4041 2148 4090 commemoratione
2256 4040 2317 4092 15
2350 4043 2478 4091 istae
2580 4043 2913 4108 appellaritur

309 4122 450 4162 corr,
497 4108 569 4160 al.
622 4122 755 4155 man.
795 4106 1131 4172 appellabitur
1272 4109 1335 4160 17
1374 4124 1593 4173 persona
1735 4111 1905 4174 ellam]
1951 4112 2051 4160 iarn
2199 4111 2264 4161 18
2311 4112 2617 4176 proferanda
2759 4116 2823 4166 19
2861 4123 2914 4163 ut

310 4188 438 4242 puta
477 4191 649 4227 eccam
691 4191 891 4225 ecceam
930 4192 1101 4226 eccum
1141 4193 1342 4227 eccenm
1380 4180 1454 4228 sic
1593 4180 1657 4229 21
1707 4197 1825 4230 enm
1863 4179 2022 4247 illum]
2066 4196 2241 4231 eccum
2282 4182 2435 4230 ellum
2578 4185 2645 4234 25
2681 4195 2911 4234 neutrum

453 4247 524 4299 26
555 4257 612 4295 ut
650 4246 898 4297 suauibus
1037 4247 1108 4298 30
1141 4263 1473 4314 expraessum
2301 4296 2338 4330 υ

454 4454 479 4504 1
527 4461 669 4503 totus
705 4450 777 4516 et]
825 4454 977 4518 Very.
1006 4469 1181 4519 qeory.
1218 4457 1239 4505 I
1273 4453 1375 4504 434
1517 4452 1633 4521 hos]
1679 4457 1836 4522 Very.
1878 4458 2008 4507 Aen.
2048 4456 2067 4503 1
2102 4455 2200 4506 185
2346 4460 2377 4506 4
2407 4473 2506 4522 quo
2547 4460 2757 4510 ostendo
2789 4461 2912 4511 Pue-

312 4523 496 4576 sebius.
552 4523 764 4587 quando
803 4523 913 4572 dico
952 4540 1125 4590 meus,
1164 4540 1243 4574 me
1280 4524 1475 4587 aliquid
1518 4524 1782 4590 possidere
1816 4526 2026 4576 ostendo
2061 4527 2111 4574 in
2145 4527 2482 4588 eaeplicacione
2515 4533 2911 4592 possessivorum

310 4593 465 4644 habet
506 4595 778 4656 Pompeius
802 4609 856 4656 p.
897 4595 998 4645 243
1026 4596 1106 4645 ed.
1144 4596 1295 4647 Lind.
1327 4611 1488 4660 quare
1516 4596 1654 4644 haud
1685 4600 1799 4647 seio.
1825 4613 1892 4645 an
1925 4596 2047 4646 haec
2071 4597 2136 4647 ab
2172 4598 2265 4646 hoc
2294 4599 2401 4647 loco
2435 4602 2601 4649 aliena
2626 4602 2742 4662 siut,
2769 4609 2817 4649 et
2842 4603 2915 4650 acl

312 4665 554 4726 infinitum
596 4678 871 4726 pronomen
911 4666 1057 4714 cuius
1097 4667 1224 4715 illud
1263 4672 1452 4714 tantum
1484 4670 1753 4728 pertineat,
1782 4668 1899 4730 quia
1936 4667 2001 4716 ad
2039 4681 2310 4732 personam
2347 4670 2659 4733 possidentis
2697 4672 2912 4722 refertur

458 4736 491 4784 5
526 4730 823 4800 Terentius]
865 4733 1089 4788 Eunuclz.
1128 4736 1172 4784 11
1206 4735 1269 4799 3,
1306 4734 1375 4785 30
1409 4736 1529 4797 quid
1570 4737 1714 4802 virgo
1753 4739 1868 4787 cuia
1907 4747 1983 4787 est
2123 4737 2410 4804 Vergilius]
2450 4739 2606 4793 bucol.
2650 4740 2703 4803 3,
2745 4742 2768 4792 1

313 4803 461 4924 {buntv-
475 4807 626 4924 sil-—i
657 4812 843 4925 ‹elstleae
879 4805 1215 4868 explicatione
1241 4808 1580 4870 pronominum
1616 4817 1800 4870 quotus
1834 4816 1882 4858 et
1913 4815 2046 4858 totus
2081 4808 2257 4858 relicta
2291 4815 2408 4858 sunt
2546 4811 2613 4860 28
2646 4809 2905 4878 Lucanus]

462 4891 521 4925 sa
547 4913 561 4927 .
701 4890 732 4926 o

2410 4964 2501 5025 4*
