3541 5564
649 418 733 483 20
1759 414 2051 481 CLEDON
2059 420 2107 481 ll

702 543 742 582 p.
773 528 972 568 1873—75
999 526 1043 567 P.

460 613 798 680 301,9visu,
846 609 943 670 ille
988 610 1182 669 suavis
1228 618 1314 667 est
1359 607 1577 668 auditu.
1633 642 1700 650 —
1752 606 2275 687 participialia
2323 607 2536 667 verba
2582 616 2778 668 sunt:
2827 608 2959 687 quia
3006 605 3217 668 similia

564 723 624 769 10
648 720 782 772 sunt
825 710 1074 790 gerundi
1119 709 1295 770 verba
1339 711 1664 789 participiis
1718 711 1902 770 futuri
1948 711 2230 789 temporis
2274 729 2303 769 a
2349 711 2604 787 passivo.
2669 743 2738 753 -
2800 709 3080 770 l'artici
3094 712 3214 789 pia

648 814 1047 874 trahuntur
1091 832 1122 873 a
1171 811 1393 872 verbo
1438 812 1704 871 activo:
1751 813 2062 892 participia
2108 812 2369 889 regulam
2419 812 2860 889 significationis
2904 831 3044 872 suae
3089 830 3214 871 ser·

561 918 622 966 18
647 924 784 976 vant
828 924 886 976 et
927 917 1056 995 ipsa
1101 922 1292 974 actum
1339 913 1762 974 demonstrant.
1821 948 1889 957 —
1951 915 2035 975 Et
2078 914 2473 975 ulteriore:
2534 911 2559 995 ΙΙ
2609 916 2743 992 quia
2790 912 2901 974 dua
2950 922 3214 993 tempora

647 1017 865 1078 habeut
911 1016 1155 1077 ulterius
1211 1022 1479 1095 tempus,
1540 1013 1726 1075 lectus
1769 1015 1857 1075 fui
1902 1023 2038 1076 ante
2082 1016 2314 1083 horam,
2367 1012 2373 1096 Ι
2423 1016 2597 1076 etiam
2645 1024 2780 1076 aute
2823 1015 2971 1076 duas
3015 1015 3210 1084 horas,
3241 1033 3267 1071 5

557 1118 903 1180 ‘Hostendit
958 1126 1284 1177 retrorsum
1342 1124 1607 1195 tempuS,
1669 1115 1886 1177 lectum
1934 1117 2038 1178 tibi
2084 1126 2237 1187 erat,
2283 1117 2500 1177 lectum
2545 1117 2650 1177 tibi
2697 1119 2904 1180 suerat.
2960 1151 3029 1161 -
3078 1118 3211 1177 Le-

646 1224 848 1299 geris
893 1219 1003 1281 vel
1048 1219 1332 1297 legere:
1379 1221 1464 1281 sic
1508 1218 1779 1286 abutere:
1827 1220 2087 1298 quamvis
2131 1220 2207 1279 sit
2252 1219 2458 1280 tertiae
2502 1226 2811 1299 correptae
2855 1221 3215 1298 coniugatio-

649 1325 769 1392 nis,
822 1330 1023 1382 tamen
1081 1340 1113 1382 e
1169 1320 1546 1401 producenda
1606 1326 1723 1389 est,
1773 1323 1903 1399 quia
1950 1321 2340 1382 elocutionem
2399 1320 2622 1400 implet.
2708 1321 3011 1382 sciendum
3071 1340 3214 1381 sane

651 1423 804 1503 quod
851 1423 1083 1502 regulas
1128 1442 1307 1505 super
1349 1425 1551 1484 futuro
1594 1422 1893 1483 indicativi
1939 1431 2056 1482 tam
2102 1424 2162 1483 in
2207 1424 2437 1502 passivo
2467 1442 2641 1503 quam
2687 1423 2749 1482 in
2793 1425 3094 1485 communi
3123 1422 3214 1483 vel

648 1527 995 1607 deponenti,
1052 1535 1170 1586 tam
1226 1527 1286 1586 in
1342 1527 1532 1605 prima
1590 1523 1876 1604 producta
1932 1543 2105 1604 quam
2164 1525 2223 1584 in
2280 1524 2533 1585 secunda
2592 1525 2876 1603 producta
2932 1544 3105 1604 quam
3151 1527 3291 1585 in10

651 1632 818 1690 tertia
876 1633 1151 1706 correpta
1205 1646 1379 1707 quam
1432 1629 1493 1688 in
1550 1638 1751 1706 quarta
1809 1626 2094 1707 producta
2148 1625 2419 1688 similiter
2471 1627 2839 1707 ponendum,
2886 1636 2951 1688 ut
2992 1628 3214 1707 prober

650 1729 922 1808 proberis
968 1730 1056 1789 vel
1105 1728 1362 1808 probere
1408 1728 1710 1808 probetur,
1757 1729 1974 1790 docear
2020 1728 2252 1790 doceris
2295 1727 2387 1788 vel
2433 1728 2647 1791 docere
2691 1730 2963 1799 docetur,
3011 1729 3211 1789 audia-

556 1838 621 1885 23
648 1851 778 1892 mur
832 1831 1147 1891 audiamini
1202 1830 1532 1892 audiantur.
1599 1865 1671 1876 —
1730 1831 1826 1891 Ad
1883 1830 2286 1892 secundam
2335 1838 2405 1891 et
2446 1834 2739 1893 tertiam
2786 1850 3209 1911 personam:

646 1934 924 2013 quoniam
977 1933 1226 2011 primam
1292 1951 1410 1993 non
1477 1931 1682 2001 habet,
1750 1932 2039 2011 siquidem
2106 1931 2216 1992 sibi
2277 1951 2452 1993 nemo
2515 1941 2712 2013 potest
2768 1936 3082 2014 imperare.
3137 1967 3207 1977 —-

554 2040 618 2089 25
644 2038 915 2097 Futuro
960 2033 1262 2112 legitor:
1310 2055 1348 2091 κ
1400 2035 1685 2113 probator
1730 2034 2111 2114 probaminor
2145 2036 2157 2109 1
2194 2034 2552 2113 probuntor;
2599 2037 2684 2097 sic
2729 2055 2760 2095 a
2802 2035 3057 2097 secunda
3106 2035 3286 2095 do-15

646 2146 809 2198 cetor
865 2137 1107 2197 docetor
1163 2136 1505 2197 doceminor
1560 2135 1910 2205 doceuntor;
1969 2138 2054 2197 sic
2108 2155 2139 2196 a
2200 2143 2404 2216 quarta
2472 2138 2882 2215 coniugatione
2927 2138 3210 2219 producta

588 2289 603 2299 .
645 2239 876 2300 auditor
933 2239 1166 2299 auditor
1221 2238 1553 2299 audiminor
1608 2238 1943 2299 audiuntor.
2032 2240 2147 2299 iam
2203 2258 2312 2318 per
2356 2241 2549 2300 omnia
2595 2239 2771 2300 verba
2817 2240 2963 2301 haec
3009 2239 3208 2318 regula

554 2343 928 2420 insequitur.
977 2376 1048 2385 —
1100 2339 1444 2420 Optativo
1491 2340 1728 2401 modo:
1789 2343 2078 2421 optativus
2123 2350 2210 2401 est
2253 2343 2494 2421 proprie
2533 2345 2865 2418 praesentis
2907 2346 3207 2419 temporis,

645 2444 797 2524 quod
854 2444 1152 2524 praesenti
1211 2450 1478 2521 tempore
1535 2451 1833 2523 optamus;
1891 2446 1966 2503 ita
2026 2444 2310 2505 Donatus:
2380 2463 2513 2504 nam
2571 2444 2915 2521 Probusxet
2958 2443 3210 2506 Sabinus

643 2548 726 2606 sic
770 2544 976 2605 volunt
1020 2543 1302 2605 declinari
1359 2546 1678 2624 optativum
1734 2564 1844 2624 per
1888 2544 2114 2623 singula
2152 2555 2446 2625 tempora,
2494 2565 2611 2625 quo
2657 2546 2832 2607 modo
2878 2547 3204 2606 coniuncti·
3232 2567 3281 2603 «ιο

646 2667 808 2717 vum,
858 2656 920 2709 ut
962 2645 1254 2723 Vergilius
1297 2647 1851 2726 ‘fecissentque
1895 2650 2225 2709 utinam’.
2292 2648 2612 2709 notandum
2659 2668 2732 2709 ne
2777 2667 2892 2728 quo
2939 2658 3207 2727 tempore

645 2752 866 2811 utinam
900 2767 1008 2810 nec
1038 2750 1098 2809 in
1130 2747 1412 2826 singulari
1443 2767 1554 2810 nec
1596 2750 1655 2809 in
1703 2749 1915 2830 plurali
1958 2752 2148 2830 prima
2193 2770 2442 2831 persona
2475 2750 2818 2832 ponendum
2866 2753 2956 2812 sit.
2998 2786 3071 2794 —
3108 2750 3204 2810 Vl-

644 2854 828 2914 terius
859 2852 1075 2912 dicitnr
1106 2851 1261 2931 quod
1294 2859 1429 2931 post
1457 2870 1737 2930 praesens
1784 2860 1898 2922 est,
1948 2856 2080 2932 quia
2128 2856 2510 2933 praeteritum
2544 2873 2672 2914 esse
2704 2855 3098 2932 cognoscitur.
3134 2888 3202 2896 —

410 2955 918 3035 :362101pse1est
974 2953 1181 3013 modus
1234 2955 1660 3023 coniunctivus,
1708 2954 1864 3034 quod
1914 2964 2000 3015 est
2058 2965 2286 3037 tempus
2332 2956 2509 3016 futuri
2555 2958 2810 3035 optativi.
2858 2990 2930 3001 —
2980 2956 3025 3015 F
3036 2963 3204 3015 utu·

644 3077 797 3118 rum
853 3056 1118 3116 lectnm
1162 3057 1280 3114 iri:
1328 3056 1556 3116 futurus
1599 3056 1671 3116 ab
1718 3059 1905 3117 activo
1952 3060 2010 3116 in
2060 3077 2119 3125 e,
2167 3077 2196 3116 a
2244 3060 2473 3135 passivo
2518 3060 2580 3118 in
2625 3061 2643 3118 i
2693 3058 2950 3138 [futurus
2996 3058 3282 3118 infinities

642 3159 715 3218 ab
754 3160 941 3219 activo
992 3159 997 3237 Ι
1046 3159 1108 3217 in
1155 3177 1218 3226 e,
1266 3176 1295 3216 a
1344 3159 1569 3237 passivo
1617 3160 1671 3217 in
1717 3158 1788 3238 i].
1852 3193 1916 3202 -
1982 3160 2392 3238 Participia
2450 3160 2841 3221 trahuntur
2895 3179 2928 3220 a
2983 3157 3205 3218 verbo

643 3262 936 3339 passivo
982 3259 1147 3319 duo:
1196 3261 1500 3339 participia
1546 3261 1988 3338 significationis
2032 3280 2170 3321 suae
2215 3262 2575 3322 intellectum
2623 3269 2922 3322 secuntur.

1663 3431 1761 3492 DE
1804 3431 2175 3493 ADVERBIO

804 3549 1158 3610 Adverbium
1204 3549 1423 3609 dictum
1470 3559 1560 3610 est
1602 3550 1766 3620 ideo,
1825 3551 1978 3629 quod
2026 3553 2400 3610 coniunctum
2448 3550 2626 3611 verbo
2671 3552 2785 3610 vim
2833 3552 2960 3611 eius
3005 3551 3202 3630 expla-

641 3660 740 3711 net
784 3660 842 3711 et
888 3651 1142 3731 impleat.
1206 3671 1338 3712 nam
1385 3671 1517 3712 cum
1566 3652 1696 3711 dico
1743 3652 1904 3727 lego,
1952 3670 2063 3711 nec
2109 3650 2322 3711 dicitur
2365 3671 2540 3731 quem
2587 3653 2656 3712 ad
2703 3653 2943 3714 modum
2989 3652 3200 3732 legam,
3229 3674 3279 3713 30

640 3755 742 3813 sed
790 3753 1018 3813 adiecto
1064 3753 1341 3813 adverbio
1388 3755 1767 3832 exprimitur,
1829 3762 1890 3813 ut
1933 3761 2070 3833 puta
2117 3752 2281 3813 verbi
2326 3757 2511 3832 gratia
2557 3754 2708 3814 bene
2752 3754 2886 3832 lego
2931 3774 3003 3816 an
3051 3755 3204 3817 male

552 3869 611 3916 17
637 3856 789 3934 lego.
838 3889 909 3899 —
960 3855 1471 3934 significatio:
1530 3856 1876 3933 significatio
1934 3863 2023 3914 est
2066 3875 2214 3934 quae
2258 3856 2472 3935 probat
2517 3877 2547 3917 a
2594 3875 2658 3917 se
2704 3858 2978 3919 adverbia
3026 3854 3050 3940 Η
3100 3859 3202 3919 de-

638 3957 950 4026 scendere,
1000 3964 1058 4017 et
1098 3958 1414 4035 significari
1460 3960 1626 4017 cuius
1669 3959 1804 4018 sint.
1861 3991 1928 3999 —
1991 3957 2464 4036 Conparatio:
2524 3961 2608 4020 sic
2653 3967 3057 4040 conparantur
3102 3960 3203 4021 ad-

776 4164 900 4212 Cod.
941 4161 1098 4212 Ber-n.
1143 4164 1205 4211 111
1239 4161 1421 4214 3—4*.
1566 4164 1597 4210 2
1630 4162 1880 4227 participii
1920 4161 2069 4211 futuri
2211 4161 2242 4211 3
2274 4173 2504 4213 trauntur
2642 4166 2673 4212 4
2713 4167 2877 4230 ipsam
2915 4181 3049 4215 corr.
3092 4165 3202 4231 ipsa

772 4236 803 4283 5
844 4243 1068 4282 antorarn
1108 4249 1246 4282 corr.
1283 4235 1354 4285 al.
1388 4248 1514 4281 man.
1553 4243 1667 4280 ante
1706 4231 1880 4280 horam
2023 4233 2150 4281 duas
2188 4248 2302 4282 oras
2440 4237 2474 4284 (ὅ
2517 4234 2713 4300 leg-etur
2760 4237 2886 4285 uelle
2924 4236 3094 4300 legere
3130 4238 3203 4284 sic

637 4302 877 4352 liabutere
970 4302 1003 4352 8
1031 4302 1079 4367 e]
1117 4313 1164 4351 et
1267 4303 1300 4350 ¹.)
1338 4301 1493 4350 suun-i
1598 4302 1659 4350 15
1695 4311 1932 4365 prouator
1963 4303 2288 4366 prouaminor
2319 4312 2616 4366 promuntor
2724 4308 2786 4357 lu
2820 4305 3099 4354 dociminor

642 4373 702 4421 17
743 4375 1016 4423 audiuntur
1160 4373 1221 4422 18
1258 4374 1491 4436 propriae
1527 4372 1661 4434 qnod
1839 4371 1901 4420 10
1937 4373 2143 4421 sauinns
2177 4387 2312 4426 corr.
2350 4375 2556 4423 sabinus
2728 4379 2794 4425 22
2831 4376 3065 4440 ponenda

636 4445 701 4492 27
739 4445 1138 4509 significationes
1277 4443 1344 4493 29
1379 4441 1616 4505 explanat
1756 4441 1825 4492 30
1854 4442 2064 4492 discitur
2101 4457 2238 4495 corr.
2277 4444 2461 4492 dicitur
2599 4445 2661 4496 31
2705 4448 2901 4497 abiecto
2939 4446 3143 4495 aberbio
3197 4505 3200 4510 ⁴

777 4636 839 4684 12
891 4634 1075 4683 docear
1128 4630 1360 4680 docearis
1405 4628 1481 4679 vel
1536 4630 1746 4680 doceare
1787 4632 2025 4680 doceatur
2061 4632 2343 4685 Pulseln'us.
2393 4637 2488 4684 aed
2528 4651 2591 4685 ne
2624 4638 2699 4684 sic
2734 4635 2924 4701 quidem
2959 4644 3199 4697 corrupta

634 4705 786 4755 verba
828 4706 955 4754 satis
996 4702 1255 4752 emendata
1301 4716 1411 4749 esse
1456 4699 1700 4762 adparet,
1747 4717 2034 4766 quamquam
2080 4705 2435 4755 coniunctivum
2481 4710 2769 4767 praesentis
2800 4721 2898 4768 pro
2935 4706 3200 4755 indicativo

628 4778 795 4838 future*
825 4777 933 4838 ipae
964 4772 1313 4836 ‚qrammaticus
1352 4774 1581 4831 posui-we
1613 4770 1810 4819 videtur
1952 4774 2014 4822 15
2061 4778 2288 4824 lacunam
2317 4774 2551 4835 indicavi,
2588 4790 2688 4838 qua
2718 4779 2895 4842 regula
2922 4777 3202 4837 imperativi

628 4847 792 4907 futuri
813 4844 1005 4893 excidit
1144 4841 1207 4890 10
1245 4837 1456 4905 Probus]
1499 4841 1568 4903 cf.
1593 4840 1765 4904 praef.
1799 4844 1890 4892 vol.
1934 4842 2020 4892 llll
2059 4862 2109 4908 p.
2148 4843 2292 4893 xxu
2435 4845 2498 4894 21
2531 4845 2816 4913 Vergilius]
2847 4847 2976 4894 Aen.
3018 4847 3059 4894 ll
3104 4845 3199 4895 110

769 4914 835 4965 33
876 4923 925 4961 et
960 4911 1232 4977 significati
1269 4910 1412 4960 cuius
1450 4909 1728 4960 Putscln’ua.
1759 4912 1990 4974 sortasse
2025 4924 2074 4963 et
2109 4916 2252 4963 cuius
2290 4915 2390 4963 sint
2426 4915 2816 4982 significationis
