3541 5564
459 289 584 354 366
1543 285 1949 349 CONSENTII

512 412 556 452 p„
581 399 784 441 2050-52
809 396 856 438 Ρ.

461 482 666 541 ticntis
711 482 828 539 vim
874 479 1167 539 continet:
1216 478 1474 556 agentis,
1524 484 1588 536 ut
1632 494 1768 537 seco
1816 496 1954 547 uro;
2001 479 2311 558 patientis,
2359 485 2425 538 ut
2469 496 2639 538 secor
2685 496 2846 538 uror.
2904 496 3040 537 cum

463 603 601 643 vero
646 590 922 643 neutrum
976 576 987 661 1
1036 581 1248 641 horum
1302 581 1723 657 significationi
1780 581 1964 650 inest,
2025 580 2262 642 habitus
2308 581 2543 659 quidam
2591 589 2818 641 tantum
2866 580 3038 640 modo

465 687 921 753 demonstratur,
971 691 1034 743 ut
1079 690 1169 743 est
1213 690 1302 743 sto
1348 685 1515 763 sapio
1559 685 1708 743 vivo,
1772 702 1979 744 eorum
2024 690 2222 744 autem
2267 701 2417 762 quae
2465 689 2658 744 actum
2704 685 3038 761 significant

465 788 753 869 quaedam
812 787 950 847 talia
1006 793 1170 855 sunt,
1230 793 1294 845 ut
1350 787 1410 844 in
1477 785 1593 845 alio
1650 793 1843 854 actuS,
1904 787 1966 845 in
2026 786 2141 846 alio
2186 788 2383 865 passio
2440 788 2758 846 constituta
2818 789 2927 856 sit,
2976 793 3041 845 ut

431 910 600 951 ‘cum
646 889 901 950 dicimus
945 906 1084 949 seco
1129 907 1265 957 ure,
1314 905 1556 948 necesse
1603 895 1694 948 est
1739 895 1803 948 ut
1834 888 2343 949 administrantem
2389 896 2447 948 et
2494 890 2816 967 patientem
2863 890 3040 948 unius
3067 900 3092 940 5

468 992 805 1052 intellectus
861 992 1014 1051 ratio
1062 984 1533 1068 conprehendam
1594 991 1885 1070 quaedam
1946 1009 2085 1050 vero
2143 991 2280 1051 talia
2326 998 2492 1058 sunt,
2563 996 2628 1050 ut
2672 990 2896 1051 nullum
2941 1010 3041 1071 pa-

469 1098 716 1182 tientem
771 1096 1140 1154 extrinsecus
1197 1111 1440 1152 necesse
1497 1095 1574 1153 sit
1630 1093 1927 1170 intellegi,
1986 1101 2050 1154 ut
2107 1112 2240 1154 cum
2298 1094 2549 1154 dicimus
2593 1093 2771 1153 sedeo
2817 1100 2876 1152 et
2921 1112 3041 1153 am·
3092 1152 3093 1155 ,

467 1198 626 1258 bulo.
716 1190 1008 1256 similiter'
1049 1213 1283 1275 quoque
1340 1214 1407 1255 ca
1465 1214 1616 1274 qnae
1674 1197 2022 1274 patientiam
2066 1195 2287 1256 habent
2342 1194 2645 1256 interdum
2700 1196 2829 1255 eius
2886 1196 3042 1255 modi

468 1307 624 1367 sunt,
675 1305 738 1358 ut
783 1305 1055 1375 agentem
1087 1299 1459 1357 extrinsecus
1491 1297 1928 1367 demonstrent,
1975 1299 2154 1359 sicuti
2201 1305 2293 1357 est
2337 1316 2505 1358 secor
2551 1298 2753 1377 pulsor
2797 1298 3040 1376 vapulo;

469 1401 757 1481 quaedam
824 1408 1017 1460 autem
1086 1400 1215 1460 eius
1280 1400 1439 1460 modi
1496 1407 1660 1468 sunt,
1720 1407 1785 1459 ut
1840 1402 2124 1479 patientia
2179 1418 2328 1479 quae
2397 1402 2765 1478 significatur
2821 1400 3045 1461 nullam
3074 1416 3121 1455 10

471 1506 701 1581 agentis
759 1520 1073 1581 personam
1129 1502 1326 1562 trahat
1382 1505 1780 1571 extrinsecuS,
1839 1511 1905 1563 ut
1962 1510 2051 1562 est
2107 1504 2305 1563 esurio
2350 1503 2536 1580 algeo.
2626 1503 2914 1582 quaedam
2960 1504 3045 1562 sic

470 1607 781 1675 dicuntur,
831 1614 892 1665 ιιι
939 1624 1056 1664 ιιοιι
1101 1607 1220 1664 sint
1265 1604 1474 1683 plena,
1521 1606 1637 1664 nisi
1681 1605 1904 1685 aliquid
1937 1604 2214 1674 addatur,
2262 1613 2328 1665 ut
2372 1605 2490 1665 vult
2536 1604 2805 1665 decernit
2852 1603 3045 1664 iubet:

472 1711 587 1769 nisi
646 1710 803 1768 enim
861 1705 1070 1775 addaS,
1130 1706 1273 1786 quid
1332 1707 1502 1775 velit,
1566 1708 1707 1786 quid
1766 1696 2075 1777 decernat,
2135 1707 2277 1787 quid
2336 1706 2568 1776 iubeat,
2616 1707 2826 1787 plenus
2871 1707 3045 1767 intel-

472 1812 658 1870 lectus
718 1828 835 1870 non
901 1816 1010 1867 est.
1100 1809 1387 1887 quaedam
1455 1827 1595 1868 vero
1662 1809 1996 1870 absolutum
2057 1809 2278 1870 habent
2333 1809 2731 1879 intellectum,
2805 1818 2866 1870 ut
2926 1812 3049 1870 sitit

473 1915 664 1973 esurit
708 1914 983 1981 satiatur,
1046 1929 1236 1991 neque
1299 1929 1446 1990 opus
1502 1918 1592 1972 est
1649 1913 1779 1971 eius
1833 1912 1993 1973 modi
2049 1911 2408 1980 adiectione,
2458 1911 2599 1990 quid
2645 1914 2901 1980 esuriat,
2949 1920 3047 1972 aut
3076 1926 3124 1965 15

472 2016 615 2095 quid
662 2017 858 2083 sitiat,
922 2021 1020 2073 ant
1074 2032 1190 2092 quo
1236 2020 1398 2073 satur
1454 2015 1551 2073 sit.
1642 2014 1932 2092 quaedam
1987 2014 2126 2074 talia
2183 2020 2349 2083 sunt,
2396 2021 2462 2073 ut
2506 2016 2795 2093 patientia
2839 2014 2934 2074 vel
2981 2032 3050 2073 ex

474 2119 769 2178 voluntate
816 2116 907 2176 vel
954 2123 1161 2176 contra
1190 2116 1550 2176 voluntatem
1585 2117 1854 2176 evenisse
1886 2108 2180 2177 videatur:
2229 2135 2301 2175 ex
2346 2115 2675 2184 voluntate,
2724 2123 2789 2176 ut
2836 2117 3051 2176 doceor

474 2222 665 2290 ditor;
726 2219 927 2279 contra
987 2218 1379 2285 voluntatem,
1442 2225 1505 2277 ut
1559 2236 1704 2278 uror
1760 2237 1951 2278 secor.
2039 2219 2327 2299 quaedam
2384 2237 2520 2278 vero
2577 2218 2717 2278 talia
2773 2227 2937 2287 sunt,
2990 2228 3051 2280 ut

419 2323 425 2329 ’
476 2330 751 2383 neutrum
796 2322 1037 2388 horum,
1095 2322 1249 2379 sicut
1304 2320 1536 2380 Probus
1594 2323 1681 2380 vir
1727 2321 2105 2382 doctissimus
2149 2320 2416 2390 adnotat,
2465 2321 2806 2389 admittant,
2854 2328 2919 2380 ut
2964 2328 3052 2380 est

473 2425 640 2502 algeo
708 2432 929 2483 aestuo.
1019 2421 1246 2509 ‘neque
1304 2425 1496 2484 enim'
1563 2425 1756 2503 inquit
1813 2424 2031 2484 ‘latine
2088 2423 2337 2492 dicitur,
2409 2423 2610 2483 volens
2674 2431 2773 2483 aut
2831 2424 3052 2484 invitus
3079 2439 3129 2476 20

474 2528 608 2605 quis
675 2533 902 2585 aestuat
963 2532 1063 2584 aut
1120 2524 1301 2602 alget,
1362 2543 1495 2583 cum
1550 2524 1661 2584 hoc
1718 2543 1793 2584 ex
1846 2526 2200 2585 necessitate
2269 2544 2374 2604 pro
2429 2524 2708 2605 qualitate
2766 2527 3054 2606 temporis

476 2630 716 2687 evenire
765 2627 1091 2686 videatur'.
1161 2625 1449 2706 quaedam
1495 2628 1624 2686 eius
1669 2627 1829 2686 modi
1875 2634 2038 2696 sunt,
2088 2634 2171 2696 ut,
2218 2628 2332 2687 nisi
2380 2646 2633 2707 persona
2681 2627 2908 2688 adiecta
2954 2630 3052 2697 sit,

477 2730 721 2808 plenum
770 2728 1141 2789 intellectum
1188 2748 1303 2790 non
1351 2727 1636 2797 habeant,
1684 2728 1868 2790 veluti
1916 2731 2135 2809 pingit,
2183 2730 2352 2810 quis?
2427 2730 2696 2810 Apelles;
2745 2729 3051 2800 declamat,

479 2834 650 2912 quis?
697 2832 925 2893 Cicero,
1019 2831 1308 2910 quaedam
1353 2851 1494 2892 vero
1541 2852 1572 2891 e
1619 2834 1918 2893 contrario
1974 2835 2103 2892 eius
2148 2833 2305 2893 modi
2352 2841 2517 2901 sunt,
2568 2839 2631 2891 ut
2676 2832 2749 2892 ad
2794 2829 3063 2912 plenitu-'

478 2935 679 2994 dinem
728 2934 1093 3003 intellectus,
1143 2953 1174 2994 a
1221 2953 1337 3013 quo
1382 2935 1613 2995 scilieet
1659 2935 2180 3003 administrentur,
2241 2953 2388 3014 opus
2432 2954 2550 2995 non
2597 2936 2674 2994 sit
2718 2934 3051 2996 adiectione
3080 2952 3131 2991 25

477 3055 786 3115 personae,
837 3044 900 3096 ut
955 3036 1110 3114 pluit
1163 3044 1355 3096 tonat:
1405 3039 1532 3097 sine
1581 3036 1761 3097 dubio
1809 3038 1968 3096 enim
2014 3035 2384 3114 intellegitur
2430 3037 2594 3098 deus,
2686 3038 2829 3097 item
2874 3057 3054 3117 quae-

479 3139 612 3199 dam
657 3138 838 3198 verha
884 3145 1021 3198 sunt
1066 3147 1125 3198 et
1169 3158 1347 3218 parva
1391 3159 1501 3200 usu
1561 3158 1675 3199 non
1720 3140 1906 3217 ligura
1955 3148 2198 3200 eatenus
2243 3139 2719 3217 distinguuntur,
2780 3148 2843 3202 ut
2886 3143 3054 3220 quasi

481 3242 720 3320 propria
777 3241 1065 3320 quaedam
1121 3241 1488 3319 singulorum
1546 3260 1833 3318 generum
1891 3242 1981 3301 vel
2038 3248 2248 3302 natura
2306 3241 2393 3302 vel
2449 3243 2877 3302 consuetudine
2924 3262 3053 3303 esse

480 3342 809 3402 videantur.
902 3343 1226 3404 masculina
1271 3339 1494 3424 e{runt,
1552 3363 1687 3404 cum
1745 3344 2103 3405 masculinae
2162 3363 2259 3404 res
2303 3344 2591 3404 suberunt
2635 3363 2785 3424 quae
2832 3347 3052 3422 signiti-

480 3454 720 3513 cantur;
779 3451 1019 3514 natura,
1080 3445 1261 3505 veluti
1319 3448 1553 3523 genuit,
1616 3446 2077 3514 consuetudine,
2138 3446 2320 3506 veluti
2367 3445 2675 3515 tondetur;
2736 3455 3133 3527 utrumquem

481 3551 639 3609 enim
685 3547 951 3607 maribus
1007 3555 1166 3607 recte
1227 3547 1600 3624 adsignatur:
1661 3549 1979 3616 feminina,
2029 3567 2163 3608 cum
2208 3549 2528 3608 femininae
2576 3567 2674 3608 res
2720 3550 3094 3626 significans

481 3659 609 3718 tur;
669 3655 907 3719 natura,
967 3659 1030 3709 ut
1084 3650 1242 3728 parit
1298 3649 1496 3718 nubit,
1556 3649 2019 3719 consuetudine,
2069 3658 2133 3710 ut
2177 3651 2324 3710 texit
2370 3657 2646 3720 ornatur;
2705 3651 2850 3712 haec
2897 3654 3056 3713 enim

479 3822 649 3872 borum
690 3822 916 3870 sitnile'ter
953 3822 1226 3886 disputavit
1259 3819 1524 3870 Diomedes
1553 3834 1606 3882 p.
1645 3818 1765 3879 336,
1810 3817 1872 3869 18
1899 3835 2011 3885 sqq.
2052 3820 2120 3881 cf.
2163 3820 2361 3870 Charis.
2398 3837 2451 3884 p.
2499 3818 2624 3883 165,
2658 3819 2724 3872 33
2865 3824 2898 3873 4
2939 3837 3059 3871 con-

481 3893 631 3942 stitus
670 3892 734 3940 sit
773 3892 820 3941 L
860 3891 1190 3940 constituetur
1222 3889 1286 3937 M
1421 3888 1454 3938 8
1495 3891 1767 3955 patientem
1815 3890 1996 3938 habent
2031 3889 2144 3940 BL
2285 3889 2318 3938 Ω
2358 3898 2631 3939 monstrent
2674 3891 2737 3940 M
2874 3892 3057 3956 vapulo

480 3977 571 4015 om.
611 3961 720 4010 BL
843 3960 907 4011 10
938 3960 1251 4024 significatur
1285 3971 1423 4012 corr.
1468 3968 1639 4009 -antur
1681 3960 1725 4007 L
1760 3959 2107 4026 significantur
2134 3961 2183 4009 B
2297 3961 2353 4011 11
2396 3960 2596 4010 trahant
2627 3961 2731 4009 BL
2879 3962 2937 4012 15
2975 3977 3058 4012 sa-

480 4027 652 4096 tiatur]
699 4038 838 4080 satur
872 4039 948 4080 est
984 4031 1033 4080 B
1069 4038 1239 4078 sature
1272 4028 1320 4076 L
1466 4031 1527 4080 16
1564 4037 1650 4079 aut
1690 4044 1789 4092 quo
1825 4038 1964 4079 satur
2002 4037 2077 4078 est
2109 4030 2174 4079 M
2207 4039 2292 4079 aut
2327 4044 2357 4077 a
2394 4044 2491 4092 quo
2527 4039 2667 4079 satur
2704 4031 2771 4079 sit
2808 4032 2921 4081 BL

488 4102 548 4151 17
577 4101 809 4150 uideatur
847 4100 910 4148 M
941 4100 1214 4149 uideantur
1250 4100 1417 4148 BLm
1535 4101 1598 4151 19
1627 4097 1842 4165 Probus]
1886 4100 1954 4161 cf.
1992 4100 2166 4164 praef.
2201 4115 2408 4165 ,qr-amm.
2447 4104 2542 4151 vol.
2585 4101 2651 4149 lV
2682 4116 2739 4163 p.
2782 4100 2951 4150 XXlll

483 4182 557 4221 est
594 4187 688 4225 om.
742 4170 788 4219 B
927 4169 995 4220 20
1034 4169 1186 4218 latine
1224 4184 1447 4234 congrue
1485 4170 1664 4219 dicitur
1699 4169 1979 4220 sichardus
2154 4171 2222 4219 23
2265 4169 2467 4235 Apelles
2504 4168 2781 4221 Siehardua
2814 4171 2982 4237 apollo
3011 4170 3059 4219 B

484 4241 685 4307 appollo
717 4238 839 4288 ML
980 4239 1047 4290 26
1097 4240 1342 4303 quaedam
1375 4241 1530 4290 uerba
1567 4249 1614 4290 et
1658 4255 1818 4304 parua
1855 4255 1975 4289 ussu
2017 4255 2111 4289 non
2151 4239 2317 4305 figura
2354 4238 2419 4287 M
2450 4241 2696 4302 quaedam
2736 4242 2894 4291 uerba
2943 4249 3058 4291 sunt

1923 4307 1985 4347 ait
2015 4307 2175 4361 probus

485 4377 642 4426 parua
679 4360 812 4410 husu
855 4375 955 4409 non
995 4359 1155 4424 figura
1201 4360 1241 4408 L
1289 4361 1535 4424 quaedam
1573 4362 1729 4411 uerba
1773 4371 1889 4411 siunt
1924 4370 1977 4410 ut
2010 4377 2166 4428 parua
2203 4376 2299 4410 usu
2338 4374 2438 4409 nou
2476 4360 2669 4426 figurae
2707 4363 2776 4411 R:
2811 4362 3056 4424 quaedam

485 4435 640 4481 uerba
676 4439 811 4489 sunt,
851 4439 906 4480 ιιι
942 4430 1012 4480 ait
1048 4431 1258 4490 Probu3‚
1290 4447 1418 4494 quae
1455 4442 1663 4482 eatenus
1700 4432 2082 4496 distinguuntur
2114 4432 2407 4483 St'chardas.
2444 4431 2603 4480 ,Probi
2635 4447 2807 4482 nomen
2842 4435 3061 4499 quamvis

486 4502 549 4551 ab
586 4502 680 4553 leoc
716 4503 825 4552 Ioco
859 4516 956 4552 non
992 4503 1198 4550 alienum
1233 4502 1315 4565 sit,
1356 4510 1517 4552 tamen
1553 4517 1698 4568 quam
1733 4503 2076 4553 auctoritatem
2107 4502 2319 4558 lrabeat,
2354 4516 2452 4551 non
2487 4508 2711 4564 constat,
2761 4505 3061 4564 praesertim

485 4588 590 4620 cum
628 4573 730 4621 alia
766 4587 911 4620 manu
945 4573 992 4619 in
1034 4571 1082 4620 B
1125 4575 1512 4635 superscriptum
1550 4588 1658 4622 esse
1695 4573 1941 4622 videatur.
1986 4589 2143 4637 quare
2178 4578 2466 4633 corruptam
2504 4572 2720 4620 codicum
2758 4574 3061 4636 scripturam

486 4644 680 4706 reliqui.
717 4642 945 4704 fortasse
974 4641 1222 4704 quaedam
1268 4643 1418 4691 verba
1452 4651 1567 4692 sunt
1604 4658 1731 4706 quae
1768 4643 1982 4691 naturali
2014 4658 2107 4693 usu
2148 4656 2244 4691 non
2286 4641 2477 4706 ligura:
2507 4641 2576 4704 cf.
2624 4643 2874 4692 Priscian.
2911 4645 2945 4696 l.
2989 4643 3060 4692 XI

484 4727 537 4773 p.
577 4712 696 4770 556,
738 4710 820 4764 10.
859 4712 922 4761 de
954 4711 1107 4760 duod.
1147 4727 1279 4764 vers,
1321 4712 1449 4764 Aen.
1477 4728 1532 4775 p.
1560 4713 1680 4768 473,
1717 4713 1799 4765 12.
1831 4713 1953 4777 486,
1981 4713 2047 4764 32
2187 4709 2256 4762 30
2291 4711 2447 4760 uetuit
2483 4713 2661 4777 genuit
2694 4712 2740 4761 B
2882 4711 3059 4762 ueluiti

489 4781 724 4832 tondetur
764 4782 811 4830 L
848 4789 900 4830 ιιι
933 4781 1166 4831 tondetur
1205 4779 1263 4827 M
