3541 5564
1343 307 1442 368 DE
1489 307 1782 371 NOMINE
1832 311 2097 369 11—22
2875 309 3001 374 559

2620 431 2662 470 p.
2691 421 2868 460 131—33
2894 419 2947 459 V.

593 496 802 557 Omnia
859 514 925 555 er
984 498 1330 566 terminata,
1389 515 1523 556 cum
1581 497 1797 556 amissa
1842 515 1873 555 e
1919 498 2048 556 sine
2095 499 2463 558 incremento
2506 502 2831 577 genitivum
2876 502 2996 560 sin-

427 598 691 677 gularem
757 617 865 678 per
929 600 1012 660 ris
1082 597 1363 678 syllabam
1429 601 1764 678 proferant,
1825 600 1885 658 iu
1944 599 2094 658 hanc
2150 606 2508 661 commutata
2564 602 2723 663 finali
2780 601 2996 681 syllaba

425 721 597 762 casus
641 703 1017 770 nominativi,
1066 699 1384 762 ablativum
1416 700 1776 778 singularem
1807 700 1979 761 modo
2024 719 2056 759 e
2100 702 2311 762 finient
2355 721 2539 781 eaque
2587 706 2645 763 in
2695 723 2793 763 um
2839 724 2996 764 com-

425 810 648 866 mutata
693 804 916 863 sacient
959 805 1283 880 genitivum
1329 801 1648 883 pluralem,
1708 811 1773 863 ut
1817 804 1913 863 bic
1959 812 2127 881 pater
2171 803 2349 863 buius
2392 807 2579 883 patris
2624 803 2697 865 ab
2744 806 2853 865 hoc
2896 826 2998 885 pa-

371 927 396 966 5
427 916 513 965 tre
572 905 785 965 horum
842 914 1108 984 patrum,
1168 904 1314 965 haec
1371 914 1560 965 mater
1615 906 1792 965 buius
1848 906 2058 964 matris
2113 904 2187 964 ab
2232 905 2341 965 hac
2387 915 2574 967 matre
2622 908 2829 968 barum
2876 928 2996 969 ma-

421 1016 609 1067 trum:
668 1007 841 1066 niodo
900 1009 949 1074 i,
1009 1016 1067 1066 et
1124 1006 1430 1086 adsumpta
1491 1026 1588 1066 um
1644 1005 1869 1085 syllaba
1913 1007 2137 1066 sacient
2179 1010 2501 1084 genitivum
2556 1008 2875 1087 pluralem,
2934 1019 2999 1070 ut

421 1110 518 1168 hic
576 1108 769 1169 imber
824 1109 1000 1168 buius
1056 1108 1269 1168 imbris
1324 1107 1396 1168 ab
1454 1109 1563 1168 hoc
1621 1106 1802 1167 imbri
1860 1107 2071 1167 borum
2127 1109 2438 1179 imbrium,
2498 1111 2596 1170 hic
2643 1119 2777 1171 uter
2821 1113 2997 1173 buius

422 1214 574 1272 utris
630 1211 703 1271 ab
761 1211 872 1270 hoc
931 1212 1048 1270 utri
1105 1211 1316 1270 horum
1372 1212 1616 1270 utrium.
1705 1228 1842 1269 cum
1889 1228 2025 1268 vero
2070 1229 2137 1269 er
2180 1220 2453 1272 manente
2499 1213 2659 1273 finali
2708 1216 2759 1274 is
2804 1214 2994 1275 adsci-

423 1315 614 1373 verint
659 1311 974 1392 syllabam.
1035 1312 1356 1372 ablativum
1414 1312 1778 1388 singularem
1835 1330 1866 1370 e
1926 1311 2330 1372 terminabunt
2373 1332 2558 1393 eaque
2606 1316 2665 1374 in
2714 1334 2810 1375 um
2858 1335 2996 1375 con-

348 1436 395 1475 ιο
425 1433 590 1474 versa
650 1417 871 1475 facient
929 1411 1270 1494 gelnitivum
1329 1415 1653 1494 pluralem,
1711 1420 1775 1472 ut
1830 1432 2035 1492 passer
2079 1417 2352 1493 passeris
2383 1434 2623 1494 passere
2668 1435 2994 1495 passerum,

420 1536 599 1577 anser
645 1519 876 1577 anseris
922 1534 1133 1576 ansere
1180 1493 1485 1584 anseflim,
1534 1534 1761 1595 pauper
1806 1518 2089 1594 pauperis
2133 1535 2393 1595 paupere
2438 1537 2788 1597 pauperum,
2836 1519 2997 1580 celer

418 1619 633 1680 celeris
678 1619 873 1679 celere
920 1618 1210 1687 celerum;
1269 1620 1357 1678 sic
1403 1626 1463 1678 et
1518 1616 1665 1677 uber
1714 1604 1997 1697 [οὖθαρ]
2047 1617 2223 1677 tuber
2271 1612 2541 1700 [ὕδνον]
2592 1618 2763 1697 giber
2810 1617 2997 1701 [κύρ-

418 1719 632 1801 τωμα]
682 1729 740 1780 et
772 1740 908 1780 acer
942 1716 1461 1800 [σφένὸαμνος],
1510 1720 1744 1799 quando
1777 1719 2051 1780 arborem
2091 1723 2411 1798 significat,
2462 1723 2599 1783 licet
2644 1723 2995 1801 quibusdam

420 1824 563 1883 baec
619 1841 828 1883 acerus
884 1824 1246 1882 nominativo
1301 1822 1416 1882 dici
1466 1821 1686 1882 debere
1733 1821 1992 1900 placeat;
2051 1823 2137 1881 sic
2183 1831 2241 1881 et
2285 1825 2458 1902 piper
2502 1826 2662 1884 cicer
2712 1821 2994 1904 [ἐρέβιν-

344 1945 393 1984 15
418 1923 570 2004 θος]
620 1924 825 1984 aether
867 1924 1017 1984 siser
1061 1942 1183 1992 aer,
1231 1932 1292 1984 et
1336 1926 1504 2002 siqua
1551 1922 1789 1983 similia.
1878 1925 2071 1984 omnia
2119 1927 2297 1985 etiam
2342 1944 2492 2003 quae
2539 1945 2611 1986 ex
2655 1927 2997 1988 nominibus

419 2027 683 2086 derivata
739 2033 830 2085 ter
885 2025 1108 2105 syllaba
1166 2027 1559 2086 terminantur
1615 2033 1675 2084 et
1731 2027 2015 2101 feminina
2073 2044 2144 2085 ex
2203 2046 2265 2084 se
2323 2028 2550 2086 faciunt
2608 2029 2714 2088 tris
2772 2028 2996 2107 syllaba

421 2130 763 2197 terminata,
812 2135 874 2187 ut
919 2127 1015 2187 hic
1060 2135 1340 2207 equester
1384 2127 1530 2187 haec
1561 2128 1884 2206 equestriS‚
1933 2136 2262 2206 campester
2303 2131 2684 2206 campestriS,
2735 2130 2998 2208 paluster

418 2229 730 2309 palustris,
778 2229 1033 2289 ablativo
1078 2248 1219 2289 casu
1275 2230 1561 2307 singulari
1608 2232 1625 2289 i
1685 2231 1971 2290 finiuntur
2016 2237 2075 2287 et
2121 2227 2315 2290 addita
2363 2248 2459 2290 um
2507 2230 2725 2310 syllaba
2773 2213 3020 2292 faciunt-

416 2333 740 2408 genitivum
797 2332 1112 2411 pluralem,
1173 2331 1245 2391 ab
1314 2332 1423 2392 boc
1479 2333 1740 2411 equestri
1798 2331 2009 2391 horum
2055 2333 2441 2409 equestrium.
2515 2350 2652 2391 acer
2696 2342 2754 2393 et
2801 2334 2997 2394 alacer

339 2452 391 2492 20
421 2425 486 2514 [ὁ
533 2427 909 2512 πρόθυμος]
960 2433 1213 2492 ablativo
1257 2452 1397 2493 casu
1442 2433 1730 2510 singulari
1780 2434 1798 2491 i
1846 2434 2129 2492 finiuntur
2163 2440 2221 2492 et
2266 2432 2460 2493 addita
2492 2452 2587 2492 um
2633 2436 2851 2494 sacient
2895 2454 2993 2513 ge—

416 2538 665 2597 nitivum
711 2535 1035 2614 pluralem,
1095 2535 1168 2594 ab
1214 2535 1326 2595 hoc
1371 2537 1494 2594 acri
1540 2535 1749 2594 horum
1798 2535 2052 2603 acrium,
2110 2533 2183 2594 ab
2241 2534 2349 2593 boc
2397 2534 2574 2594 alacri
2620 2536 2828 2596 borum
2874 2537 2995 2597 ala-

418 2639 639 2706 crium,
689 2637 831 2696 licet
874 2636 969 2695 hic
1016 2635 1229 2696 alacris
1278 2636 1495 2696 lectum
1543 2638 1650 2695 sit:
1697 2634 1995 2712 Vergilius

2132 2750 2206 2797 ut
2251 2737 2451 2798 videt

721 2843 1044 2910 Aenean,
1098 2841 1376 2901 alacris
1422 2841 1701 2920 palmas
1748 2849 2102 2918 utrasque
2149 2840 2495 2900 tetendit.

343 2962 394 3000 25
420 2944 520 3003 sed
569 2943 782 3003 melius
828 2950 944 3011 est,
994 2945 1176 3021 immo
1221 2944 1473 3012 rectius,
1521 2943 1618 3002 hic
1665 2943 1862 3004 alacer
1908 2951 1965 3001 et
2010 2941 2154 3002 baec
2198 2941 2441 3011 alacris,
2507 2951 2571 3002 ut
2614 2943 2709 3003 hic
2756 2962 2892 3003 acer
2936 2954 2998 3006 et

421 3046 565 3105 baec
610 3047 786 3105 acris.
876 3046 1012 3105 inde
1060 3047 1220 3106 enim
1267 3047 1445 3105 etiam
1490 3044 1859 3105 neutra-hoc
1905 3062 2042 3104 acre
2088 3052 2149 3103 et
2190 3045 2300 3104 boc
2347 3044 2568 3112 alacre,
2627 3047 2783 3105 sicut
2838 3065 2993 3107 cam-

419 3155 619 3226 pester
665 3149 1017 3226 campestris
1063 3154 1425 3227 campestre,
1474 3153 1753 3226 equester
1785 3148 2081 3226 equestris
2117 3153 2416 3224 equestre.
2479 3153 2788 3224 praeterea
2820 3149 2993 3208 ctiam

419 3249 767 3328 superlativi
811 3249 1030 3326 gradus
1075 3250 1282 3326 regula
1328 3249 1485 3309 hunc
1529 3250 1714 3325 exigit
1760 3249 2216 3317 nominativum,
2275 3249 2376 3326 qui
2423 3247 2711 3308 detractis
2755 3247 2997 3327 syllabis

421 3351 642 3411 ultimis
695 3349 924 3410 duabus
979 3352 1049 3411 ad
1106 3353 1423 3430 positivum
1481 3350 1666 3419 redit,
1728 3357 1792 3409 ut
1836 3351 2163 3409 acerrimus
2210 3367 2374 3416 acer,
2435 3350 2589 3407 sicut
2633 3352 2998 3428 asperrimus

343 3471 392 3509 30
420 3472 622 3531 asper,
673 3455 1035 3529 nigerrimus
1081 3454 1280 3529 niger,
1339 3454 1757 3531 pauperrimus
1803 3469 2047 3530 pauper.
2136 3451 2430 3529 Iuppiter,
2479 3469 2612 3510 cum
2659 3453 2737 3509 sit
2781 3445 2995 3529 ἑτερό-

419 3554 679 3624 κλιτον,
740 3554 979 3632 regulae
1049 3557 1291 3614 minime
1346 3552 1705 3621 subicietur,
1763 3553 2030 3632 Iuppiter
2083 3552 2238 3611 Iovis
2305 3552 2421 3611 lovi
2489 3552 2685 3612 Iovem
2742 3551 2815 3612 ab
2884 3552 2994 3612 boc

417 3657 571 3717 Iove.
634 3658 828 3751 omnia
873 3675 940 3715 or
986 3658 1302 3717 terminata
1335 3654 1589 3715 ablativo
1633 3654 1920 3732 singulari
1969 3674 1999 3713 c
2047 3655 2330 3714 liniuntur
2373 3673 2556 3732 eaque
2606 3655 2664 3713 iu
2714 3672 2810 3714 um
2856 3673 2993 3714 con-

419 3778 583 3819 versa
618 3759 838 3818 sacient
877 3759 1203 3835 genitivum
1237 3757 1555 3837 pluralem,
1594 3765 1832 3836 praetor
1865 3764 2141 3835 praetore
2182 3764 2555 3833 praetorum,
2601 3764 2766 3815 actor
2796 3762 2994 3815 actore

418 3870 705 3929 actorum,
733 3859 945 3920 Nestor
970 3860 1221 3921 Nestore
1249 3860 1582 3928 Nestorum,
1609 3858 1791 3919 arbor
1814 3857 2028 3917 arbore
2061 3857 2358 3927 arborum,
2396 3876 2499 3917 cor
2529 3857 2706 3917 corde
2730 3857 2995 3925 cordum,

341 3981 390 4018 aa
417 3981 675 4023 marmor
721 3980 1012 4022 marmore
1056 3981 1451 4031 marmorum,
1500 3980 1721 4041 aequor
1765 3978 2022 4040 aequore
2068 3978 2411 4039 aequorum.
2486 3958 2634 4019 nibil
2680 3960 2994 4037 excipitur.

418 4066 611 4125 omnia
658 4066 837 4125 etiam
884 4082 956 4123 ur
999 4066 1312 4124 terminata
1360 4065 1553 4124 eidem
1593 4063 1835 4141 regulae
1865 4064 2161 4131 serviunt,
2211 4070 2274 4121 ut
2317 4070 2511 4121 turtur
2543 4067 2772 4121 turture
2803 4067 2996 4120 turtu-

419 4185 579 4236 rum,
612 4185 801 4244 augur
832 4183 1053 4244 augure
1087 4183 1395 4243 augurum,
1428 4167 1525 4226 sur
1554 4168 1686 4225 sure
1719 4167 1935 4234 furum,
1977 4182 2245 4224 murmur
2275 4182 2577 4223 murmure
2603 4180 2993 4222 murmurum.

586 4269 798 4329 Omnia
844 4288 908 4328 as
956 4270 1269 4327 terminata
1316 4266 1569 4327 ablativo
1615 4285 1754 4326 casu
1813 4267 2100 4343 singulari
2148 4285 2180 4323 e
2225 4267 2513 4325 liniuntur
2558 4282 2743 4342 eaque
2789 4264 2850 4322 in
2897 4281 2995 4321 nm

419 4389 700 4431 conversa
758 4372 985 4431 faciunt
1040 4371 1368 4447 genitivum
1424 4369 1746 4448 pluralem,
1796 4388 1901 4429 seu
1945 4386 2155 4445 graeca
2201 4368 2425 4426 suerint
2469 4385 2575 4426 seu
2619 4360 2843 4441 laltina,
2891 4383 2997 4423 scu

344 4488 394 4527 ιο
421 4473 743 4532 masculina
799 4491 904 4532 seu
960 4472 1277 4540 feminina,
1339 4478 1406 4529 ut
1460 4469 1655 4530 Thoas
1711 4469 1976 4529 Thoante
2047 4468 2408 4537 Thoautum,
2476 4468 2684 4527 dorcas
2742 4466 2994 4525 dorcade

421 4572 769 4641 dorcadum,
817 4592 960 4634 anas
1009 4564 1077 4652 [ἡ
1111 4569 1356 4651 νῆσσα]
1393 4581 1564 4633 anate
1596 4580 1862 4641 anatum,
1897 4591 2022 4631 mas
2051 4589 2213 4630 mare
2246 4588 2506 4642 marum,
2553 4587 2617 4628 as
2666 4560 2734 4647 [ἡ
2770 4565 2991 4646 λίτρα]

564 4726 626 4776 14
665 4741 938 4778 ερειιιιιτοε
974 4728 1024 4777 Β
1169 4724 1232 4777 15
1269 4727 1398 4774 siser
1431 4732 1729 4789 expunctum
1764 4732 1840 4774 est
1873 4726 1924 4773 in
1960 4723 2011 4772 B
2155 4722 2223 4773 23
2255 4732 2309 4770 ut
2360 4720 2514 4788 videt]
2567 4722 2724 4784 Vera.
2757 4720 2886 4770 Aen.
2928 4719 2996 4767 Vl

420 4794 520 4845 684
663 4798 725 4846 41
765 4788 800 4864 ἡ
838 4792 1044 4862 νῆσσα]
1085 4810 1282 4846 munera
1319 4796 1369 4845 B
