3541 5564
1497 374 1843 435 ADDENDA
2823 372 2972 435 683

381 569 461 623 33,
494 567 550 613 11
580 560 912 630 penultimae]
938 567 971 613 t.
999 578 1028 611 a
1058 561 1337 627 penultima

496 634 559 681 14
583 632 700 694 quia
728 647 827 681 non
856 632 952 679 nisi
980 632 1029 679 in
1057 631 1219 679 tribus
2092 645 2109 669 s

495 702 557 750 18
582 701 846 765 peregriua
872 699 1074 747 nomina
1101 708 1151 747 et
1176 713 1305 760 quae
1329 708 1450 747 suut
1474 698 1690 746 barbara

494 771 556 819 19
581 776 820 817 accentus
845 778 1009 816 certos
1035 766 1221 815 habere
1247 780 1345 815 non
1374 775 1613 831 possunt,
1640 774 1695 814 ut
1720 764 1850 813 heus
1876 765 1971 813 lieu

491 839 556 887 22
582 845 822 885 accentus
848 836 954 884 sive
981 843 1181 883 tenores

492 907 556 955 29
583 915 636 953 ut
662 919 799 968 ergo,
829 918 891 951 ne
914 903 1203 952 coniunctio
1228 901 1565 967 intellegatur,
1594 915 1724 964 quae
1750 898 1766 925 ‘
1783 904 1967 949 causa'
1996 899 2263 965 significat,
2301 903 2351 950 in
2379 902 2557 950 ultima
2581 903 2963 951 circumflexum

585 973 778 1038 recipit,
808 981 860 1019 ut
885 985 1035 1037 pone,
1062 972 1174 1020 ideo
1203 986 1265 1019 ne
1291 970 1497 1018 verbum
1523 980 1729 1035 putetur
1755 969 2040 1034 imperativi
2069 970 2223 1032 modi,
2251 972 2299 1017 in
2329 970 2508 1019 ultima
2532 971 2841 1035 producatur

494 1043 555 1091 31
584 1041 942 1090 circumflexus
968 1040 1150 1104 longus
1180 1038 1346 1087 brevis

383 1128 465 1186 34,
494 1126 557 1175 16
581 1125 877 1175 adverbium
906 1139 1037 1186 quae
1061 1138 1178 1189 pars
1205 1124 1314 1173 sine
1342 1125 1495 1172 verbo
1523 1137 1623 1171 non
1651 1123 1871 1187 ponitur,
1901 1124 2218 1189 participium
2249 1125 2539 1173 nominibus
2565 1140 2677 1172 cum
2706 1135 2847 1189 parte
2877 1140 2962 1174 uo-

585 1194 735 1242 minis
770 1202 819 1242 et
854 1195 993 1242 verbi
1027 1193 1375 1257 coniungitur3
1417 1191 1636 1240 nominis
1665 1201 1713 1239 et
1740 1191 1876 1239 verbi
1906 1193 2108 1256 ponitur
2133 1192 2435 1254 coniunctio,
2462 1193 2773 1258 praepositio
2797 1202 2964 1241 autem

586 1263 777 1310 nomini
803 1262 1130 1327 praeponitur
1155 1271 1204 1308 et
1231 1262 1381 1309 verbo

495 1333 561 1382 30
587 1330 855 1380 multorum
893 1328 1223 1379 vocabulum:
1264 1327 1464 1381 {intimet
1489 1343 1653 1376 rerum
1683 1328 1884 1377 uomina
1911 1328 2129 1393 propria,
2167 1328 2416 1391 siquidem
2443 1329 2556 1379 dico
2584 1329 2745 1377 Roma
2769 1329 2966 1379 Tiberis

383 1401 468 1463 35,
496 1402 524 1449 7
584 1397 885 1463 cognomina
909 1397 1146 1457 familiae,
1171 1396 1443 1461 agnomina
1471 1396 1667 1445 virtutis

499 1469 557 1516 11
590 1482 705 1514 ecce
729 1466 880 1516 modo
907 1480 1088 1514 nomen
1116 1479 1418 1528 cognomen,
1445 1464 1593 1513 modo
1621 1477 1900 1527 cognomen
1931 1479 2114 1513 nomen
2142 1465 2272 1513 dixit

499 1538 562 1584 14
586 1550 747 1595 aeque
775 1534 1006 1583 videntur
1032 1548 1147 1583 esse
1172 1532 1488 1598 principalia,
1512 1546 1674 1593 aeque
1700 1531 2000 1580 diminutiva

504 1605 565 1651 19
589 1603 662 1651 sic
689 1602 815 1651 Dido
842 1602 931 1651 sed
960 1600 1085 1650 lianc
1112 1600 1240 1649 Dido

499 1674 563 1720 26
589 1670 706 1718 huie
740 1671 915 1719 botruo
942 1668 1077 1717 hunc
1104 1671 1337 1718 botrnum
1364 1682 1393 1716 o
1421 1668 1599 1716 botruo
1626 1669 1689 1716 ab
1718 1667 1812 1718 lioc
1837 1668 2082 1718 botruoue.

499 1742 564 1789 29
590 1748 644 1787 ut
668 1739 851 1804 Apollo
889 1752 979 1802 pro
1008 1736 1223 1802 Apollon
1251 1763 1313 1771 —
1342 1738 1708 1800 Agamemnon.
1759 1746 1880 1785 sunt
1915 1737 2015 1785 alia
2040 1735 2368 1801 homonyma:
2407 1752 2563 1785 unum
2591 1737 2747 1787 multa
2771 1736 2965 1801 signin-

589 1815 720 1855 cant.
770 1805 1128 1869 homonymum

387 1876 468 1932 36,
496 1876 526 1923 2
589 1874 712 1923 haec
738 1874 1000 1937 utriusque
1025 1872 1379 1922 declinationis
1404 1873 1690 1923 flectuntur.
1736 1874 1994 1936 pertinent
2017 1873 2171 1922 verba
2195 1874 2268 1922 ad
2288 1874 2368 1931 35,
2396 1874 2461 1922 27
2499 1873 2684 1924 incubo
2715 1876 2890 1924 botruo

500 1944 532 1991 9
593 1952 644 1991 ut
670 1942 878 1993 Nerine:
907 1940 1076 1992 Peline
1102 1941 1276 1990 Atrine
1303 1939 1502 1999 Nerine,
1531 1949 1583 1989 ut
1608 1939 1794 1989 Nerine
1817 1941 2042 1993 Galatea.
2096 1952 2149 1990 ut
2174 1940 2377 1991 Galatea
2401 1941 2470 1990 ita
2498 1953 2546 1990 et
2572 1942 2729 1992 Nerea

497 2012 561 2060 18
587 2009 710 2059 haec
736 2012 913 2059 etiam:
950 2010 1193 2060 adiectiva

496 2080 562 2127 20
588 2078 716 2127 iuter
750 2077 958 2142 gentilia
997 2077 1198 2127 nomina
1235 2088 1283 2126 et
1316 2078 1510 2142 patriae
1548 2076 1749 2125 nomina
1788 2075 1884 2126 hoc
1920 2078 2133 2126 interest
2164 2103 2230 2114 —
2265 2078 2459 2143 patriae
2492 2087 2660 2128 autem
2704 2080 2906 2128 nomina
2940 2094 2968 2126 a

589 2148 875 2195 civitatibus

496 2215 561 2263 28
586 2209 845 2279 corrupta]
877 2216 909 2263 ἱ.
939 2222 1181 2279 usurpata

485 2284 551 2330 29
577 2283 639 2330 de
665 2282 834 2331 multis
860 2281 1090 2346 primum,
1132 2293 1185 2330 ut
1210 2281 1369 2346 prima
1395 2282 1579 2345 dactyli

496 2352 561 2398 32
588 2364 685 2399 uon
713 2351 777 2398 ad
804 2364 1091 2415 personam.
1139 2350 1392 2398 dexterior
1420 2350 1731 2402 sinisterior:
1763 2363 1862 2398 non
1890 2349 2113 2399 dextrior
2138 2351 2387 2400 sinistrior
2411 2352 2786 2417 comparativus
2813 2361 2888 2402 est

386 2420 469 2479 37,
500 2420 557 2466 11
588 2419 723 2467 unde
749 2418 1065 2475 descendant

496 2488 558 2534 12
586 2488 701 2548 quia
729 2486 783 2535 fit
807 2486 871 2535 de
897 2486 1051 2534 verbo
1089 2500 1214 2536 cano
1748 2532 1757 2547 ,

495 2556 562 2604 20
586 2555 806 2604 comedit
830 2566 878 2603 et
902 2554 1113 2603 comedo
1140 2569 1311 2603 comes
1337 2565 1545 2616 comest,
1576 2554 1704 2603 sicut
1733 2554 1826 2603 edo
1853 2570 1907 2602 es
1933 2563 2010 2603 est

496 2625 561 2673 25
588 2623 889 2688 deponentis
916 2623 1194 2687 imperativi
1220 2623 1510 2688 speculator

495 2693 560 2741 29
587 2692 740 2740 verba
767 2691 1100 2756 temporibus,
1128 2690 1394 2755 participia
1422 2692 1628 2739 casibus
1655 2699 1704 2738 et
1731 2690 2046 2754 temporibus

386 2759 467 2816 38,
494 2760 522 2808 7
583 2760 770 2809 nullam
798 2759 933 2808 enim
960 2758 1110 2809 babet

500 2829 560 2877 18
585 2829 705 2891 quia
731 2829 890 2892 ipsius
917 2836 1009 2882 est.
1057 2828 1311 2893 perfectus
1339 2825 1497 2890 (Don.
1529 2830 1645 2884 374,
1676 2827 1796 2890 26);
1825 2828 1961 2890 quod
1989 2838 2066 2877 est
2092 2838 2139 2876 et
2164 2843 2342 2877 nomeu

385 2913 467 2972 39,
498 2914 522 2960 1
587 2913 789 2962 dulcius
815 2928 995 2975 quam:
1027 2913 1173 2975 quasi
1200 2913 1265 2962 sit
1288 2911 1425 2962 aliud
1453 2927 1589 2961 mare
1615 2913 1780 2970 dulce,
1809 2926 1905 2961 nou
1934 2928 2026 2977 pro
2054 2912 2294 2974 dulciore,
2324 2915 2414 2963 scd
2439 2929 2532 2980 pro
2559 2916 2726 2965 miuus
2751 2931 2923 2965 amaro

500 2981 530 3028 2
591 2981 841 3030 seniorem
869 2981 947 3029 hic
973 2981 1103 3030 dixit
1129 2982 1295 3030 minus
1321 2996 1511 3041 senem,
1542 2996 1641 3031 non
1669 2981 1833 3047 magis
1861 2997 2034 3030 senem

507 3049 570 3096 14
595 3049 713 3110 quia
741 3049 802 3096 de
829 3049 1033 3097 muliere
1060 3050 1222 3112 magis
1249 3065 1378 3098 anus
1405 3049 1523 3097 facit

498 3116 563 3164 26
589 3131 769 3180 caepe:
797 3131 953 3182 caepe
978 3117 1028 3164 in
1056 3117 1301 3180 singulari
1330 3128 1558 3166 neutrum
1587 3126 1679 3178 est,
1718 3118 1767 3165 iu
1796 3117 1976 3183 plurali
2004 3116 2322 3176 femininum,
2359 3117 2454 3166 hoc
2482 3132 2635 3182 caepe
2660 3127 2709 3168 et
2732 3117 2826 3167 hae
2851 3135 2965 3168 cae·

591 3199 702 3248 pae.
751 3198 955 3248 porrum
986 3185 1034 3232 in
1062 3185 1304 3248 singulari
1335 3195 1581 3242 neutrum,
1607 3187 1657 3234 iu
1684 3185 1870 3250 plurali
1897 3185 2234 3235 masculinum
2262 3184 2309 3233 1ιί
2338 3185 2474 3251 porri

499 3251 563 3299 28
588 3250 668 3300 hic
695 3252 837 3300 iocus
865 3261 913 3300 et
936 3250 1060 3298 haec
1086 3253 1196 3299 ioca

383 3321 474 3383 40,
499 3321 530 3369 5
588 3319 745 3384 stirps
779 3319 1015 3368 adfinitas
1053 3319 1278 3367 seminini
1316 3319 1516 3383 generis
1552 3328 1645 3377 est,
1685 3328 1739 3368 ut
1777 3319 1901 3368 ‘heu
1930 3320 2140 3385 stirpem
2167 3321 2404 3381 invisam,
2429 3322 2579 3370 arbor
2603 3321 2886 3380 masculini,
2916 3334 2969 3370 ut

589 3388 697 3436 ‘sed
724 3413 784 3422 —
813 3384 1180 3448 sustulerant’3
1219 3387 1310 3436 sed
1354 3395 1401 3434 et
1443 3386 1674 3435 feminini
1715 3389 1917 3450 generis
1961 3400 2053 3448 est,
2092 3388 2327 3438 Horatius
2365 3388 2678 3453 ‘stirpesque
2714 3400 2886 3454 raptas
2919 3399 2968 3439 et

594 3471 752 3520 pecus
779 3465 825 3504 et
850 3453 1060 3504 domus’
2194 3487 2202 3510 ,

497 3524 558 3573 14
582 3523 665 3572 hio
690 3527 853 3588 panus
880 3522 1028 3572 liuius
1052 3518 1236 3586 panus]
1266 3525 1298 3571 1.
1328 3522 1409 3570 hic
1435 3537 1617 3573 manus
1643 3521 1795 3572 liuius
1822 3539 2001 3572 manus

384 3593 466 3649 41,
497 3594 523 3640 1
588 3593 753 3641 neutri
777 3593 987 3653 buxum,
1015 3601 1063 3638 et
1086 3601 1229 3639 torno

499 3662 531 3709 9
590 3659 794 3708 mobilia
819 3670 922 3708 tota
949 3673 1046 3708 uon
1077 3667 1194 3708 suut

495 3729 561 3776 28
587 3727 843 3777 declinari.
886 3739 971 3776 aut
999 3739 1226 3776 neutrum
1256 3726 1464 3776 latinum
1490 3727 1651 3787 (Don.
1681 3729 1800 3792 376,
1833 3726 1947 3793 14);
1986 3728 2103 3791 quia
2128 3743 2366 3792 graecum
2398 3743 2492 3777 non
2520 3729 2719 3777 iuvenis
2746 3746 2774 3777 e
2799 3732 2965 3778 termi-

590 3805 781 3854 natum,
811 3795 901 3844 sed
928 3795 1137 3844 latinum

384 3866 468 3922 43,
494 3864 559 3913 26
585 3863 649 3913 ab
674 3864 840 3927 aliquo
870 3864 1110 3928 praeponi

384 3933 467 3990 44,
494 3934 560 3982 23
586 3945 737 3982 casus
762 3931 954 3980 similes
980 3930 1226 3993 habuerit,
1253 3932 1496 3995 superflui
1528 3943 1911 3994 sequestrantur

494 4003 560 4050 30
584 3999 678 4049 hoc
704 4015 859 4050 cornu
885 3999 980 4049 hoc
1006 4014 1163 4049 cornu
1191 4014 1219 4049 o
1245 4014 1397 4048 cornu

382 4087 466 4143 45,
498 4088 559 4135 13
587 4093 636 4134 et
660 4085 899 4151 deinceps
928 4093 1125 4150 praeter
1149 4084 1303 4140 mille,
1330 4085 1644 4133 declinamus
1669 4093 1834 4134 autem
1865 4086 1911 4133 iu
1941 4086 2139 4150 plurali.
2182 4086 2314 4134 mille
2341 4100 2438 4133 non
2466 4094 2560 4138 etc.

383 4154 466 4216 46,
494 4156 558 4205 29
585 4167 729 4202 mons
754 4151 908 4215 (Dori.
935 4154 1053 4216 378,
1080 4150 1198 4214 25):
1237 4153 1310 4200 sic
1339 4163 1387 4199 et
1411 4152 1550 4201 frons

382 4224 464 4278 47,
492 4225 524 4270 9
586 4230 635 4269 et
657 4222 925 4270 Terentius
951 4222 1100 4270 domo
1128 4236 1208 4268 me
1233 4221 1418 4284 eripuit
1441 4222 1828 4284 transponenda
1850 4228 1961 4270 sunt
1986 4229 2103 4285 post
2131 4223 2193 4270 10
2217 4222 2480 4269 domorum

383 4292 469 4350 48,
495 4292 526 4340 7
587 4301 636 4337 et
670 4289 833 4338 simile
868 4304 1029 4352 genus
1056 4289 1221 4346 fuerit,
1260 4288 1308 4335 id
1335 4299 1411 4336 est
1436 4289 1544 4353 pari
1569 4289 1761 4351 syllaba
1789 4290 2056 4338 terminata
2082 4299 2130 4338 et
2155 4304 2306 4338 unum
2333 4305 2496 4352 genus
2523 4306 2584 4339 ex
2622 4306 2676 4339 se
2705 4291 2890 4339 saciant
2915 4302 2965 4339 et

587 4359 690 4407 sint
713 4357 1039 4422 appellativa,
1065 4356 1255 4406 similes
1282 4364 1402 4404 sunt
1427 4357 1738 4417 nominativi,
1770 4357 1837 4406 ita
1862 4372 2011 4420 pares
2039 4366 2086 4405 et
2110 4357 2318 4421 genitivi
2345 4356 2472 4404 flunt

502 4427 563 4474 14
589 4425 669 4474 hic
694 4425 823 4474 silex
850 4448 913 4460 --
940 4434 1088 4473 acuta
1112 4424 1241 4473 silex
1266 4427 1651 4488 transponenda
1674 4432 1793 4474 sunt
1812 4432 1932 4489 post
1957 4429 2041 4490 40,
2068 4428 2098 4474 2
2125 4425 2233 4473 sive
2259 4424 2500 4475 feminino

494 4496 560 4543 24
584 4504 672 4542 aut
696 4489 873 4558 currit]
901 4493 1130 4555 fortasse
1154 4492 1450 4541 auctoritate
1478 4501 1777 4558 usurpatum

383 4561 465 4617 49,
491 4563 554 4610 22
581 4564 697 4624 quia
726 4561 950 4625 fungitur
975 4560 1142 4609 officio
1170 4561 1385 4608 nominis
1411 4563 1687 4624 praemisso
1719 4562 1920 4611 nomine

387 4646 467 4702 50,
494 4647 525 4693 9
583 4645 822 4711 plurima]
851 4649 884 4697 l.
911 4645 1143 4710 plurium.
1174 4640 1424 4710 [sortasse
1461 4645 1599 4695 finita
1626 4659 1743 4695 sunt
1768 4646 1864 4696 tria
1889 4647 2166 4696 secundum
2205 4646 2483 4697 finitionem
2510 4662 2779 4712 personae,
2816 4656 2869 4696 ut
2893 4648 2962 4695 ait

588 4714 796 4772 Plinius,
822 4713 1018 4762 infinita
1044 4713 1277 4776 plurima,
1307 4728 1364 4777 eo
1390 4714 1523 4776 quod
1549 4715 1652 4763 siut
1675 4711 2001 4780 generaliter]

498 4781 559 4829 19
584 4792 702 4830 sunt
725 4782 824 4830 alia
848 4781 1056 4840 ordinis,
1085 4792 1139 4828 ut
1164 4792 1369 4842 quotus,
1397 4782 1495 4830 alia
1519 4783 1775 4843 qualitatis
1803 4795 1852 4832 et
1875 4793 2040 4832 cetera
2087 4823 2091 4832 .
2113 4795 2128 4810 Χ

500 4849 563 4897 22
589 4848 689 4899 duo
717 4851 816 4897 ista
841 4865 993 4899 unum
1019 4859 1138 4899 suut

2421 4933 2555 4998 44*
