3541 5564
1513 324 1987 387 COMMENTVM
2086 328 2099 335 “
2470 348 2481 359 ·
2909 317 3031 382 261

2666 442 2707 483 p.
2734 431 2911 471 369—‘11
2938 428 2986 470 L.

446 519 574 598 pria
620 523 679 577 et
724 514 904 577 utilia.
997 513 1248 593 legimus
1302 514 1523 574 formas
1577 511 1898 575 verborum
1953 530 2086 574 esse
2144 519 2449 592 quattuor,
2498 510 2899 573 meditativam
2944 511 3034 571 in-

447 618 771 680 choativam
827 617 1149 697 perfectam
1214 616 1723 697 frequentativam.
1814 614 2203 675 inchoativam
2262 614 2514 675 sormam
2573 613 2655 675 ait
2707 631 2857 692 quae
2912 629 3033 673 non

443 718 626 781 habet
668 719 978 800 participia
1023 717 1144 779 ulla
1189 719 1304 778 nisi
1348 719 1712 798 praesentia,
1763 724 1829 778 ut
1859 724 1951 777 est
1979 716 2284 778 calescens
2324 717 2659 777 fervescens
2702 723 3030 795 tepescens,

442 822 557 883 hoc
604 829 694 883 est
736 830 802 882 ut
845 837 1132 901 praesens
1173 826 1407 881 tantum
1453 818 1669 882 habeat
1714 826 1774 879 et
1822 820 2209 899 praeteritum
2257 836 2376 878 non
2422 815 2654 879 habeat.
2741 816 3031 877 inchoati-

390 947 416 986 s
445 944 577 985 vum
624 924 849 985 dictum
906 929 998 985 est
1051 921 1126 984 ab
1185 942 1284 993 eo,
1344 922 1501 1002 quod
1546 941 1654 1003 per
1711 923 1903 1002 ipsum
1951 920 2320 982 inchoemus,
2411 938 2587 981 omne
2630 928 2827 981 autem
2873 917 3032 998 quod

438 1026 787 1089 inchoamus
854 1034 913 1086 et
965 1043 1248 1105 praesens
1306 1022 1530 1085 habere
1574 1031 1799 1104 potest,
1859 1020 1973 1103 et'l
2020 1025 2409 1104 praeteritum
2455 1041 2574 1083 non
2620 1021 2863 1082 habere.
2950 1022 3030 1081 ita

439 1131 504 1190 fit
547 1137 610 1189 ut
653 1128 967 1208 participio
1012 1128 1314 1207 praesenti
1362 1135 1588 1189 tantum
1634 1127 1849 1197 utariS,
1897 1126 2220 1206 praeterito
2266 1143 2605 1206 numquam.
2695 1142 2838 1204 ergo
2885 1123 3028 1184 dici·

438 1249 572 1293 mus
616 1232 956 1292 fervescens
1001 1228 1306 1290 calescens
1348 1237 1682 1309 tepescens.
1753 1235 1842 1289 est
1887 1229 2061 1288 etiam
2107 1227 2219 1289 alia
2263 1227 2444 1297 ratio,
2493 1245 2604 1307 qua
2650 1245 2769 1287 non
2815 1224 3030 1286 habeat

437 1342 674 1413 tempus
731 1333 1153 1412 praeteritum:
1223 1350 1400 1393 omne
1465 1331 1843 1411 participium
1902 1348 1936 1391 a
1990 1331 2312 1410 praeterito
2368 1330 2613 1391 veniens
2671 1335 2938 1410 tempore
2995 1348 3026 1389 a

363 1456 412 1494 ιο
437 1436 706 1516 perfecto
753 1432 1091 1502 descendit,
1138 1440 1279 1513 puta
1323 1434 1580 1513 scriptus
1609 1452 1739 1495 sum
1774 1451 1937 1493 eram
1981 1432 2085 1503 fui,
2132 1431 2321 1494 lectus
2364 1451 2494 1493 sum
2540 1450 2702 1494 eram
2748 1432 2862 1498 sui:
2908 1438 3043 1492 non‘

435 1555 746 1617 possumus
800 1533 1103 1596 declinare
1160 1537 1274 1597 nisi
1330 1554 1440 1616 per
1492 1536 1872 1616 participium
1928 1535 2234 1613 praeteriti
2293 1535 2599 1614 temporis,
2690 1533 2897 1612 legens
2964 1535 3025 1594 in

432 1647 704 1720 tempore
758 1639 1082 1718 praeterito
1138 1656 1259 1699 non
1313 1638 1632 1699 invenitur.
1720 1638 1772 1698 si
1828 1654 1971 1715 ergo
2030 1636 2234 1715 legens
2277 1638 2339 1697 in
2386 1643 2658 1716 tempore
2700 1637 3024 1715 praeterito

432 1760 552 1803 non
605 1741 933 1810 invenitur,
991 1759 1104 1801 nec
1157 1739 1307 1801 illud
1361 1739 1518 1819 quod
1575 1740 1837 1800 nascitur
1896 1738 1970 1800 de
2037 1737 2409 1818 temporibus
2462 1738 2801 1819 praeteritis
2845 1735 3061 1827 debet¹

431 1843 655 1905 habere
699 1844 1109 1924 praeteritum,
1156 1841 1216 1903 id
1263 1849 1354 1903 est
1396 1859 1508 1903 nec
1537 1842 1917 1921 participium
1950 1839 2128 1901 debet
2173 1839 2395 1902 habere
2438 1842 2827 1920 praeteritum
2872 1846 3021 1901 tem-

356 1965 407 2007 15
430 1964 569 2026 pus,
637 1946 916 2025 quoniam
983 1943 1123 2004 inde
1189 1945 1478 2022 originem
1545 1942 1723 2005 ducit.
1814 1960 1959 2022 ergo
2026 1961 2208 2005 unum
2275 1950 2367 2004 est
2419 1960 2707 2024 praesens
2774 1949 3018 2012 tantum,

431 2046 731 2109 calescens
775 2048 1115 2108 fervescens
1157 2053 1474 2127 tepescens
1519 2053 1578 2106 et
1619 2043 1853 2106 similia.

597 2146 1005 2229 Inpersonalia
1050 2147 1230 2209 verba
1276 2155 1419 2228 quot
1462 2146 1684 2210 habent
1726 2147 2077 2227 participia?
2133 2147 2302 2218 dicit,
2350 2165 2470 2207 non
2516 2146 2735 2208 debent
2779 2145 3019 2219 habere,
3044 2161 3164 2222 440,
3191 2162 3257 2211 25

429 2252 548 2313 nisi
601 2251 758 2312 forte
813 2250 1209 2330 usurpaveris.
1300 2252 1351 2311 si
1408 2247 1666 2310 volueris
1722 2267 2046 2329 usurpare,
2095 2256 2237 2310 tunc
2279 2258 2529 2331 possunt
2570 2248 2793 2310 habere
2836 2250 3018 2329 pai-ti-

427 2353 608 2432 cipia‚
668 2359 734 2412 ut
775 2352 826 2412 si
871 2350 1037 2412 dicas
1081 2351 1390 2431 paenitens
1447 2350 1521 2412 ab
1579 2370 1649 2412 eo
1695 2351 1852 2431 quod
1900 2360 1990 2412 est
2031 2353 2296 2431 paenitet
2338 2371 2434 2413 me
2478 2360 2537 2412 te
2581 2350 2778 2423 illum,
2823 2350 3018 2412 libens

350 2477 401 2517 ao
428 2443 618 2515 ab'eo
663 2452 821 2534 quod
876 2460 968 2514 est
1009 2451 1155 2513 libet
1201 2472 1294 2514 me
1339 2460 1397 2514 te
1441 2452 1633 2514 illum.
1722 2460 1789 2514 ut
1840 2454 2209 2513 inveniamus
2262 2454 2602 2534 participia,
2651 2454 2821 2525 dicit,
2868 2453 3018 2514 haec

426 2558 526 2635 qui
569 2557 838 2636 posuerit
878 2555 1209 2636 usurpabit.
1299 2574 1413 2636 qua
1459 2556 1728 2617 ratione?
1797 2573 1975 2616 omne
2029 2557 2408 2635 participium
2454 2554 2632 2618 habet
2672 2574 3011 2636 personam.

423 2660 473 2720 si
538 2656 636 2719 illa
702 2657 883 2719 verba
945 2656 1345 2738 inpersonalia
1402 2665 1569 2728 sunt,
1628 2674 1744 2736 quo
1800 2657 1978 2718 modo
2034 2667 2288 2737 possunt
2345 2659 2541 2720 facere
2596 2654 3011 2741 partilcipium,

424 2759 584 2842 quod
627 2761 1009 2841 participium
1063 2778 1300 2841 semper
1353 2778 1388 2821 a
1440 2776 1698 2841 persona
1754 2759 1918 2822 ducit
1961 2761 2294 2840 originem?
2351 2760 2587 2840 quando
2632 2760 2764 2822 dico
2809 2777 3014 2823 amans

425 2883 564 2943 ego,
622 2881 827 2925 amans
882 2871 974 2933 tu,
1034 2881 1238 2924 amans
1294 2861 1424 2933 ille,
1487 2865 1690 2943 utique
1745 2864 1936 2924 currit
1990 2882 2098 2944 per
2155 2883 2361 2926 omnes
2416 2883 2731 2946 personas,
2794 2880 2904 2941 ego
2948 2870 3013 2924 tu

347 2989 399 3029 25
422 2964 543 3028 ille.
633 2968 684 3026 si
735 2963 880 3026 illud
938 2962 1180 3025 verbum
1236 2963 1615 3045 inpersonale
1672 2973 1788 3037 est,
1856 2984 1970 3046 quo
2031 2945 2209 3027 rhodo
2265 2973 2462 3046 potest
2503 2966 2727 3027 habere
2771 2966 3010 3045 partici-

420 3070 619 3150 pium,
667 3066 826 3148 quod
872 3066 1030 3146 capit
1071 3068 1394 3146 personas?

590 3170 741 3231 Sunt
783 3167 964 3229 verba
1010 3168 1327 3242 defectiva.
1418 3170 1532 3231 tria
1577 3168 1846 3231 dicturus
1892 3179 2014 3231 est:
2078 3178 2218 3230 sunt
2273 3169 2453 3231 verba
2507 3169 2792 3231 defectiva
2856 3189 3009 3251 quae
3034 3186 3151 3246 440,
3178 3188 3241 3236 34

421 3290 543 3334 non
588 3271 870 3333 deficiunt
911 3272 974 3331 in
1019 3270 1374 3350 participiiS,
1421 3270 1481 3332 in
1525 3270 1709 3333 verbo
1755 3278 1953 3333 tamen
1999 3270 2311 3342 deficiunt;
2366 3279 2504 3333 sunt
2544 3289 2699 3349 quae
2740 3291 2862 3335 non
2905 3274 3006 3334 de-

414 3378 624 3446 ficiunt
664 3376 729 3435 in
772 3374 966 3442 verbo,
1012 3375 1076 3432 in
1098 3375 1443 3451 participiis
1470 3384 1664 3435 tamen
1707 3374 2025 3446 deficiun1;
2067 3382 2213 3435 sunt·
2232 3392 2389 3451 quae
2417 3375 2700 3448 deficiunt
2726 3378 2789 3436 in
2833 3376 3010 3437 verbo

343 3485 477 3540 acet
529 3476 811 3538 deficiunt
866 3476 930 3536 in
989 3476 1333 3555 participiis.
1422 3477 1651 3538 invenis
1712 3474 1961 3537 verbum
2038 3476 2196 3555 quod
2264 3485 2323 3538 et
2387 3477 2589 3556 ipsum
2641 3477 2901 3546 deficiat,
2950 3486 3009 3537 et

418 3580 799 3659 participium
846 3595 965 3639 non
1010 3576 1272 3648 deficiat;
1319 3586 1422 3639 aut
1468 3597 1501 3639 e
1547 3580 1847 3640 contrario
1892 3580 2116 3640 invenis
2160 3582 2537 3659 participium
2595 3578 2756 3658 quod
2808 3580 3002 3658 ipsum

418 3680 682 3751 deficiat,
730 3680 834 3741 sed
879 3679 1126 3741 verbum
1172 3698 1293 3741 non
1338 3680 1598 3749 deficiat;
1656 3688 1757 3742 aut
1799 3681 2047 3743 verbum
2092 3681 2251 3760 quod
2296 3690 2358 3743 et
2398 3683 2592 3762 ipsum
2639 3680 2898 3751 deficiat,
2948 3689 3008 3741 et

416 3783 796 3864 participium
839 3781 1090 3843 deficiat.
1176 3789 1318 3862 puta
1364 3783 1636 3844 memini:
1704 3784 1949 3845 memini
1995 3792 2054 3846 et
2098 3782 2345 3845 verbum
2403 3793 2493 3845 est
2549 3783 2900 3845 defectivum
2946 3791 3006 3844 et

417 3886 793 3965 participium
841 3902 962 3945 non
1008 3882 1214 3954 habet;
1262 3902 1437 3946 nemo
1482 3884 1627 3946 dicit
1667 3886 2009 3947 meminitus
2054 3888 2344 3948 meminiti
2387 3887 2690 3948 meminito
2729 3886 3001 3946 memini·

342 4010 393 4052 85
418 3994 543 4048 tum
587 3993 690 4046 aut
730 3988 934 4048 nescio
980 4004 1093 4064 qua
1137 3986 1267 4049 alia.
1359 4005 1501 4067 ergo
1558 4005 1696 4048 ecce
1753 3986 1938 4049 habes
1994 3987 2242 4049 verbum
2299 3999 2360 4050 et
2411 3990 2607 4069 ipsum
2651 3987 3001 4049 defectivum

419 4095 472 4148 et
519 4087 915 4169 participium.
1009 4088 1080 4149 da
1125 4087 1371 4150 verbum
1395 4087 1801 4178 ¹defectivum,
1847 4090 1953 4152 sed
1996 4091 2304 4171 participia
2351 4109 2471 4151 non
2517 4090 2821 4152 defectiva.
2912 4097 3003 4150 est

418 4189 556 4258 odit,
602 4189 702 4252 odi
745 4191 1015 4251 novimus
1062 4191 1341 4271 quoniam
1388 4192 1741 4253 defectivum
1786 4191 2033 4254 verbum
2079 4201 2197 4263 est;
2244 4192 2619 4273 participium
2650 4200 2846 4254 tamen
2880 4210 3001 4254 non

551 4414 586 4462 4
619 4411 831 4462 haberet
865 4422 916 4463 et
945 4415 1274 4478 praeteritum
1309 4428 1408 4463 non
1446 4413 1654 4463 haberet
1689 4413 1858 4464 ABG
1971 4412 2007 4462 8
2035 4428 2136 4475 qua
2173 4427 2275 4463 non
2313 4413 2424 4462 AB
2455 4428 2586 4476 quae
2624 4429 2724 4466 non
2768 4411 2891 4464 Ga*

417 4481 482 4533 13
520 4482 668 4532 debet
703 4481 894 4533 habere
930 4497 1174 4550 praesens
1208 4483 1260 4533 id
1291 4492 1369 4534 est
1405 4498 1500 4533 nec
1537 4484 1863 4549 participium
1911 4483 2061 4533 debet
2092 4482 2283 4533 habere
2320 4498 2564 4548 praesens
2599 4493 2802 4548 tempus
2839 4484 3004 4533 ABG

555 4551 621 4602 16
649 4549 936 4618 tepescens]
980 4562 1275 4619 torpescens
1315 4553 1425 4603 AB
1592 4552 1658 4604 18
1696 4555 1796 4603 nisi
1836 4553 1966 4605 forte
2002 4570 2037 4603 a
2072 4554 2171 4604 nisi
2210 4554 2306 4603 nisi
2347 4554 2475 4604 forte
2516 4554 2564 4604 B
2598 4555 2651 4603 ni
2685 4554 2814 4603 forte
2850 4553 2892 4604 G
2934 4568 2998 4602 ne

415 4621 547 4672 rorte
580 4621 630 4670 A
769 4623 833 4672 21
873 4624 1142 4689 usurpabit
1182 4622 1325 4674 AGb
1362 4624 1628 4689 usurpauit
1660 4623 1787 4673 Ba*
1925 4624 1994 4673 27
2033 4632 2152 4674 sunt
2188 4625 2343 4673 uerba
2378 4624 2474 4674 tria
2510 4624 2738 4692 dicturus
2774 4633 2851 4673 est
2880 4633 2999 4673 sunt

415 4690 574 4740 uerba
610 4689 862 4742 derectius
896 4707 1027 4756 quae
1056 4708 1157 4742 non
1195 4692 1435 4743 deficiunt
1468 4693 1521 4742 in
1553 4694 1839 4759 participiis
1877 4694 1928 4742 in
1965 4694 2123 4743 uerbo
2151 4702 2317 4743 tamen
2352 4690 2429 4756 (in
2458 4695 2613 4744 uerba
2637 4709 2738 4745 non
2764 4696 2833 4754 A,
2856 4709 2996 4744 corr.

414 4761 468 4809 in
505 4759 664 4810 uerba
699 4770 866 4811 tamen
904 4761 980 4825 B)
1014 4763 1251 4812 deficiunt
1286 4778 1415 4826 quae
1454 4762 1696 4813 deficiunt
1731 4765 1784 4812 in
1824 4763 2102 4829 participiis
2141 4763 2344 4813 iuuenis
2377 4764 2543 4815 ABG
2666 4764 2734 4815 32
2765 4771 2851 4813 aut
2884 4779 2995 4812 ver-

415 4827 556 4897 bum]
599 4839 721 4897 puta
746 4833 955 4882 uerbum
984 4833 1151 4884 ABG
1244 4844 1293 4884 et
1328 4834 1465 4898 quod
1504 4834 1674 4900 ipsum
1700 4834 1751 4884 A
1848 4833 1915 4886 35
1951 4833 2051 4887 alia
2088 4848 2225 4886 corr.
2260 4835 2381 4884 talia
2405 4835 2454 4888 B
2542 4834 2611 4889 36
2648 4843 2701 4883 ut
2736 4844 2813 4885 est
2849 4834 2934 4886 odi
2958 4835 3000 4888 C
