3541 5564
592 397 718 463 574
1454 398 1552 459 DE
1598 398 1841 458 DVBIIS
1889 396 2299 459 NOMlNlBVS

757 589 966 667 Cyma,
1015 589 1116 648 alii
1161 605 1419 667 cymam,
1481 594 1543 645 ut
1589 585 1934 645 Volumnius
1980 586 2324 646 ‘stridentis
2368 585 2605 644 dabitur
2650 584 2863 663 patella
2909 588 3165 662 cymae'.

758 688 1047 769 Capillum
1094 690 1320 768 antiqui
1369 686 1779 764 singulariter,
1828 687 1980 747 sicut
2040 686 2317 757 harbam;
2364 687 2466 748 sed
2514 704 2669 746 nunc
2713 686 3054 766 pluraliter,
3105 693 3169 745 ιιι.

590 792 874 869 Virgilius
921 787 1013 868 (A.
1064 791 1113 851 Χ
1159 786 1302 868 832)
1353 791 1654 868 ‘comptos
1699 808 1772 850 ex
1817 808 1983 850 more
2028 789 2331 869 capillos’.

758 892 989 954 Canalis
1035 893 1273 969 generis
1329 890 1670 960 masculini,
1732 889 1855 971 [ut]
1920 892 2018 952 bic
2063 890 2286 952 canalis
2331 897 2391 950 et
2435 889 2494 949 hi
2542 889 2806 959 canales,
2855 897 2920 950 ut
2965 891 3169 950 Avitus

592 993 656 1071 (V
705 990 844 1074 135)
895 996 994 1054 ‘in
1039 993 1373 1053 ¹extremum
1417 1000 1655 1053 certans
1701 1012 1940 1054 manare
1986 993 2247 1054 canalem
2267 997 2305 1051 ’.

759 1097 1037 1158 Caminus
1081 1097 1322 1172 generis
1368 1094 1712 1165 masculini,
1762 1097 1916 1156 sicut
1960 1094 2146 1155 Pollio
2191 1094 2449 1154 Asinius,

759 1199 988 1260 Calcem
1034 1197 1291 1258 hominis
1337 1205 1437 1258 aut
1482 1198 1730 1258 iumenti
1779 1198 2067 1257 feminino
2111 1213 2332 1273 genere
2379 1195 2726 1264 dicendum,
2776 1202 2839 1254 ut
2881 1195 3168 1272 Virgilius

593 1297 685 1376 (Α.
721 1295 973 1379 x1714)
1027 1300 1282 1360 ‘serrata
1330 1300 1488 1360 calce
1534 1300 1811 1375 fatigat’;
1858 1299 2038 1359 calcis
2082 1316 2221 1358 vero
2267 1297 2667 1357 aedificiorum
2714 1298 2952 1374 generis
2997 1298 3165 1356 femi-

591 1403 750 1470 nini,
808 1403 978 1462 cuius
1033 1403 1432 1461 nominativus
1489 1402 1608 1461 cals
1654 1418 1763 1480 per
1808 1420 1836 1460 s
1883 1401 2178 1469 litteram,
2238 1418 2354 1459 non
2398 1417 2507 1478 per
2552 1418 2626 1468 x,
2674 1407 2739 1459 ut
2784 1398 2966 1458 Varro
3011 1398 3170 1458 ‘cais

592 1505 948 1564 circumfusa
996 1505 1196 1582 aqua’.
3198 1517 3252 1556 ιο

769 1604 992 1665 Corbes
1037 1606 1278 1681 generis
1323 1606 1628 1675 seminini,
1677 1613 1740 1665 ut
1787 1605 1929 1665 Cato
1975 1603 2220 1664 ‘corbes
2265 1604 2639 1664 messorias’.

761 1706 1037 1768 Cubitum
1085 1708 1354 1785 corporis
1397 1708 1639 1784 generis
1683 1706 2017 1776 masculini,
2064 1724 2377 1767 mensurae
2424 1714 2619 1766 autem
2665 1706 2905 1782 generis
2951 1706 3170 1764 neutri.

765 1809 959 1869 Cornu
1008 1807 1173 1868 bovis
1217 1810 1456 1886 generis
1502 1810 1719 1869 neutri.
1811 1808 1914 1868 sed
1959 1816 2048 1868 est
2094 1806 2271 1868 arbor
2316 1826 2563 1877 cornus,
2610 1807 2681 1866 do
2727 1826 2840 1886 qua
2885 1805 3172 1883 Virgilius

595 1907 672 1986 (y.
720 1905 959 1990 11447)
1018 1911 1112 1970 ‘et
1168 1909 1321 1971 bona
1377 1909 1533 1971 hello
1590 1915 1865 1980 cornus',
1926 1911 2095 1970 cuius
2152 1911 2410 1970 fructum
2467 1927 2746 1976 cornum,
2803 1916 2868 1968 ut
2913 1926 3169 1986 pomum,

594 2018 653 2071 et
697 2029 906 2080 corna,
954 2019 1019 2072 ut
1063 2011 1220 2072 idem
1266 2012 1548 2089 Virgilius
1597 2009 1689 2090 (Α.
1734 2011 1811 2072 Ill
1858 2007 2002 2092 649)
2052 2011 2470 2091 ‘lapidosaque
2515 2012 2753 2071 corna'.
3200 2030 3253 2067 ιε,

763 2113 1095 2192 Compitum
1169 2116 1409 2191 generis
1483 2117 1680 2175 neutri
1755 2122 1815 2173 et
1897 2113 2214 2193 pluraliter
2298 2114 2589 2193 compita,
2679 2120 2739 2172 ut
2813 2112 3175 2172 Prudentius

594 2212 829 2291 (apoth.
880 2210 938 2294 7)
987 2219 1141 2274 ‘tam
1189 2216 1370 2278 multa
1417 2224 1667 2293 surgunt
1712 2215 2072 2296 perfidorum
2119 2215 2437 2294 compita’.

765 2315 1120 2396 Crepundia.
1212 2318 1408 2378 Cunae
1466 2335 1673 2378 recens
1727 2326 1998 2379 natorum
2055 2316 2423 2392 habitacula,
2472 2326 2535 2378 ut
2581 2316 2940 2378 Prudentius
2990 2313 3171 2394 (cath.

598 2416 693 2489 11,
741 2413 842 2499 97)
890 2419 1082 2479 ‘hunc
1126 2438 1302 2498 quem
1347 2419 1573 2480 latebra
1619 2420 1928 2481 cunulae'.

763 2520 1012 2589 Cavum,
1070 2522 1122 2580 si
1181 2539 1289 2599 per
1347 2540 1409 2580 se
1456 2522 1648 2592 dicas,
1695 2524 1934 2600 generis
1979 2523 2176 2582 neutri
2222 2528 2344 2593 cst;
2389 2538 2580 2582 cavae
2622 2539 2907 2581 cavernae
2958 2519 3173 2598 (Vera.
3203 2540 3260 2578 eo

597 2621 744 2681 Aen.
790 2619 837 2680 ll
884 2617 998 2702 52)
1059 2628 1253 2682 autem
1309 2626 1548 2699 generis
1601 2626 1875 2685 seminini
1932 2623 2308 2692 scribuntur,
2370 2630 2434 2683 ut
2490 2625 2615 2683 cavi
2661 2624 2950 2702 parietes,
2997 2640 3175 2681 cavae

597 2721 940 2802 speluncae,
1001 2723 1228 2803 amplae
1286 2742 1594 2787 cavernae.
1685 2727 2003 2788 notandum
2051 2724 2208 2807 quod
2263 2727 2526 2806 parietes
2582 2744 2803 2803 genere
2849 2724 3177 2787 masculino

598 2825 896 2885 dixerunt.

767 2925 1007 3005 Clipeus
1061 2932 1301 3004 generis
1358 2931 1700 3001 masculini,
1758 2940 1825 2992 ut
1867 2930 2097 2991 Ennius
2152 2931 2406 2992 ‘cecidit
2448 2931 2742 3011 clipeus’;
2788 2938 2849 2990 et
2893 2930 3179 3007 Virgilius

600 3024 691 3104 (A.
726 3026 823 3086 Vll
858 3023 998 3108 186)
1045 3029 1357 3108 pluraliter
1403 3032 1786 3113 ‘spiculaque
1833 3033 2164 3112 clipeique’
2211 3033 2394 3103 dixin
2441 3040 2502 3092 et
2532 3032 2889 3113 Pomponius
2933 3034 3177 3109 generis
3205 3051 3262 3089 εἰ»

599 3131 797 3189 neutri
845 3129 1137 3209 ‘clipeum
1184 3134 1246 3191 in
1290 3133 1486 3194 medio
1529 3136 1708 3195 fixum
1755 3139 1912 3205 est',
1961 3135 2064 3195 sed
2112 3152 2226 3194 non
2274 3136 2587 3213 recipitur.

739 3351 765 3401 1
804 3365 948 3416 cyma
983 3352 1115 3403 Non.
1152 3353 1250 3404 195
1281 3354 1436 3408 Char.
1476 3356 1563 3417 56,
1595 3356 1628 3404 8
1806 3358 1838 3406 2
1871 3356 2111 3421 capillum
2143 3355 2294 3410 Char.
2332 3355 2448 3419 101,
2478 3354 2546 3403 20
2705 3358 2749 3407 6
2784 3356 3014 3405 cautinus
3044 3356 3173 3417 Cap.

597 3418 736 3470 2248
907 3420 936 3467 7
975 3420 1161 3471 calcem
1205 3424 1332 3472 Non.
1370 3424 1468 3477 199
1507 3427 1633 3490 Cap.
1672 3427 1810 3476 2242
1850 3427 2004 3478 Char.
2045 3428 2129 3489 92,
2166 3425 2228 3476 31
2269 3427 2427 3476 Proh.
2466 3426 2551 3488 20,
2590 3424 2669 3478 19.
2715 3424 2831 3486 128,
2869 3425 2935 3475 23
3114 3426 3174 3475 11

596 3491 775 3539 corbes
805 3490 936 3541 Nem.
973 3491 1069 3541 197
1102 3492 1226 3554 Cap.
1269 3494 1407 3543 2248
1582 3497 1647 3546 12
1694 3496 1913 3545 cubitum
1949 3498 2077 3546 Non.
2116 3496 2213 3546 201
2387 3495 2449 3545 13
2486 3510 2640 3543 cornu
2680 3495 2806 3558 Cap.
2845 3495 2982 3545 2248
3015 3495 3176 3547 Proh.

605 3561 723 3621 125,
766 3561 823 3609 11
860 3558 1006 3613 Serv.
1038 3565 1086 3611 in
1127 3564 1283 3627 Ver-9.
1326 3564 1452 3614 Aen.
1496 3565 1557 3614 111
1592 3569 1688 3622 223
1727 3564 1831 3615 649
1972 3568 2036 3615 24
2077 3566 2267 3631 clipeus
2304 3566 2455 3615 Char.
2498 3565 2580 3623 77,
2622 3566 2682 3616 14
2722 3565 2851 3615 Non.
2892 3562 2992 3615 196
3026 3563 3177 3614 Serv.

595 3632 646 3679 in
688 3628 845 3695 Ver-9.
885 3629 1013 3680 Aen.
1046 3632 1186 3681 Vllll
1224 3632 1326 3683 709

744 3839 768 3889 1
819 3838 976 3902 Cyma
1013 3840 1098 3887 alii
1138 3854 1330 3904 cymam
1384 3839 1606 3890 Clericus
1643 3840 1861 3890 Clemam
1913 3840 1998 3888 alii
2036 3839 2247 3888 ciemam
2289 3839 2410 3889 ML
2549 3838 2781 3887 stridenti
2821 3837 2939 3888 ML
3078 3839 3174 3888 cie-

595 3922 738 3956 meae
776 3908 836 3956 M
873 3908 1063 3957 elemee
1102 3910 1150 3958 L
1272 3908 1304 3959 3
1344 3918 1575 3973 comptus
1615 3926 1678 3959 ex
1716 3911 1846 3960 mole
1888 3908 2106 3973 capillus
2147 3908 2195 3956 L
2297 3909 2330 3959 6
2363 3908 2504 3973 pullo
2542 3908 2664 3957 ML
2806 3910 2835 3957 7
2874 3908 3089 3958 Calicem
3130 3912 3181 3959 J,

698 3976 733 4026 8
768 3978 924 4025 calice
964 3979 1006 4027 L
1115 3978 1248 4027 calix
1276 3993 1396 4028 uero
1428 3979 1491 4034 L.
1535 3979 1687 4028 calcis
1721 3981 2012 4031 nominativo
2038 3979 2215 4029 dictum
2238 3994 2349 4029 esse
2380 3978 2539 4029 tradit
2562 3977 2762 4027 Probus
2791 3980 2922 4032 cath.
2957 3978 3043 4035 20,
3084 3980 3182 4041 193

595 4048 701 4097 cala
739 4048 841 4097 dici
872 4049 1136 4096 voluerunt
1170 4050 1279 4110 alii,
1315 4057 1370 4098 ut
1395 4049 1564 4114 caper
1598 4051 1632 4102 Ι.
1661 4065 1707 4103 c.
1737 4050 1863 4101 haec
1898 4050 2212 4114 neyleyenter·
2232 4049 2554 4098 coniunxisse
2581 4048 2779 4098 videtur
2806 4053 3182 4113 mammetem.

594 4128 682 4168 αιιι
707 4118 1022 4167 scribendum
1048 4116 1233 4166 calcem
1274 4134 1391 4169 vero
1429 4120 1773 4170 aedificiorum
1811 4121 2017 4186 generis
2049 4120 2311 4168 masculini
2421 4118 2541 4170 sem.
2578 4132 2696 4183 gen.
2738 4121 2785 4169 L
2891 4118 2924 4167 9
2963 4120 3181 4168 litteram

593 4204 683 4236 om.
723 4189 766 4237 L
874 4188 938 4237 10
964 4188 1268 4236 circumfusa
1293 4189 1376 4251 ιιῆς
1405 4190 1468 4238 Μ
1489 4191 1672 4239 cirrum
1700 4189 1815 4239 sura
1841 4205 2023 4253 aquam
2053 4191 2099 4239 L
2210 4189 2269 4240 11
2300 4188 2571 4238 messories
2595 4189 2669 4237 L:
2708 4204 2832 4239 sane
2864 4188 2988 4237 haec
3012 4190 3185 4239 corbis

595 4257 868 4307 dicendum
897 4266 974 4307 eat
1005 4257 1245 4307 feminino
1272 4274 1459 4325 genere
1487 4261 1764 4309 secundum
1797 4260 2043 4319 Tullium,
2084 4260 2168 4323 qui
2198 4260 2267 4306 ait
2302 4259 2380 4321 (p.
2408 4257 2540 4309 Sese.
2565 4258 2652 4314 38,
2688 4257 2783 4321 82)
2821 4261 3099 4309 ‘messoria
3126 4276 3185 4309 se

599 4328 750 4375 corbe
788 4328 1045 4376 contexit'
1084 4326 1290 4379 Servius
1322 4331 1373 4379 in
1418 4332 1573 4394 Vero.
1605 4345 1782 4394 neor-9,
1818 4332 1832 4380 l
1876 4330 1973 4381 165
2101 4331 2164 4380 12
2202 4326 2391 4394 autem]
2435 4338 2520 4377 aut
2563 4328 2625 4377 M
2732 4328 2795 4379 13
2835 4330 2991 4378 boues
3026 4331 3075 4380 L

595 4398 659 4445 de
699 4411 798 4458 quo
828 4397 948 4446 ML
1081 4399 1142 4447 15
1182 4398 1379 4465 lapidos
1421 4409 1573 4463 atque
1609 4401 1770 4449 forma
1809 4401 1855 4449 L
1994 4399 2059 4450 18
2094 4399 2380 4463 Crepundia
2410 4428 2474 4437 —
2506 4397 2721 4447 cunulae
2748 4397 2971 4449 hocloco
2996 4401 3187 4450 omissa

594 4482 756 4529 supra
778 4466 898 4529 573,
919 4467 986 4519 26
1004 4476 1122 4518 ante
1141 4470 1314 4534 cuspis
1340 4469 1489 4521 habet
1516 4471 1580 4524 L.
1603 4470 1880 4535 crepundia
1906 4469 2269 4520 cunabulorum
2297 4470 2620 4535 crepitacula,
2642 4477 2695 4517 ut
2718 4469 3017 4517 Prudentius
3047 4467 3185 4520 bunc

599 4552 749 4599 quem
801 4536 989 4587 latebra
1028 4550 1077 4588 et
1113 4539 1357 4588 obstetrix
1395 4551 1444 4589 et
1483 4541 1626 4606 virga
1665 4540 1769 4590 seta
1808 4548 1856 4587 et
1906 4539 2089 4589 cunula
2128 4540 2351 4589 Clericus
2489 4549 2848 4588 cunenatorum
2891 4537 3181 4590 habitacula

599 4606 646 4653 L
684 4615 960 4656 cunenator
995 4608 1284 4658 habitacula
1322 4610 1386 4659 M
1558 4612 1624 4662 19
1657 4610 1839 4660 cimule
1876 4609 1926 4658 L
2088 4608 2157 4659 20
2192 4607 2259 4676 si]
2301 4626 2356 4659 se
2391 4610 2454 4659 M
2592 4623 2746 4658 cavae
2783 4624 2877 4662 om.
2917 4609 3040 4661 ML

596 4691 812 4726 cauerna
847 4685 1015 4727 autem
1055 4680 1103 4727 L
1241 4680 1300 4729 21
1348 4688 1402 4728 ut
1435 4696 1527 4733 om.
1568 4681 1616 4729 L
1756 4680 1825 4729 23
1860 4677 2116 4746 dixerunt]
2168 4678 2257 4728 dii
2297 4680 2361 4729 M
2513 4680 2578 4729 24
2614 4678 2837 4742 clypeus
2876 4679 2937 4727 M
3080 4681 3183 4730 En·

599 4743 735 4811 nius]
787 4747 856 4807 cs.
896 4748 1057 4801 Varr.
1094 4749 1158 4798 de
1195 4751 1230 4798 l.
1272 4751 1309 4798 l.
1345 4751 1437 4798 Vll
1474 4750 1541 4799 93
1584 4766 1639 4813 p.
1680 4750 1784 4801 369
1819 4751 1910 4812 Sp.
1952 4752 2085 4800 Eun.
2128 4758 2262 4815 trag).
2304 4752 2491 4814 fraym.
2540 4765 2585 4801 v.
2626 4750 2725 4797 207
2765 4750 2847 4798 ed.
2887 4750 3037 4804 Valet.

597 4813 907 4933 clypeusMM
1079 4818 1145 4867 25
1179 4827 1476 4883 sceptraque
1508 4819 1728 4886 (sceptra
1765 4837 1805 4883 ᾳ
1842 4820 1924 4881 Μ)
1972 4820 2120 4885 clipei
2157 4819 2283 4869 dixit
2314 4829 2362 4869 et
2398 4820 2667 4885 pompeius
2707 4817 2829 4869 ML
2968 4820 3036 4870 26
3075 4820 3186 4887 cly-

599 4898 748 4946 peum
2815 4924 2818 4927 ,
