3541 5564
1584 325 1725 387 ARS
2872 322 2957 385 39
3001 366 3004 369 π

2572 446 2613 486 p.
2647 434 2755 473 iso-1.
2783 434 2834 473 95
2861 431 2906 471 P.

362 536 530 578 mare
578 524 669 578 est
712 518 1043 577 communia
1089 533 1288 576 amara
1332 516 1466 576 sint.
1559 512 1788 575 dulcius
1833 531 2009 593 quarn
2056 532 2165 593 pro
2210 513 2414 593 dulci],
2463 516 2634 592 quasi
2677 516 2753 576 sit
2796 512 2952 575 aliud

361 639 529 681 mare
588 618 783 680 dulce.
843 652 926 662 ——
978 618 1063 677 Vt
1118 619 1255 678 iam
1312 619 1595 679 senior:
1675 619 1974 678 seniorem
2031 615 2128 677 hic
2182 618 2325 677 dixit
2370 614 2606 698 [magis]
2655 619 2949 686 iuvenem,
2979 624 3097 686 374,
3125 626 3184 673 31

358 741 479 783 non
524 723 716 800 magis
762 740 998 796 senem,
1046 723 1142 782 cui
1188 727 1275 781 est
1320 720 1520 781 viridis
1564 728 1857 781 senectuS.
1950 737 2093 798 ergo
2137 719 2235 780 hic
2280 721 2711 800 comparativus
2757 720 2954 779 minus

360 843 391 885 a
436 826 693 905 positivo
740 824 1048 902 significat.
1106 857 1190 867 —-
1246 824 1362 884 Ista
1418 825 1655 884 nomina
1703 822 2046 884 diminutiva
2093 831 2235 884 sunt
2278 830 2337 883 et
2381 822 2454 883 ab
2499 819 2952 902 inprudentibus
2977 831 3043 879 33

308 944 332 982 5
358 929 742 1008 conparativa
786 925 1234 1004 intelleguntur.
1325 944 1461 987 nam
1507 926 1965 1004 grandiusculus
2009 924 2422 986 diminutivum
2470 931 2588 994 est,
2646 942 2766 985 non
2811 942 2951 984 con-

357 1032 705 1110 parativum.
776 1062 859 1073 -
924 1030 1057 1089 Aut
1121 1027 1387 1106 magis:
1463 1031 1611 1090 istae
1676 1047 1886 1090 omnes
1953 1027 2276 1108 particulae
2343 1046 2453 1088 nec
2518 1024 2947 1107 comllparativo
2974 1035 3145 1096 375,1

356 1151 467 1193 nec
508 1135 877 1209 superlativo
920 1132 1269 1209 iunguntur,
1317 1132 1432 1191 nisi
1477 1128 1718 1210 tanttum
1763 1132 2044 1211 positivo:
2092 1131 2193 1210 qui
2226 1130 2621 1209 comparativo
2654 1137 2712 1189 et
2740 1146 2947 1206 super-

355 1234 533 1295 lativo
588 1234 844 1295 voluerit
896 1234 1173 1311 iungere,
1232 1234 1431 1293 vitium
1488 1234 1645 1294 sacit.
1694 1269 1776 1276 —
1823 1233 1955 1294 Non
2002 1232 2251 1293 ablativo
2297 1240 2553 1301 tantum,
2600 1231 2702 1292 sed
2752 1239 2809 1290 et
2854 1240 3003 1290 se-4

353 1340 543 1417 ptimo
588 1344 647 1397 et
691 1337 1050 1397 nominativo
1094 1334 1318 1396 adiecta
1363 1337 1652 1414 particula
1700 1354 1894 1416 quam.
1978 1333 2449 1416 [superlativus]
2497 1368 2581 1378 —-
2626 1334 2942 1412 Compara-

278 1457 325 1495 ιο
354 1441 510 1500 tirus
564 1457 685 1499 non
741 1437 933 1499 solum
988 1440 1242 1517 septimo
1298 1440 1458 1499 casui
1512 1440 1809 1517 iungitur,
1867 1437 1973 1499 sed
2034 1444 2092 1498 et
2135 1438 2513 1499 nominativo.
2560 1471 2639 1481 --
2689 1436 2944 1495 Troia·
2973 1446 3003 1494 9

354 1560 616 1603 norum
661 1542 829 1602 fuit:
879 1542 929 1600 si
973 1540 1194 1601 dixeris
1225 1540 1621 1610 Graecorum,
1669 1543 1939 1601 vitiosum
1988 1548 2095 1601 est.
2142 1576 2227 1584 —-
2269 1541 2423 1601 Dum
2468 1540 2599 1600 dico
2647 1539 2943 1618 ‘Iuppiter
2973 1548 3035 1595 10

353 1646 616 1723 optimus
660 1644 1008 1713 maximus',
1058 1644 1390 1723 comparari
1436 1661 1556 1703 non
1601 1652 1823 1723 potest,
1883 1645 2017 1721 quia
2064 1643 2135 1704 ad
2183 1645 2377 1723 ipsum
2424 1642 2617 1702 solum
2662 1642 2939 1721 pertinet,

350 1749 402 1807 si
450 1744 691 1826 quidem
738 1764 914 1807 nemo
961 1753 1050 1807 est
1092 1744 1239 1806 alius
1283 1746 1574 1825 luppiter3
1624 1751 1682 1805 et
1723 1748 1954 1808 Aeneas
1999 1747 2375 1816 fortissimuS,
2422 1744 2481 1805 id
2521 1751 2612 1805 est
2640 1743 2825 1803 sortis.
2860 1777 2941 1786 -—

354 1847 827 1928 [Comparativus
893 1849 1132 1925 generis
1195 1849 1526 1908 communis
1597 1856 1688 1909 est
1745 1857 1994 1929 excepto
2050 1850 2274 1919 senior,
2357 1848 2492 1926 quia
2546 1848 2741 1921 mayis
2795 1864 2944 1907 anus

273 1971 322 2010 15
352 1952 512 2012 lacit.
557 1949 665 2031 —]
714 1950 1214 2011 Nominativo:
1262 1952 1693 2031 comparativus
1736 1951 1954 2029 gradus
1997 1950 2297 2012 interdum
2341 1949 2520 2009 servit
2562 1948 2940 2009 nominativo.
2975 1959 3031 2006 11

525 2052 751 2113 Casus
818 2053 1288 2113 nominativi:
1367 2055 1496 2131 quia
1556 2053 1819 2115 articulis
1865 2053 2256 2114 discernimus
2300 2069 2536 2131 genera.
2613 2086 2697 2095 —-
2771 2049 3143 2129 Epi-14.22

350 2173 668 2216 coenon:
743 2156 901 2214 inter
957 2171 1268 2215 commune
1328 2163 1386 2217 et
1441 2156 1765 2236 epicoenon
1827 2155 1940 2215 hoc
1995 2157 2266 2216 interest:
2338 2171 2652 2214 commune
2707 2150 2941 2215 duobus

347 2257 622 2318 articulis
668 2255 1018 2326 declinatur,
1067 2255 1315 2318 dicimus
1361 2260 1515 2318 enim
1562 2258 1657 2318 hic
1704 2264 1763 2317 et
1807 2257 1955 2317 haec
2003 2252 2014 2338 l
2064 2255 2371 2325 sacerdos;
2432 2257 2756 2334 epicoenon
2802 2272 2939 2325 ww,

348 2378 484 2420 nam
535 2358 786 2420 dicimus
830 2356 1175 2437 hicpasser
1231 2368 1288 2420 et
1343 2360 1490 2420 haec
1546 2357 1759 2437 aquila.
1810 2393 1894 2403 —-
1937 2360 2019 2419 Vt
2075 2358 2254 2419 haec
2299 2357 2726 2423 Eunuchus:
2803 2358 2937 2436 quia
2963 2370 3029 2419 25

274 2460 426 2523 eoad
475 2459 840 2522 comoediam
882 2460 1103 2530 retulit,
1153 2469 1216 2522 ut
1262 2460 1727 2524 ‘Eunuchum
1773 2464 2030 2523 suam'.
2082 2497 2157 2506 —
2207 2461 2588 2522 Feminina
2632 2464 2829 2520 sunt:
2875 2466 2940 2520 ut
2964 2472 3029 2523 27

346 2564 665 2625 Terentius
725 2564 912 2624 ‘mea
968 2562 1446 2643 Glycerium'.
1504 2599 1588 2608 —
1632 2565 1936 2633 Neutra,
1997 2572 2075 2625 ut
2118 2583 2407 2644 poema:
2464 2563 2613 2623 haec
2658 2560 2932 2641 equidem
2959 2567 3025 2617 28

347 2673 559 2727 neutra
604 2672 758 2734 sunt,
807 2665 910 2725 sed
957 2666 1111 2745 apud
1157 2668 1426 2747 antiquos
1470 2669 1751 2743 feminina
1799 2675 1982 2728 erant.
2031 2702 2112 2709 —-
2157 2668 2242 2728 Vt
2294 2665 2598 2746 pelagus
2645 2664 2930 2744 vulgus:
2962 2672 3027 2721 29

352 2797 389 2832 ,ι
435 2767 551 2829 lsta
594 2768 656 2828 in
701 2768 990 2846 singulari
1034 2778 1244 2830 neutra
1301 2778 1467 2839 sunt,
1523 2772 1585 2831 in
1641 2768 1859 2850 plurali
1914 2770 2257 2832 masculina.
2316 2806 2400 2815 —
2452 2769 2536 2830 Vt
2591 2767 2932 2830 balneum
2959 2776 3024 2826 30

346 2871 733 2932 Tartarus:
782 2870 1065 2932 Tartarus
1107 2873 1169 2932 in
1215 2872 1497 2950 singulari
1541 2872 1931 2934 masculinum
1979 2881 2094 2942 est,
2141 2875 2202 2934 in
2247 2871 2465 2953 plurali
2507 2861 2803 2934 neutrum.
2849 2907 2932 2915 —

272 2994 321 3034 25
350 2971 673 3033 Caelum:
721 2971 949 3032 caelum
994 2975 1054 3032 in
1088 2971 1373 3052 singulari
1404 2985 1682 3036 neutrum
1715 2980 1820 3045 est,
1853 2977 1913 3035 in
1960 2974 2172 3055 plurali
2217 2973 2623 3043 mascnlinum,
2671 2973 2733 3035 hi
2763 2974 2930 3036 caeli.
2957 2983 3018 3031 31

343 3111 427 3119 ——
471 3075 599 3135 Hoc
643 3092 827 3153 caepe
882 3082 940 3135 et
982 3075 1091 3135 hae
1130 3078 1373 3155 caepae.
1426 3112 1500 3120 —
1549 3077 1801 3138 Porrum
1846 3079 2011 3156 porri
2056 3078 2116 3138 in
2162 3076 2448 3156 singulari
2502 3083 2809 3144 neutrum,
2868 3078 2929 3137 in

343 3174 560 3257 plurali
604 3175 1016 3238 masculinum.
1070 3211 1149 3222 —-
1193 3178 1454 3240 Locus:
1503 3180 1600 3240 hic
1630 3178 1794 3240 locus
1827 3187 1884 3239 et
1913 3179 2059 3240 haec
2089 3178 2244 3252 loca,
2293 3180 2354 3239 in
2384 3178 2666 3256 singulari
2698 3196 2928 3239 mascu-

341 3279 561 3349 linum,
607 3279 670 3339 in
714 3277 930 3357 plurali
975 3286 1251 3340 neutrum
1304 3280 1428 3360 [hic
1472 3281 1636 3342 locus
1679 3290 1737 3341 et
1777 3281 1924 3341 haec
1956 3280 2132 3361 loca].
2164 3316 2247 3327 ·--
2292 3280 2492 3340 Fori:
2541 3280 2701 3341 soros
2746 3298 2924 3358 gene·

342 3383 427 3443 ris
456 3380 769 3441 masculini
800 3381 1082 3452 dicimus,
1130 3377 1325 3444 locum
1355 3382 1680 3444 tabulatum
1719 3381 1727 3463 Ι
1769 3385 1959 3454 navis,
1993 3393 2056 3444 nt
2086 3383 2694 3463 ‘implessemque
2724 3384 2929 3445 soros

269 3482 726 3546 aoflammis'.
801 3483 929 3543 sora
977 3492 1203 3555 autem,
1254 3485 1352 3544 ubi
1400 3485 1876 3557 deambulamuS,
1933 3493 2147 3547 neutro
2192 3484 2572 3565 appellamus.
2618 3519 2700 3530 —
2746 3486 3014 3546 Sunt31

479 3689 604 3739 Cod.
641 3688 801 3741 Bern.
846 3689 911 3737 Vl
949 3685 1160 3742 δ”-8.
1310 3691 1334 3741 l
1377 3689 1500 3738 aliut
1637 3691 1671 3740 5
1718 3705 1819 3739 non
1857 3707 1952 3741 om.
2092 3691 2125 3740 6
2163 3689 2402 3739 articulae
2544 3691 2574 3738 7
2622 3705 2714 3739 nec
2749 3704 2925 3755 snper-

341 3759 497 3808 lativo
541 3773 634 3807 om.
782 3755 890 3822 qui]
938 3759 1056 3821 quia
1199 3760 1258 3810 11
1292 3761 1537 3810 uisiosum
1578 3775 1718 3810 corr.
1758 3763 1828 3815 al.
1865 3777 1994 3811 man.
2030 3762 2277 3810 niciosum
2423 3761 2488 3811 12
2522 3758 2661 3828 quia]
2703 3761 2788 3822 qui

344 3829 407 3880 13
443 3843 598 3877 aenei·
635 3842 775 3880 corr.
812 3830 882 3878 al.
919 3845 1046 3879 man.
1085 3844 1269 3879 aeneas
1379 3831 1443 3881 14
1473 3831 1636 3896 magis
1672 3849 1764 3883 om.
1896 3831 1961 3882 16
1997 3833 2291 3896 epicoenum
2328 3847 2463 3880 corr.
2501 3833 2572 3881 al.
2610 3846 2742 3882 man.
2784 3844 2925 3892 -non,

335 3900 546 3964 itemque
572 3905 757 3963 postea
900 3898 963 3949 18
1006 3899 1320 3949 declinantur
1459 3916 1557 3950 nno
1596 3917 1688 3951 om.
1872 3902 1936 3953 19
1979 3911 2033 3951 ut
2082 3899 2380 3951 heunuchus
2424 3903 2509 3965 qui
2556 3902 2620 3951 ad
2761 3902 2830 3952 20
2872 3911 2925 3950 nt

338 3967 665 4019 heunuchum
774 3977 893 4017 sunt
929 3970 1171 4018 terentius
1207 3978 1260 4018 ut
1294 3985 1405 4019 mea
1544 3974 1612 4021 22
1651 3979 1773 4038 aput
1907 3972 1972 4020 23
2012 3981 2157 4021 erunt
2187 3988 2326 4025 corr.
2367 3974 2436 4022 al.
2478 3988 2607 4023 man.
2643 3981 2785 4021 erant

340 4039 406 4089 25
455 4038 726 4103 implurale
771 4038 1073 4090 femininum
1123 4039 1285 4102 (corr.
1324 4043 1392 4091 al.
1427 4057 1556 4092 man.
1607 4041 1968 4102 masculinum)
2017 4051 2071 4091 ut
2109 4042 2206 4091 hoc
2251 4058 2440 4108 caepae
2483 4051 2531 4092 et
2577 4042 2701 4092 haec
2738 4057 2923 4108 caepae

342 4109 678 4158 masculinnm
717 4108 751 4156 ii
788 4107 953 4171 (corr.
987 4114 1056 4161 al.
1091 4126 1219 4162 man.
1255 4107 1353 4172 hii)
1393 4112 1518 4160 caeli
1557 4127 1759 4176 porrum
1891 4113 1958 4162 26
1993 4112 2249 4177 implut-ali
2286 4113 2551 4162 masculini
2692 4114 2758 4163 27
2796 4111 2923 4161 haec

342 4179 451 4228 loca
485 4179 597 4228 loca
621 4178 746 4298 ἔδει,
786 4179 836 4226 in
874 4180 1152 4246 singularis
1188 4180 1469 4230 masculina
1509 4183 1558 4229 in
1609 4182 1793 4248 plurali
1833 4192 2010 4232 neutra
2150 4181 2217 4232 ‘29
2256 4183 2474 4233 dicimus
2506 4197 2618 4231 cum
2657 4182 2920 4232 inuilicurn

341 4249 486 4298 nanis
724 4250 890 4298 neutri

475 4420 546 4470 20
581 4419 884 4471 Eunuchum
931 4419 1098 4487 suam]
1160 4423 1275 4472 Ter.
1309 4423 1535 4473 Eunuclz.
1571 4427 1705 4486 prol.
1742 4425 1811 4476 32
1963 4427 2026 4475 21
2071 4441 2180 4474 mea
2227 4423 2534 4489 Glycerium]
2595 4423 2711 4476 Ter.
2751 4423 2917 4472 Andr.

343 4489 362 4539 1
404 4490 451 4552 1,
490 4489 611 4542 107.
659 4491 721 4556 V⁸
737 4490 790 4554 6,
824 4493 856 4542 5
990 4493 1219 4551 sortasse
1264 4491 1391 4542 haec
1438 4509 1570 4543 nunc
1615 4495 1820 4557 quidem
1961 4496 2027 4546 22
2064 4504 2181 4557 post
2223 4498 2435 4560 pelagus
2473 4495 2656 4559 vulgus
2693 4508 2754 4542 ea
2792 4509 2922 4558 quae

343 4561 413 4609 ad
446 4559 572 4612 haec
616 4561 861 4611 voeabula
905 4563 1217 4625 emplicanda
1261 4564 1525 4629 adscripta
1561 4572 1709 4614 erant
1748 4565 2064 4614 exciderunt.
2108 4581 2219 4616 nam
2254 4581 2384 4630 quae
2416 4572 2687 4629 sequuntur·
2723 4579 2793 4612 ex
2824 4579 2917 4612 ea:-

330 4632 580 4694 positione
616 4633 853 4682 nominum
889 4649 1021 4698 quae
1054 4636 1105 4683 in
1141 4634 1389 4698 singulari
1425 4651 1626 4684 numero
1666 4636 1878 4684 alterius
1914 4639 2116 4700 yeneris
2153 4644 2200 4686 et
2233 4638 2441 4686 alterius
2472 4639 2524 4685 in
2567 4636 2761 4698 plurali
2807 4643 2922 4684 sunt

341 4701 514 4752 relicta
552 4709 669 4751 sunt
809 4703 876 4752 29
916 4703 1133 4753 dicimus
1170 4718 1284 4751 cum
1319 4705 1459 4754 innui
1500 4705 1664 4754 locum
1702 4705 2000 4755 Pzetschizae:
2050 4707 2121 4768 cf.
2161 4708 2378 4770 Pompei.
2411 4722 2466 4769 p.
2508 4707 2604 4757 151
2644 4706 2723 4755 etl.
2761 4705 2914 4756 Lind.

338 4769 478 4820 Serv.
510 4774 562 4822 in
609 4773 769 4837 Ver-9.
799 4773 886 4822 1111
922 4773 1025 4824 605
1059 4772 1254 4823 Charis.
1273 4790 1328 4838 p.
1361 4776 1445 4840 71,
1482 4774 1568 4825 29.
1607 4776 1692 4835 3⁶2,
1734 4775 1816 4826 lt).
1845 4775 1972 4825 Non.
2007 4790 2063 4838 p.
2098 4778 2215 4830 428.
2251 4778 2353 4828 447
2494 4775 2911 4848 implessemque]

347 4843 501 4907 Ver-9.
539 4842 671 4892 Aen.
713 4842 807 4891 llll
841 4843 944 4893 605
