3541 5564
1645 384 1789 445 ARS
2884 377 3010 447 373

2625 482 2811 546 1³:205&
2837 497 2888 535 60
2917 492 2960 533 Ρ.

435 573 708 649 agris’;
768 574 909 632 item
967 572 1287 633 Terentius
1343 573 1507 651 ‘per
1551 590 1763 651 quem
1809 592 1931 633 res
1974 581 2282 650 geretur
2326 576 2694 635 maxime'.
2783 581 3010 634 utrum-

436 693 549 753 que
596 673 843 735 verhum
890 675 1264 753 inpersonale
1310 681 1431 743 est,
1480 674 1732 735 alterum
1777 677 2110 754 praesentis
2158 679 2472 755 temporis,
2517 679 2706 737 futuri
2737 677 3007 737 alterum.
3046 744 3051 749 ‚

435 777 539 836 sed
584 777 761 836 huius
817 779 906 836 rei
967 777 1334 837 intellectum
1378 777 1699 837 videamus.
1791 779 1946 857 quod
1994 781 2075 837 ait
2119 778 2438 838 Terentius
2482 781 2627 858 ‘per
2682 797 2857 858 quem
2913 797 3013 838 res

434 886 676 956 geretur
722 881 1032 949 maxime',
1090 880 1392 941 videamus
1447 879 1590 958 quid
1646 866 1897 948 dixerit,
1956 888 2199 957 geretur
2254 888 2454 941 utrum
2500 882 2571 940 ad
2618 900 2772 948 rem,
2820 900 2893 940 an
2937 881 3011 940 ad

380 995 407 1032 5
434 980 853 1042 Phormionem
909 982 1289 1042 referendum
1347 984 1455 1041 sit:
1518 984 1567 1041 si
1615 981 1686 1040 ad
1731 981 2180 1050 Phormionem,
2228 985 2330 1062 qui
2377 991 2618 1043 acturus
2661 992 2777 1051 est,
2823 1001 3012 1059 genus

433 1091 524 1143 est
579 1085 956 1162 inpersonale
1016 1085 1180 1145 verbi
1240 1083 1312 1144 ab
1373 1086 1562 1143 activo
1616 1083 1820 1152 modo,
1880 1084 1941 1143 id
1999 1093 2089 1143 est
2144 1104 2176 1145 a
2231 1103 2375 1163 gero
2419 1088 2647 1161 geritur
2690 1084 3012 1163 gerebatur

431 1194 661 1262 gestum
732 1194 822 1246 est
878 1194 1109 1263 gestum
1168 1193 1296 1247 erat
1348 1193 1625 1263 geretur;
1685 1187 1734 1245 si
1784 1184 1856 1244 ad
1901 1204 2026 1245 rem
2074 1205 2180 1247 nos
2226 1186 2408 1246 trahit
2450 1186 2814 1255 intellectuS,
2862 1204 3010 1265 quae

434 1288 697 1363 gerenda
744 1294 867 1357 est,
917 1291 1034 1348 erit
1077 1291 1374 1367 passivum
1424 1286 1670 1347 verbum
1714 1287 2023 1347 indicativi
2067 1290 2274 1357 futuri,
2323 1288 2384 1348 id
2430 1298 2521 1349 est
2563 1307 2738 1366 gerar
2782 1291 3013 1366 gereris

431 1399 692 1466 geretur.
783 1389 965 1449 simili
1022 1393 1250 1449 ratione
1310 1389 1695 1449 discutiamus
1750 1397 1812 1448 et
1867 1408 1998 1449 eam
2054 1392 2581 1467 significationem,
2639 1410 2816 1470 quam
2862 1392 3014 1450 dixit

358 1505 408 1541 1⁰
436 1492 750 1569 Virgilius,
820 1496 1043 1571 ‘usque
1111 1492 1257 1551 adeo
1321 1490 1597 1551 turbatur
1666 1493 1880 1568 agris',
1948 1499 2008 1551 et
2071 1493 2213 1571 quid
2281 1495 2376 1552 cui
2445 1492 2732 1571 adplicari
2799 1492 3013 1551 debeat

432 1595 862 1654 discernamus,
951 1613 1022 1654 ex
1069 1594 1180 1654 hoc
1226 1594 1465 1672 quidem
1511 1592 1913 1669 intellegimus
1967 1594 2315 1674 plerumque
2361 1606 2784 1654 concurrentes
2829 1597 3009 1671 signi-

432 1698 637 1756 ficatus
695 1696 840 1756 duas
894 1697 1116 1773 figuras
1171 1695 1489 1765 exhibere,
1551 1697 1846 1774 passivam
1903 1703 1964 1754 et
2018 1697 2285 1755 activam.
2377 1697 2536 1757 aliud
2592 1706 2788 1757 autem
2833 1705 3010 1761 esset,

432 1800 480 1857 si
539 1805 640 1858 aut
707 1798 805 1857 ille
864 1816 981 1858 non
1039 1798 1355 1863 adiecisset
1410 1817 1508 1857 res
1563 1806 1664 1857 aut
1709 1797 1808 1857 ille
1854 1799 2031 1873 agris,
2121 1798 2266 1857 haee
2325 1798 2538 1877 duplex
2606 1800 3010 1875 intellegentia

431 1903 610 1960 etiam
669 1902 730 1961 in
788 1901 1079 1960 infinitivo
1125 1900 1298 1960 modo
1343 1901 1560 1959 evenit.
1654 1901 1736 1959 ait
1781 1900 1989 1959 Cicero
2035 1902 2220 1959 ‘rem
2263 1903 2453 1976 agi';
2501 1901 2648 1960 dicit
2691 1904 2835 1961 item
2880 1902 3010 1961 Vir-

360 2013 409 2051 15
435 2002 613 2079 gilius
672 2004 852 2061 ‘iam
910 2010 1199 2080 tempus
1245 2004 1359 2080 agi
1406 2005 1581 2061 res'.
1643 2003 1705 2060 in
1749 2000 1860 2060 hoc
1906 2003 1954 2060 si
2003 2004 2189 2079 ipsam
2236 2020 2436 2062 vocem
2483 2003 2869 2069 attendamus,
2917 2004 3009 2079 agi

439 2106 601 2163 venit
647 2103 720 2164 ab
767 2086 1058 2163 infinitivo
1102 2103 1276 2163 modo
1322 2105 1583 2182 passivo,
1631 2102 1692 2161 id
1739 2111 1831 2162 est
1874 2102 1947 2162 ab
1994 2121 2136 2180 agor
2181 2105 2381 2180 ageris
2436 2106 2658 2180 agitur,
2708 2107 2767 2163 in
2812 2106 3008 2164 intini-

435 2208 556 2266 tivo
600 2208 743 2266 facit
790 2208 918 2282 agi;
976 2207 1024 2264 si
1072 2224 1210 2265 vero
1256 2223 1357 2264 eos
1401 2204 1901 2283 contemplemur,
1949 2224 2057 2283 per
2097 2224 2244 2284 quos
2286 2208 2509 2282 agitur,
2556 2209 2721 2265 venit
2764 2226 2797 2264 a
2829 2205 3011 2265 verbo

436 2307 798 2387 inpersonali
848 2310 1076 2383 agitur,
1124 2309 1295 2366 cuius
1340 2310 1507 2384 origo
1552 2307 1626 2367 ab
1673 2310 1864 2366 activo
1907 2315 2135 2377 manat,
2184 2308 2243 2366 id
2289 2316 2380 2367 est
2425 2307 2497 2367 ab
2543 2326 2651 2384 ago
2698 2310 2825 2385 agis
2868 2310 3007 2384 agit,

435 2411 590 2489 quod
635 2428 743 2488 per
790 2427 994 2469 omues
1037 2427 1248 2468 rursus
1291 2409 1497 2469 modos
1528 2410 1884 2470 declinatum
1917 2412 2059 2469 facit
2103 2410 2461 2469 infinitivum
2491 2410 2729 2470 modum
2760 2412 2865 2477 sic,
2912 2411 3006 2486 agi

359 2525 410 2563 20
438 2518 633 2571 actum
678 2530 807 2571 esse
855 2518 1050 2570 actum
1094 2513 1192 2570 iri.

603 2612 794 2673 Verba
853 2613 1252 2690 inpersonalia
1311 2631 1445 2673 cum
1502 2614 1627 2673 fere
1683 2633 1793 2692 per
1850 2634 2054 2675 omnes
2110 2614 2315 2674 modos
2361 2614 2764 2682 declinentur,
2814 2622 3009 2673 tamen

435 2724 573 2774 sunt
616 2715 904 2795 quaedam
950 2717 1079 2774 eius
1124 2715 1310 2785 modi,
1361 2723 1426 2774 ut
1470 2716 1760 2775 defectiva
1807 2718 2212 2785 inveniantur,
2260 2726 2326 2776 ut
2370 2735 2508 2776 ecce
2553 2716 2770 2796 liquet:
2840 2734 3009 2795 prae·

434 2820 676 2878 teritum
734 2819 892 2877 enim
945 2820 1276 2898 perfectum
1322 2827 1381 2877 et
1435 2819 2081 2898 plusquamperfectum
2126 2838 2373 2898 prorsus
2415 2839 2531 2879 non
2579 2819 2777 2880 habet.
2872 2821 3011 2879 item

433 2922 679 2979 miseret
734 2920 917 2981 ltabet
972 2921 1214 3000 quidem
1269 2924 1661 2999 praeteritum
1706 2923 2038 2999 perfectum
2085 2929 2143 2980 et
2186 2922 2858 3001 plusquamperfectum,
2907 2921 3009 2979 sed

360 3038 410 3075 25
438 3022 682 3082 alterius
725 3023 914 3091 modi,
962 3042 1137 3102 quam
1183 3024 1370 3082 forma
1415 3022 1583 3082 verbi
1631 3011 1837 3101 exigit.
1908 3043 2042 3084 nam
2088 3023 2233 3086 illud
2277 3043 2349 3084 ex
2394 3026 2616 3083 activae
2662 3023 3007 3082 declinatio·

435 3127 528 3184 nis
573 3125 1018 3204 significatione
1076 3128 1137 3185 in
1196 3127 1489 3203 passivam
1545 3127 1798 3185 formam
1857 3127 2092 3185 transit.
2184 3128 2447 3204 paenitet
2503 3127 2662 3185 enim
2716 3127 3012 3203 paenituit

434 3228 577 3287 facit
640 3230 1029 3307 praeteritum
1083 3229 1445 3306 perfectum;
1501 3229 1749 3286 miseret
1805 3229 2112 3287 misertum
2159 3235 2248 3286 est
2294 3229 2463 3296 facit,
2523 3235 2589 3286 ut
2631 3228 2831 3287 taedet
2873 3245 3009 3308 per·

434 3337 662 3389 taesum
710 3337 820 3389 est.
881 3338 940 3388 et
986 3331 1047 3389 in
1104 3329 1214 3388 hoc
1268 3329 1450 3389 verbo
1504 3330 1701 3389 taedet
1757 3330 1905 3390 duas
1960 3348 2059 3389 res
2111 3331 2298 3417 forma
2343 3329 2537 3389 adfert
2579 3332 2788 3398 aliter,
2835 3348 3011 3408 quam

434 3431 756 3490 declinatio
812 3430 1117 3507 exigebat,
1175 3438 1233 3489 et
1286 3450 1403 3490 non
1461 3431 1662 3499 aliter,
1711 3450 1888 3510 quam
1945 3434 1993 3490 si
2041 3433 2415 3510 conpositum
2461 3452 2532 3492 ex
2589 3431 2842 3510 simplici
2890 3433 3008 3490 liat.

362 3550 412 3589 30
439 3550 572 3592 nam
618 3532 929 3610 pertaedet
974 3551 1091 3591 non
1137 3533 1409 3601 dicimuS,
1459 3551 1593 3592 cum
1637 3535 2029 3611 praeteritum
2073 3535 2269 3593 faeere
2316 3554 2433 3594 non
2477 3536 2773 3613 possimus
2816 3533 3007 3602 aliter,

437 3653 613 3712 quam
659 3636 708 3693 si
757 3653 1187 3712 conponamus‚
1236 3643 1302 3694 ut
1346 3635 1632 3694 faciamus
1677 3642 2015 3713 pertaesum
2062 3642 2169 3696 est.

574 3825 597 3874 1
644 3839 735 3889 per
774 3818 944 3886 quem]
1001 3821 1198 3874 Terent.
1245 3822 1444 3875 Phorm.
1489 3825 1627 3885 prol.
1669 3823 1736 3872 28
1877 3825 1909 3873 2
1940 3832 2016 3871 est
2043 3839 2131 3874 om.
2173 3822 2293 3873 ML
2433 3826 2464 3873 4
2503 3826 2691 3874 dixerit
2733 3823 3013 3872 sichardus

434 3892 564 3942 dixit
600 3893 732 3942 ΒΜ
765 3893 899 3941 dicat
937 3907 1074 3943 corr.
1118 3892 1249 3940 dixit
1285 3893 1333 3941 L
1475 3901 1641 3941 utrum
1678 3893 1744 3941 ad
1780 3909 1883 3941 rem
1918 3894 2135 3941 adicitur
2170 3908 2233 3942 au
2272 3892 2338 3940 Ji!
2470 3896 2501 3943 5
2539 3892 2623 3959 sit]
2655 3904 2731 3944 est
2770 3895 2885 3943 Ml.

432 3963 466 4011 ὕ
505 3963 862 4029 impersonalis
898 3962 1026 4011 ΒΜ
1063 3961 1379 4027 inpersonal’
1418 3963 1466 4011 L
1603 3961 1639 4011 9
1685 3960 1859 4027 quam]
1913 3977 2013 4025 qua
2048 3962 2114 4011 M
2253 3964 2311 4013 11
2361 3965 2479 4025 quid
2516 3964 2860 4029 intellegimus
2890 3963 3010 4011 Ml,

572 4033 916 4082 concurrentis
953 4031 1271 4098 significatus
1307 4034 1355 4082 L
1392 4033 1734 4081 concurrentis
1773 4033 2160 4097 significationis
2200 4035 2263 4083 M
2406 4035 2466 4083 14
2502 4036 2651 4082 etiam
2683 4035 2733 4082 in
2773 4032 3007 4083 infinitiui

433 4105 480 4152 L
512 4104 661 4152 etiam
701 4103 950 4151 inlinitiuo
992 4101 1116 4152 ΒΜ
1252 4099 1344 4165 ait]
1386 4109 1437 4149 ut
1477 4104 1540 4151 M
1678 4117 1781 4149 rem
1816 4102 1900 4166 agi
1940 4102 2091 4151 dicite
2122 4105 2171 4152 in
2202 4107 2355 4153 litura
2393 4103 2455 4152 M
2597 4104 2715 4153 dicit
2751 4103 2899 4168 Virg.
2933 4102 3010 4149 Si-

432 4173 652 4222 cleardus
687 4173 837 4221 dicite
874 4173 1109 4237 uirgilius
1144 4172 1345 4222 BML.
1392 4174 1549 4236 Ver-9.
1593 4173 1723 4221 Aen.
1777 4172 1821 4220 V
1859 4171 1963 4222 638
2139 4173 2203 4223 16
2244 4174 2296 4222 id
2345 4183 2421 4222 est
2470 4187 2597 4236 agor
2640 4175 2809 4239 ageris
2845 4174 3013 4237 agitur

435 4244 739 4292 intinitiuum
780 4241 899 4291 ML
1042 4243 1107 4292 19
1144 4244 1227 4305 qui
1265 4257 1354 4307 per
1396 4258 1570 4290 omues
1607 4257 1784 4291 rursus
1818 4243 1999 4290 modos
2036 4241 2316 4291 declinatus
2349 4242 2399 4291 B
2437 4243 2524 4305 qui
2563 4257 2655 4307 per
2692 4257 2865 4291 omues
2902 4256 3010 4290 rur·

433 4328 544 4361 sum
581 4313 757 4361 modos
785 4312 998 4361 clinatos
1025 4312 1188 4376 (corr.
1223 4311 1338 4373 -us)
1361 4313 1409 4362 L
1443 4313 1528 4373 qui
1553 4326 1643 4374 per
1676 4327 1852 4360 omnes
1878 4311 2054 4358 modos
2078 4327 2277 4361 rursum
2302 4311 2515 4360 elluatus
2540 4312 2601 4360 M
2712 4313 2778 4361 25
2802 4310 3011 4360 alterius

434 4382 572 4431 modi
609 4397 758 4444 quam
796 4391 849 4429 ut
884 4381 1048 4431 forma
1085 4381 1151 4430 M
1181 4381 1397 4431 alicuius
1434 4382 1570 4431 modi
1610 4396 1761 4443 quam
1801 4381 1964 4429 forma
1997 4379 2102 4429 BL
2230 4377 2374 4445 illud]
2418 4381 2557 4429 uelut
2593 4382 2656 4430 M
2793 4381 2859 4429 27
2897 4395 3011 4444 per-

434 4463 624 4501 tessum
664 4462 740 4500 est
769 4450 896 4501 ΒΜ
1029 4452 1097 4501 28
1128 4459 1177 4500 et
1214 4452 1261 4498 iu
1298 4449 1394 4499 hoc
1430 4452 1582 4499 uerbo
1621 4451 1753 4498 tedet
1792 4450 1857 4498 Al!
1887 4460 1934 4498 et
1970 4449 2021 4497 in
2058 4449 2155 4499 hoc
2192 4451 2360 4499 taedet
2390 4450 2545 4498 uerbo
2582 4451 2632 4498 B
2660 4458 2709 4498 et
2745 4449 2839 4501 hoc
2877 4452 3011 4498 tedet

434 4522 590 4569 uerbo
623 4523 697 4568 L:
736 4523 922 4570 rectius
959 4523 1032 4571 ita
1066 4521 1324 4571 dicendum
1360 4529 1476 4569 erae
1509 4522 1563 4568 id
1596 4521 1733 4584 quod
1755 4519 2110 4584 gar-ammaricus
2135 4520 2346 4579 volebat,
2379 4530 2427 4568 et
2452 4520 2500 4565 iu
2527 4517 2623 4568 hoc
2652 4520 2807 4567 verbo
2846 4521 3013 4569 taedet

434 4591 563 4639 duas
602 4605 682 4637 res
732 4590 896 4640 adfert
943 4590 1207 4641 declinatio
1259 4588 1429 4652 aliter,
1469 4604 1619 4652 quam
1661 4591 1822 4638 forma
1857 4589 2124 4653 exigebat.
2174 4598 2228 4637 ut
2270 4599 2319 4638 et
2357 4589 2613 4654 passivum
2659 4604 2722 4637 ex
2761 4590 2925 4638 activo
2964 4598 3012 4637 et

435 4659 769 4723 compositum
806 4676 871 4708 ex
911 4661 1130 4726 simplici
1167 4659 1253 4708 fiat
1394 4659 1559 4707 adfert
1594 4674 1742 4721 quam
1778 4659 2045 4708 declinatio
2084 4659 2134 4707 B
2168 4658 2308 4707 affert
2342 4673 2490 4722 quam
2529 4659 2730 4707 clinatio
2772 4660 2892 4709 ML

435 4729 504 4776 29
541 4725 606 4794 si]
653 4729 726 4776 sic
763 4729 880 4780 ML
981 4732 1049 4781 30
1086 4745 1196 4779 cum
1237 4730 1567 4794 praeteritum
1607 4744 1705 4776 non
1742 4729 1999 4794 possimus
2036 4728 2185 4777 aliter
2220 4728 2387 4778 dicere
2426 4743 2577 4791 quam
2614 4731 2656 4776 si
2696 4731 2743 4778 L
2781 4740 2829 4778 et
2866 4744 3012 4794 prae·

436 4799 637 4847 teritum
674 4813 771 4846 non
807 4802 1064 4864 possimus
1102 4800 1247 4849 aliter
1284 4799 1452 4848 dicere
1482 4800 1580 4847 nisi
1615 4799 1679 4846 M
1782 4799 1843 4849 31
1888 4809 1940 4846 ut
1981 4796 2224 4848 faciamus
2259 4807 2545 4864 pertessum
2576 4807 2652 4847 est
2687 4799 2738 4847 B
2776 4810 2827 4848 ut
2854 4800 3012 4847 facia-

438 4884 548 4917 mus
600 4867 854 4930 (dicamus
893 4871 979 4934 M)
1015 4881 1300 4936 pertessttm
1351 4880 1427 4919 est
1480 4871 1707 4934 pertedet
1744 4870 2000 4935 praesenti
2042 4884 2137 4919 non
2184 4884 2337 4935 posse
2384 4871 2581 4934 (potest
2609 4869 2699 4933 M)
2747 4869 2843 4918 dici
2896 4885 3008 4918 cum
