3541 5564
1287 301 1682 363 EXCERPTA
1734 301 2077 363 PARISINA
2128 302 2191 362 V.
2239 301 2311 361 Vl
2961 296 3086 362 605

2697 421 2739 462 p.
2767 409 2881 450 2735.
2909 407 3032 451 aar.

511 512 748 554 sensum
794 493 1024 553 confert
1066 492 1312 570 incipiat
1358 509 1390 551 a
1435 487 1621 549 vocali
1671 491 1997 570 incipiente
2044 489 2227 550 verbo
2273 508 2304 549 a
2350 456 2739 560 consoilailte‚
2785 491 3081 570 inperfec-

514 604 637 656 tum
694 601 969 655 manente
1026 593 1231 653 eadem
1293 610 1402 653 nec
1448 597 1666 651 mutata
1714 594 2175 671 praepositionis
2221 591 2402 652 vocali
2448 592 2623 653 aliam
2667 592 2830 654 addit
2875 611 3082 653 conso-

511 699 675 761 nanti
721 696 885 756 verbi
932 695 1222 764 vocalem,
1270 701 1335 755 ut
1379 701 1469 753 est
1516 689 1839 772 ἐπιχαίρω
1885 689 2264 773 ἐπέχαιρον,
2310 695 2449 774 quia
2480 694 2639 755 aliud
2673 703 2790 764 est,
2826 691 3083 774 ἐπιχαί-

511 819 632 878 ρω,
678 799 836 860 aliud
883 795 1113 878 χαίρω.
1178 816 1316 858 sane
1349 797 1461 856 hoc
1496 794 1862 865 observatur,
1913 803 1976 856 ut
2005 796 2219 856 vocalis
2262 813 2412 874 quae
2457 795 2695 857 additur
2739 798 3085 865 consonanti

459 915 485 955 5
515 901 712 962 brevis
758 903 867 970 sit,
913 900 1049 980 quia
1096 917 1211 959 non
1258 905 1454 978 potest
1500 896 1650 957 ultra
1694 915 1878 958 unum
1909 906 2142 978 tempus
2186 916 2564 968 excrescere,
2611 894 2781 977 λέγω
2826 896 3083 978 ἔλεγον,

509 998 784 1083 λέγομαι
841 996 1190 1081 ἐλεγόμην.
1282 1001 1436 1061 unde
1490 995 1825 1080 βούλομαι
1878 1008 1940 1061 et
1993 995 2287 1081 δύναμαι
2342 1002 2667 1062 secundum
2711 1019 3084 1062 communem

510 1104 777 1183 regulam
833 1123 905 1164 ex
962 1122 1026 1164 se
1083 1103 1311 1163 faciunt
1367 1098 1751 1182 ἐβουλόμην
1810 1096 2185 1183 ἐδυνάμηντ
2251 1102 2353 1163 sed
2409 1104 2564 1182 quod
2610 1122 2786 1183 saepe
2832 1103 3084 1182 legimus

506 1200 897 1288 ἠβουλόμην
960 1198 1315 1286 ἠδυνάμην
1371 1205 1548 1265 attica
1608 1204 1845 1264 licentia
1893 1211 2002 1265 est.
2091 1203 2293 1265 ultima
2339 1224 2572 1286 quoque
2616 1204 2836 1285 syllaba
2882 1207 3082 1286 inper-

508 1310 651 1370 fecti
699 1326 815 1369 non
864 1307 1013 1369 nihil
1060 1306 1426 1368 diversitatis
1470 1305 1680 1376 habet,
1727 1313 1795 1366 ut
1840 1307 1900 1366 in
1946 1307 2380 1385 perispomenis
2427 1309 2617 1386 prima
2673 1314 2731 1368 et
2787 1309 2963 1369 tertia
3020 1310 3081 1368 in

434 1427 482 1465 ιο
509 1430 637 1472 ουν
681 1413 945 1480 mittant,
995 1405 1275 1470 ἐποίουν
1322 1403 1696 1487 ἐχρύσουν,
1742 1408 2000 1469 secunda
2049 1409 2111 1468 in
2158 1428 2290 1487 ων,
2337 1404 2587 1488 ἐβόων,
2633 1428 2783 1488 quae
2828 1411 2976 1471 liunt
3021 1412 3091 1479 in,

506 1515 739 1593 passivo
793 1511 884 1573 vel
941 1513 1175 1590 passivo
1231 1508 1531 1571 similibus
1590 1504 1964 1591 ἐποιούμην
2021 1504 2451 1591 ἐχρυσούμην
2508 1505 2836 1592 ἑβοῶμην.
2927 1512 3079 1592 apud

508 1616 764 1676 Graecos
821 1614 982 1674 solus
1026 1612 1375 1672 ‘definitivus
1418 1613 1627 1673 modus
1681 1630 1968 1691 praesens
2024 1611 2097 1673 ab
2142 1614 2474 1691 inperfecto
2519 1612 2836 1692 disiungit,
2893 1617 3079 1676 ceteri

507 1735 712 1777 omnes
757 1715 915 1779 modi
961 1716 1243 1792 iungunt,
1293 1723 1355 1774 ut
1399 1713 1577 1794 φιλῶ·
1624 1708 1945 1792 ἐφίλουνε
1992 1721 2053 1774 at
2093 1715 2155 1774 in
2201 1716 2552 1794 imperativo
2583 1713 2766 1794 φίλει
2795 1734 3080 1795 praesens

507 1827 567 1880 et
623 1820 1015 1899 inperfectum
1063 1815 1070 1897 Ι
1118 1816 1536 1886 confunditur;
1614 1815 1886 1876 similiter
1943 1818 2004 1876 in
2060 1817 2435 1877 coniunctivo
2491 1809 2613 1877 ἐὰν
2670 1816 2847 1897 φιλῶ
2904 1826 2963 1878 et
3018 1821 3080 1879 in

435 1935 483 1976 15
508 1923 768 2001 optativo
824 1915 886 1980 εί
935 1917 1199 1999 φιλοῖμι
1254 1926 1314 1979 et
1370 1920 1430 1979 in
1488 1918 1775 1980 infinitivo
1832 1917 2059 1996 φιλεῖν
2120 1924 2434 1999 utrumque
2481 1919 2657 1980 simul
2701 1927 2935 1999 tempus
2978 1940 3078 2001 ap·-

505 2024 750 2104 pellant.

675 2124 759 2185 De
804 2130 1072 2204 tempore
1116 2123 1402 2203 perfecto.
1492 2124 1822 2203 perfeetum
1878 2129 2112 2202 tempus
2166 2123 2318 2204 apud
2367 2124 2624 2184 Graecos
2667 2142 2783 2184 non
2829 2143 2861 2185 a
2907 2131 3197 2203 prae-191
3225 2132 3292 2182 V.
3345 2202 3352 2209 ,

507 2227 696 2297 senti,
743 2225 847 2287 sed
893 2244 925 2286 a
970 2226 1171 2286 futuro
1215 2227 1520 2303 figuratur.
1597 2242 1709 2284 nec
1753 2226 1883 2285 sine
1930 2226 2190 2285 ratione:
2237 2243 2408 2286 omne
2456 2220 2616 2285 enim
2661 2226 2816 2304 quod
2861 2227 3081 2287 sactum

506 2335 597 2390 est
640 2330 809 2408 prius
853 2328 1190 2389 laciendum
1237 2328 1367 2388 suit.
1434 2326 1494 2386 in
1538 2328 1772 2404 graecis
1815 2344 1987 2386 omne
2033 2302 2364 2405 peffectum
2410 2335 2509 2387 aut
2554 2326 2774 2406 syllaba
2820 2335 2920 2389 aut
2963 2347 3081 2389 uno

429 2446 481 2487 20
510 2437 773 2510 tempore
830 2430 1021 2489 maius
1076 2431 1269 2509 prima
1315 2429 1605 2508 positione
1651 2429 1744 2490 sui
1791 2429 2117 2508 profertur,
2177 2436 2239 2488 ut
2295 2423 2543 2489 λέλυκα
2588 2421 2881 2508 ὤπτηκα.
2973 2449 3081 2491 nec

504 2540 562 2595 te
606 2538 836 2593 moveat
880 2531 1035 2611 quod
1081 2529 1414 2609 πεποίηκα
1459 2530 1547 2591 vel
1604 2528 1942 2610 πεφίληκα
1987 2535 2046 2590 et
2090 2530 2303 2592 similia
2348 2549 2464 2590 non
2511 2550 2654 2600 una,
2702 2531 2807 2591 sed
2853 2531 3083 2593 duabus

505 2633 750 2715 syllabis
793 2634 1049 2713 primam
1082 2632 1252 2694 verbi
1295 2633 1541 2693 vincunt
1584 2633 1964 2711 positionem.
2029 2632 2286 2693 diximus
2329 2634 2488 2693 enim
2531 2635 2788 2713 primam
2833 2634 3079 2713 perfecti

505 2737 862 2817 positionem
909 2753 1026 2796 non
1071 2753 1201 2797 esse
1246 2752 1562 2815 praesens,
1624 2735 1727 2796 sed
1777 2736 2075 2804 futurum,
2123 2734 2278 2814 quod
2323 2753 2470 2806 una,
2518 2754 2633 2797 non
2680 2735 2908 2798 duabus
2964 2737 3078 2816 syl-

508 2837 690 2907 labiS,
748 2844 1056 2917 superant,
1115 2845 1181 2898 ut
1236 2832 1491 2916 ποιήσω
1552 2834 1916 2917 πεποίηκα,
1974 2833 2237 2917 φιλήσω
2294 2835 2653 2917 πεφίληκα.
2744 2839 2855 2899 hoc
2899 2840 3077 2899 etiam

433 2956 483 2997 25
512 2947 859 3017 argumento
904 2938 1228 3019 probatur:
1284 2958 1420 3000 nam
1465 2957 1599 3000 cum
1645 2957 1968 3018 numquam
2010 2940 2339 3018 perfectum
2386 2946 2619 3019 tempus
2663 2960 2695 3001 a
2740 2943 2930 3020 prima
2974 2960 3080 3021 po-

506 3043 725 3102 sitione
781 3043 875 3102 sui
930 3049 990 3102 et
1046 3041 1271 3121 syllaba
1327 3048 1556 3101 crescat
1611 3050 1670 3103 et
1722 3049 2021 3121 tempore,
2080 3040 2181 3101 sed
2238 3048 2464 3101 tantum
2523 3042 2740 3111 altero,
2788 3050 2973 3104 restat
3018 3051 3081 3104 ut

506 3136 781 3222 ὤπτηκα
825 3135 1160 3224 ἠγάπηκα,
1207 3144 1257 3204 si
1305 3163 1336 3205 a
1382 3143 1801 3223 praesentibus
1846 3145 1996 3204 facta
2043 3150 2178 3204 sunt
2224 3134 2406 3202 ὀπτῶ
2449 3137 2709 3222 α’γαπῶ,
2756 3152 2814 3205 et
2859 3143 3076 3224 syllaba

507 3247 728 3307 maiora
771 3246 1147 3306 inveniantur
1191 3252 1252 3307 et
1297 3252 1595 3324 tempore,
1642 3245 1797 3325 quod
1843 3246 1970 3306 fieri
2015 3263 2122 3324 per
2168 3243 2434 3322 regulam
2477 3263 2593 3305 non
2638 3253 2864 3325 potest;
2910 3267 2942 3308 a
2987 3247 3077 3307 su-

507 3355 642 3409 turo
687 3348 868 3425 igitur
913 3350 1187 3418 veniunt,
1236 3339 1503 3428 ὀπτήσω
1537 3340 1813 3427 ὤπτηκα
1857 3352 1916 3406 et
1958 3339 2278 3425 ἀγαπήσω
2322 3337 2657 3427 ἠγάπηκα,
2703 3350 2931 3428 primae
2979 3368 3076 3408 vo-

431 3467 481 3506 ao
510 3450 657 3510 calis
703 3456 1011 3528 correptae
1056 3449 1451 3529 productione
1496 3450 1668 3510 sacta.
1758 3451 1904 3509 item
1946 3468 2079 3508 cum
2123 3466 2443 3527 numquam
2486 3451 2816 3528 perfectum
2861 3470 2892 3512 a
2939 3469 3075 3510 con-

507 3554 742 3613 sonanti
799 3553 1095 3630 incipiens
1148 3570 1257 3630 par
1312 3553 1529 3629 origini
1587 3569 1726 3611 suae
1784 3553 1863 3612 sit
1918 3568 2164 3612 numero
2220 3548 2606 3630 syllabarum,
2666 3551 3077 3613 adversabitur

503 3654 750 3731 regulae
806 3672 978 3714 omne
1035 3654 1371 3733 perfectum
1427 3651 1565 3713 τῶν
1621 3647 1715 3724 εἰς
1766 3672 1875 3733 μι,
1934 3655 2072 3733 quia
2129 3670 2332 3732 parem
2377 3656 2674 3733 praesenti
2720 3653 3076 3734 syllabarum
3117 3650 3130 3668 “

504 3773 813 3816 numerum
872 3762 1063 3825 tenet,
1122 3751 1363 3834 δίδωμι
1429 3749 1727 3833 δέδωκα,
1797 3753 2029 3835 τίθημι
2083 3749 2373 3815 τέθεικα.
2463 3755 2567 3815 sed
2624 3774 2739 3816 non
2809 3758 2890 3817 ita
2955 3761 3073 3815 est:

503 3852 699 3918 ὃω’σω
746 3859 905 3918 enim
951 3853 1213 3918 δέδωκα
1259 3856 1399 3916 fecit
1444 3862 1500 3915 et
1545 3852 1738 3935 θήσω
1785 3853 2056 3917 τέθεικα
2102 3864 2162 3916 et
2205 3858 2394 3916 crevit
2438 3854 2680 3936 syllaba.
2754 3874 3076 3936 numquam

425 3975 478 4017 35
507 3959 660 4039 apud
709 3958 966 4019 Graecos
1011 3959 1341 4038 perfectum
1387 3959 1583 4018 minus
1628 3961 1925 4038 praesenti
1974 3958 2062 4018 vel
2109 3960 2310 4019 futuro
2356 3961 2676 4019 invenitur.
2751 3962 2895 4020 item
2942 3976 3072 4017 cum

501 4078 788 4141 praesens
843 4078 875 4119 a
931 4058 1118 4119 vocali
1165 4061 1405 4139 incipit,
1465 4062 1623 4121 omni
1682 4061 1855 4121 modo
1909 4063 1970 4121 in
2033 4062 2358 4140 praeterito
2402 4040 2774 4122 movetur'in
2819 4061 3072 4137 longam.

502 4181 824 4242 numquam
869 4162 1023 4241 apud
1068 4161 1325 4222 Graecos
1366 4163 1755 4241 praeteritum
1804 4164 2134 4242 perfectum
2180 4164 2242 4222 in
2289 4161 2517 4222 duabus
2561 4160 2801 4242 syllabis
2846 4163 3072 4222 inveni-

501 4272 629 4334 tur,
690 4264 794 4326 sed
840 4271 932 4324 est
974 4262 1272 4323 interdum
1317 4282 1421 4324 sex
1464 4263 1852 4343 syllabarum,
1899 4271 1965 4324 ut
2008 4258 2600 4344 πεπολεμάρχηκα,
2656 4271 2747 4325 est
2790 4265 3072 4342 quinque,

502 4363 964 4447 πεπολέμηκα,
1022 4372 1111 4425 est
1155 4372 1463 4445 quattuor,
1510 4364 1877 4445 πεποίηκα,
1921 4373 2012 4427 est
2058 4366 2268 4434 trium,
2318 4360 2597 4444 λέλυκα,
2644 4384 2753 4425 nec
2799 4382 3074 4445 umquam

639 4587 672 4637 3
709 4600 974 4653 ενιχαιρω
998 4601 1295 4652 ενεχαιρον
1330 4586 1410 4638 Ρ.·
1450 4579 1696 4653 &nalem
1731 4589 1942 4637 coniecit
1977 4583 2268 4650 opsopoeus
2405 4577 2705 4653 ἔπιχαίρω]
2736 4601 2999 4649 sulutem
3029 4587 3078 4636 P

644 4657 709 4708 10
750 4657 950 4705 mittunt
989 4656 1039 4704 P
1176 4654 1236 4706 11
1276 4657 1360 4706 uel
1398 4658 1621 4724 passiuis
1664 4658 1915 4707 similibus
1954 4659 2004 4707 P
2049 4655 2125 4704 vel
2168 4655 2364 4721 passivi
2413 4655 2669 4706 similibus
2719 4655 2936 4704 Zemius

511 4727 575 4777 12
612 4726 917 4778 diffinitione
951 4732 1242 4778 constanter
1277 4728 1328 4776 P
1466 4726 1532 4778 20
1567 4727 1758 4781 λελικα
1797 4728 1847 4776 P
1984 4741 2076 4778 uec
2116 4735 2318 4777 moueat
2356 4727 2405 4776 P
2447 4741 2539 4776 nec
2587 4736 2753 4776 tamen
2793 4733 2840 4775 te
2876 4733 3073 4777 moueat

502 4812 618 4852 exe.
663 4797 788 4848 Bob.
928 4797 996 4849 32
1022 4796 1304 4863 praesentis
1341 4792 1390 4847 P
