3541 5564
606 331 732 397 514
1698 285 2099 395 Avcvswm
2148 313 2154 320 ’

671 455 712 497 p.
741 444 856 484 2003.
889 443 940 484 04
951 442 1015 485 sP.

608 542 741 584 cum
787 543 817 583 ι·
861 523 1058 584 littera
1092 525 1423 584 enuntiare.
1499 530 1684 583 restat
1713 521 1962 583 verbum
2006 521 2339 601 deponens,
2385 522 2544 601 quod
2588 521 2722 581 ideo
2768 521 3006 590 dicitur,
3051 524 3188 601 quia

608 609 850 687 deponit
895 609 1120 689 aliquid
1165 609 1237 668 de
1282 609 1609 688 quantitate
1655 610 1987 668 communis
2018 607 2207 668 verbi.
2296 625 2429 668 nam
2475 626 2609 667 cum
2655 608 2973 687 participia
3019 615 3187 686 quat-

609 702 742 755 tuor
784 693 1002 755 habeat
1049 693 1292 754 verbum
1338 703 1678 763 commune,
1728 711 2010 773 praesens
2040 695 2400 757 criminans.
2447 694 2712 753 futurum
2745 694 3187 762 criminaturus

607 781 994 859 praeteritum
1040 782 1416 849 criminatuS,
1462 781 1727 840 futurum
1775 797 1808 838 a
1851 781 2079 858 passiva
2125 778 2555 855 significatione
2597 778 3030 847 criminandus,
3077 778 3189 837 hoc

608 883 724 926 non
770 864 951 924 habet
995 863 1243 925 verbum
1289 864 1589 944 deponens
1632 872 1691 925 et
1734 864 1870 925 ideo
1911 864 2131 925 dicitur
2170 864 2496 943 deponens,
2544 865 2681 942 quia
2725 864 2966 943 deponit
3007 881 3191 923 unum
3217 886 3246 924 5

606 952 990 1030 participium
1047 951 1234 1010 futuri
1290 951 1577 1028 temporis
1621 967 1654 1008 a
1698 948 1881 1009 verbo
1924 951 2186 1029 passivo,
2235 948 2389 1027 quod
2445 950 2568 1008 exit
2622 951 2685 1009 in
2729 948 2839 1008 dus
2882 947 3185 1027 syllabam.

608 1043 672 1095 ut
726 1043 866 1114 puta
911 1036 1124 1114 opinor
1169 1034 1260 1094 vel
1306 1037 1500 1095 minor
1544 1029 1722 1095 v‘erba
1770 1043 1909 1095 sunt
1952 1036 2336 1114 deponentia:
2395 1035 2634 1094 venitur
2677 1033 2750 1095 ad
2806 1034 3189 1113 participium

607 1122 941 1200 praesentis
983 1122 1300 1199 temporiS,
1348 1127 1407 1181 et
1437 1121 1580 1180 facit
1610 1121 1873 1189 minanS,
1923 1121 2122 1180 futuro
2151 1127 2418 1199 tempore
2448 1120 2587 1179 facit
2620 1120 2971 1187 minaturus,
3017 1136 3189 1198 prae-

608 1208 786 1266 terito
840 1206 983 1264 facit
1038 1206 1324 1275 minatus;
1383 1207 1584 1266 futuro
1640 1224 1672 1265 a
1729 1205 2158 1283 significatione
2217 1206 2447 1284 passiva
2491 1223 2610 1264 non
2666 1205 2810 1264 facit
2853 1203 3186 1264 minanduS.

606 1292 694 1351 sic
737 1292 986 1369 opinans
1029 1292 1377 1370 opinaturus
1421 1292 1723 1370 opinatuS,
1772 1289 2103 1369 opinandus
2148 1309 2264 1351 non
2308 1291 2483 1360 facit;
2530 1288 2621 1349 vel
2651 1291 2702 1349 si
2735 1289 2895 1349 dicas
2923 1291 3189 1349 moriens
3222 1311 3272 1348 ιο

610 1377 929 1436 moriturus
974 1382 1274 1439 mortuus,
1332 1393 1447 1435 non
1493 1378 1635 1436 facit
1680 1375 2053 1446 moriendus,
2107 1376 2245 1454 quia
2290 1375 2537 1435 latinum
2584 1393 2701 1435 non
2747 1382 2857 1435 est.
2946 1392 3088 1451 ergo
3131 1381 3189 1433 et

607 1461 718 1521 hoc
763 1459 1066 1539 deponens
1109 1459 1355 1521 verbum
1399 1463 1487 1521 sic
1532 1462 1724 1520 currit
1777 1479 1886 1540 per
1941 1461 2143 1521 modos
2186 1468 2245 1520 et
2291 1469 2553 1539 tempora
2599 1466 2660 1519 et
2701 1477 3013 1538 personas,
3071 1477 3189 1538 quo

608 1546 782 1606 modo
827 1563 1004 1624 supra
1066 1545 1289 1606 dictum
1334 1554 1451 1607 est:
1510 1553 1574 1606 ut
1619 1564 1929 1607 commune
1976 1545 2222 1606 verbum
2266 1564 2384 1606 non
2428 1544 2694 1624 deposita
2738 1563 2770 1604 r
2814 1545 3013 1605 littera
3058 1544 3187 1604 lati-

606 1649 748 1691 num
794 1637 913 1700 est,
962 1631 1231 1710 deposita
1276 1639 1475 1691 autem
1518 1632 1764 1692 latinum
1811 1651 1928 1692 non
1959 1639 2079 1700 est,
2126 1634 2213 1691 sic
2244 1633 2425 1691 etiam
2457 1630 2841 1710 deponentia,
2887 1648 3021 1689 cum
3053 1649 3188 1708 per-

608 1716 870 1776 diderint
926 1735 954 1776 r
1009 1717 1296 1786 litteram,
1355 1716 1536 1777 latina
1593 1735 1711 1779 non
1768 1724 1926 1777 sunt.
2026 1715 2256 1777 subicio
2314 1718 2511 1796 itaque
2570 1734 2726 1776 nunc
2780 1733 2966 1794 pauca
3011 1714 3190 1775 verba
3220 1735 3270 1773 15

608 1802 989 1881 deponentia,
1038 1810 1234 1862 cetera
1281 1820 1422 1862 usus
1467 1801 1684 1862 latinus
1729 1802 1989 1862 docebit.
2080 1809 2217 1862 sunt
2261 1809 2456 1861 autem
2500 1802 2685 1875 haec,
2743 1802 2954 1879 opinor
2998 1802 3190 1860 minor

607 1893 809 1963 grator
865 1886 1127 1963 gratulor
1181 1885 1443 1946 arbitror
1508 1889 1808 1964 gratificor
1872 1889 2150 1966 auspicor
2205 1888 2500 1946 misereor
2567 1887 2869 1947 lenocinor
2936 1885 3191 1945 meditor

608 1973 798 2033 luctor
841 1990 1023 2032 conor
1067 1973 1358 2049 suffragor
1402 1990 1609 2033 vescor
1652 1972 1838 2032 laetor
1883 1975 2110 2033 morior
2153 1971 2489 2032 stomachor
2531 1974 2695 2032 orior
2724 1969 2984 2031 hariolor
3014 1988 3188 2047 argu—

610 2063 700 2117 tor
759 2059 1028 2136 paciscor
1079 2056 1421 2136 conplector
1466 2057 1747 2118 adversor
1794 2075 1979 2134 angor
2034 2075 2254 2137 queror
2301 2055 2354 2132 (a
2399 2058 2833 2133 significatione
2887 2054 3185 2134 querelae)

607 2144 830 2202 macior
874 2144 1195 2202 ratiocinor
1241 2151 1621 2220 argumentor
1667 2141 1939 2203 blandior
1982 2142 2218 2203 fabulor
2259 2143 2420 2202 nitor
2465 2140 2629 2202 labor
2675 2141 2727 2219 (a
2758 2142 3191 2218 significatione
3217 2160 3271 2199 zo

607 2226 821 2308 lapsus)
871 2245 1048 2305 vagor
1080 2230 1340 2288 rusticor
1369 2230 1681 2288 contionor
1728 2226 1817 2307 [id
1852 2235 1942 2288 est
1971 2228 2041 2288 ad
2072 2228 2353 2306 populum
2385 2225 2620 2307 loquor]
2672 2226 2948 2286 moechor
2980 2228 3190 2286 iucun-

608 2312 716 2372 dor
761 2313 1053 2373 vociferor
1100 2315 1412 2374 nanciscor
1462 2311 1645 2392 [quod
1693 2321 1786 2372 est
1830 2312 2096 2392 invenio]
2146 2314 2418 2391 suspicor
2463 2320 2520 2372 et
2564 2311 2701 2372 alia.
2790 2311 2942 2370 haec
2983 2312 3189 2370 memi-

606 2399 798 2466 neriS,
846 2405 910 2457 ut
954 2400 1069 2458 iam
1117 2398 1268 2468 dixi,
1316 2417 1451 2458 cum
1495 2417 1525 2457 r
1571 2399 1768 2459 littera
1816 2400 2160 2458 enuntiare:
2219 2416 2355 2458 nam
2399 2415 2572 2456 nenio
2611 2396 2758 2456 dicit
2801 2396 3041 2456 blandio
3090 2401 3192 2456 aut

606 2485 864 2562 pacisco.
952 2485 1039 2542 sic
1083 2483 1230 2543 haec
1273 2486 1469 2544 omnia
1515 2483 1885 2544 declinantur
1929 2482 2002 2543 ad
2036 2481 2040 2560 ἱ
2078 2483 2326 2543 formam
2372 2481 2787 2542 declinationis
2828 2480 2998 2541 verbi
3030 2499 3189 2540 com-

606 2570 804 2629 munis
848 2569 1002 2646 quod
1049 2568 1200 2638 dixi,
1249 2571 1554 2629 criminor.
3218 2585 3270 2625 25

775 2652 1181 2713 Tractavimus
1226 2671 1367 2731 ergo
1411 2652 1589 2714 verba
1635 2655 1854 2722 activa,
1901 2672 2050 2732 quae
2093 2654 2373 2713 dicuntur
2403 2651 2476 2714 ab
2508 2651 2764 2730 agendo;
2812 2653 3194 2712 tractavimus

607 2737 928 2808 neutralia,
987 2756 1138 2818 quae
1195 2738 1330 2799 ideo
1388 2738 1502 2799 tale
1559 2756 1773 2800 nomen
1819 2740 2147 2818 accipiunt,
2207 2737 2366 2818 quod
2424 2755 2534 2798 nec
2589 2746 2772 2815 agunt
2813 2736 3034 2817 aliquid
3080 2754 3190 2796 nec

606 2825 941 2903 patiuntur,
1000 2833 1064 2884 ut
1120 2823 1404 2893 diximuS‚
1463 2831 1554 2883 sto
1610 2827 1774 2885 iaceo
1829 2824 2008 2885 sedeo
2063 2823 2217 2884 cubo
2263 2831 2323 2883 et
2374 2825 2519 2893 alia;
2578 2825 2957 2884 tractavimus
3012 2825 3192 2882 etiam

607 2909 723 2970 alia
768 2909 1091 2978 neutralia,
1149 2927 1299 2987 quae
1346 2918 1526 2986 agunt
1571 2909 1823 2989 aliquid,
1881 2908 1985 2969 sed
2032 2928 2147 2969 non
2193 2912 2531 2988 patiuntur,
2579 2917 2636 2970 et
2679 2910 2847 2987 quasi
2894 2909 3190 2968 semineu-

605 2993 776 3055 tralia
833 2993 1147 3063 dicuntur,
1209 3002 1272 3054 ut
1326 3002 1463 3054 nato
1519 3012 1722 3063 curro,
1783 3002 1883 3055 aut
1940 2996 2247 3073 patiuntur
2303 3003 2362 3055 et
2417 3013 2532 3055 non
2590 3001 2797 3071 agunt,
2861 3000 2927 3052 ut
2981 2991 3269 3071 vapuloao

606 3079 837 3159 pendeo
883 3078 1028 3139 sudo
1073 3078 1240 3155 algeo
1286 3088 1489 3140 aestuo
1534 3079 1726 3140 febrio
1770 3081 1974 3139 ferveo
2017 3082 2248 3140 somnio
2278 3080 2530 3141 meridie
2563 3080 2729 3155 rigeo
2770 3079 2961 3155 frigeo
2994 3084 3192 3137 tumeo

606 3164 859 3242 langueo
904 3164 1033 3224 oleo
1081 3170 1253 3243 tepeo
1298 3164 1486 3225 rubeo
1530 3165 1731 3241 fulgeo
1776 3171 1986 3244 stupeo
2031 3172 2091 3224 et
2136 3166 2269 3227 alia.
2360 3168 2421 3226 in
2467 3166 2559 3225 his
2604 3163 2914 3232 omnibuS,
2963 3170 3081 3224 tam
3128 3164 3188 3222 in

605 3250 701 3310 his
744 3268 894 3328 quae
941 3267 1312 3328 nequaquam
1356 3250 1583 3330 aliquid
1632 3258 1814 3328 agunt
1842 3268 1952 3310 nec
1982 3252 2320 3329 patiuntur,
2367 3269 2542 3330 quam
2589 3251 2764 3310 etiam
2810 3248 2869 3308 in
2915 3248 3009 3308 his
3039 3266 3189 3326 quae

607 3342 787 3412 agunt
833 3353 941 3394 nec
988 3336 1324 3414 patiuntur,
1368 3354 1545 3414 quam
1589 3336 1651 3394 in
1699 3335 1793 3395 his
1836 3355 1986 3415 quae
2032 3337 2334 3414 patiuntur
2364 3335 2588 3414 aliquid
2621 3352 2728 3394 nec
2760 3342 2958 3394 tamen
2989 3340 3188 3409 agunt,

607 3438 927 3499 numquam
983 3419 1238 3481 adicitur
1282 3439 1313 3480 r
1359 3420 1586 3480 littera:
1643 3439 1780 3481 nam
1826 3422 2122 3500 incipiunt
2178 3438 2296 3480 non
2340 3440 2471 3479 esse
2518 3421 2719 3481 latina.
2809 3420 3267 3479 tractavimusss

607 3507 750 3565 item
796 3508 1129 3565 communia
1188 3512 1249 3565 et
1293 3507 1703 3585 exposuimus,
1763 3506 1920 3566 unde
1966 3508 2299 3567 communia
2345 3505 2653 3574 dicuutur,
2712 3506 2850 3583 quia
2895 3505 3190 3563 actionem

609 3593 667 3649 in
715 3608 778 3649 se
823 3597 1030 3650 tenent
1073 3598 1132 3651 et
1177 3592 1530 3669 passionem.
1621 3593 2001 3652 tractavimus
2045 3591 2400 3670 deponentia
2448 3597 2508 3651 et
2551 3592 2958 3669 exposuimuS,
3006 3606 3190 3667 quare

606 3676 963 3753 deponentia
1009 3675 1315 3745 dicuntur,
1373 3678 1510 3755 quia
1556 3675 1862 3756 deponunt
1917 3678 2101 3738 futuri
2149 3677 2436 3756 temporis
2493 3676 2872 3755 participium
2928 3693 2959 3734 a
3005 3675 3189 3750 signi-

605 3762 877 3821 ficatione
922 3762 1185 3839 passiva,
1243 3762 1400 3841 quod
1445 3763 1566 3822 exit
1610 3764 1672 3822 in
1719 3761 1858 3831 dus,
1916 3764 2054 3841 quia
2099 3762 2446 3821 moriendus
2490 3760 2834 3838 gloriandus
2880 3758 3187 3818 blandien-

605 3847 715 3906 dus
772 3853 831 3905 et
889 3845 1028 3914 alia,
1086 3864 1236 3924 quae
1296 3848 1542 3906 veniunt
1597 3866 1628 3906 a
1686 3845 2124 3925 deponentibus
2178 3846 2418 3915 verbis,
2489 3864 2609 3905 nou
2663 3846 2938 3905 dicimuS.
3046 3862 3189 3903 sane
3218 3864 3271 3903 ιο

605 3933 821 3992 artium
869 3932 1194 4010 scriptores
1237 3931 1585 3992 adiecerunt
1629 3931 1805 3992 aliam
1864 3931 2032 3992 verbi
2074 3934 2364 4011 speciem,
2422 3950 2596 4010 quam
2643 3935 3001 3991 vocaverunt
3045 3947 3189 3988 neu-

606 4018 1010 4096 tropassivam.
1067 4015 1170 4075 sed
1219 4016 1328 4076 hoc
1373 4017 1668 4078 novellum
1712 4034 1900 4094 genus
1944 4016 2112 4078 verbi
2145 4017 2440 4096 euphonia
2472 4018 2725 4084 invenit,
2772 4022 2832 4075 et
2875 4016 2937 4074 in
2982 4016 3188 4092 paucis

605 4110 695 4162 cst
739 4100 965 4170 verbiS,
1012 4109 1077 4161 ut
1120 4102 1366 4178 gaudeo.
1441 4105 1718 4183 quoniam
1763 4102 1978 4164 durum
2023 4110 2152 4163 erat
2195 4108 2260 4162 ut
2303 4102 2638 4162 diceremus
2681 4101 3007 4180 praeterito
3039 4106 3186 4159 tem-

745 4274 770 4324 1
808 4273 1034 4321 nuntiare
1064 4272 1155 4329 Fs·
1294 4274 1326 4322 4
1364 4272 1588 4322 futurum
1621 4272 1968 4323 criminandus
2003 4289 2033 4322 a
2065 4274 2277 4339 passiua
2310 4270 2683 4337 significatione
2719 4268 3062 4319 criminandus
3100 4269 3188 4324 1⁴²5

705 4342 739 4391 9
766 4342 960 4407 passini
986 4342 1073 4396 Ἐς
1160 4342 1223 4393 13
1249 4351 1303 4393 ut
1333 4358 1426 4396 om.
1446 4343 1538 4400 Fas
1622 4344 1686 4394 15
1712 4359 1846 4392 nunc
1873 4340 2053 4410 pauca]
2091 4357 2187 4391 uon
2215 4357 2375 4408 parua
2398 4341 2449 4390 F
2518 4341 2582 4392 16
2603 4350 2721 4389 sunt
2749 4348 2916 4388 autem
2945 4340 3126 4403 opinor
3152 4352 3186 4393 ς

603 4412 647 4461 si
674 4421 839 4461 autem
877 4411 1058 4477 opinor
1091 4412 1142 4460 F
1246 4413 1310 4463 17
1347 4421 1521 4479 grator
1552 4421 1601 4462 et
1632 4413 1861 4480 gratulor
1895 4413 1946 4461 F
2051 4414 2112 4464 18
2150 4410 2328 4478 laetor]
2371 4411 2513 4459 lezor
2552 4411 2599 4459 F
2701 4410 2891 4459 morior.
2922 4407 3188 4458 maenius

605 4496 771 4532 moror
793 4482 880 4539 Fe
952 4480 1175 4553 hariolos*
1199 4483 1336 4533 lezor
1366 4483 1420 4532 id
1442 4491 1519 4532 est
1542 4484 1708 4534 colore
1738 4484 1923 4549 pingor
1952 4482 2159 4548 argutor
2182 4497 2217 4539 ς
2288 4482 2351 4532 21
2384 4480 2662 4529 uucumdor
2686 4495 2820 4529 corr.
2850 4478 3098 4528 iucundor
3121 4477 3187 4541 F,

602 4568 694 4606 om.
738 4565 772 4607 ς
910 4553 980 4601 22
1017 4552 1152 4613 quod
1189 4561 1268 4603 eat
1301 4554 1533 4603 inuenior
1570 4554 1621 4603 F
1753 4553 1880 4602 haec
1915 4570 2008 4607 om.
2050 4554 2139 4610 Fs‘
2277 4551 2344 4601 26
2376 4565 2505 4612 quae
2542 4552 2656 4600 ideo
2693 4550 2930 4599 dicuntur
2958 4549 3046 4605 Fe

601 4623 669 4671 27
708 4622 841 4686 quod
880 4636 979 4672 non
1019 4630 1178 4687 agunt
1212 4625 1263 4673 F
1397 4622 1466 4674 30
1514 4638 1660 4673 curro
1698 4632 1754 4673 ut
1791 4622 2045 4687 patiantur
2090 4631 2139 4670 et
2180 4636 2281 4672 non
2319 4628 2474 4686 agant
2505 4620 2555 4669 F
2595 4634 2743 4669 curro
2784 4617 2886 4667 alia
2927 4632 3056 4680 quae
3091 4632 3182 4683 pa-

603 4693 787 4741 tiantur
823 4700 871 4741 et
908 4707 1005 4740 non
1046 4701 1203 4756 agant
1236 4707 1270 4749 ς
1374 4692 1441 4743 32
1479 4691 1648 4759 tepeo]
1692 4702 1840 4744 teneo
1874 4692 1935 4753 F,
1965 4707 2056 4743 om.
2094 4706 2128 4749 ς
2232 4693 2282 4741 ίιι
2323 4691 2402 4740 his
2432 4687 2689 4754 omnibus]
2724 4688 2849 4737 haec
2883 4688 3052 4739 omnia
3086 4688 3136 4737 F
3147 4701 3184 4743 ς

740 4759 805 4807 :35
849 4761 1085 4810 adiicitur
1119 4763 1169 4811 in
1207 4762 1285 4813 his
1323 4763 1486 4812 littera
1524 4778 1547 4810 r
1583 4777 1617 4825 ς
1755 4763 1821 4813 37
1865 4776 2021 4824 quare
2058 4762 2366 4831 deponentia
2404 4760 2522 4825 quia
2550 4759 2601 4807 F
2631 4773 2788 4824 quare
2824 4759 3056 4810 dicantur
3093 4759 3182 4809 de·

604 4831 841 4903 pouemia
878 4832 994 4893 quia
1032 4844 1066 4887 ς
1329 4840 1340 4849 ”
