3541 5564
972 326 1372 446 ExcEIil‘TA
1418 381 1762 445 PAmStNA
1814 383 2109 445 x—-xul
2722 379 2837 443 611

2446 503 2488 544 p.
2515 492 2720 533 8743—-15
2749 489 2796 530 Ρ.

433 572 518 636 De
548 575 888 644 indicativo,
919 574 1022 654 qui
1050 579 1111 633 et
1138 573 1496 634 definitivus.
1553 571 1911 634 indicativus
1941 570 2121 632 habet
2149 571 2475 633 absolutam
2499 572 2572 632 de
2597 590 2662 632 rc
2693 589 2843 651 quae
2872 579 2966 629 147
2995 577 3059 626 v.

266 681 466 757 agitur
510 676 521 757 l
566 677 1131 757 pronuntiationem.
1221 694 1355 736 nam
1410 676 1512 754 qui
1557 673 1700 735 dicit
1743 674 1914 735 ποιῶ
1959 673 2216 735 ostendit
2258 676 2420 745 fleri;
2492 674 2596 754 qui
2650 680 2847 736 autem

266 781 409 841 dicit
459 778 638 841 ποίει
690 786 756 840 ut
810 779 911 839 fiat
953 779 1239 858 imperat;
1295 779 1397 857 qui
1447 776 1595 837 dicit
1640 773 1702 837 εί
1741 782 1998 857 ποιοῖμι
2041 784 2205 855 optat
2250 784 2316 837 ut
2358 778 2490 847 fiat3
2555 777 2658 856 qui
2701 776 2849 836 dicit

268 875 394 945 ἐὰν
431 881 603 943 ποιῶ
647 880 901 942 necdum
946 880 1079 941 lieri
1125 879 1523 950 demonswan
1568 897 1704 940 cum
1748 878 1896 939 dicit
1928 885 2171 957 ποιεῖν,
2216 879 2376 940 nulla
2423 879 2690 941 definitio
2735 887 2847 940 est.

214 1011 241 1051 s
267 984 428 1046 solus
490 986 677 1063 igitur
738 982 1015 1044 definitus
1059 982 1387 1062 perfectam
1453 983 1541 1042 rei
1600 981 2002 1042 definitionem
2048 982 2343 1042 continet:
2413 982 2569 1042 unde
2636 981 2849 1043 Graeci

264 1078 614 1166 ἆριστικήν
683 1082 1017 1163 ἔγκλισιν,
1083 1083 1279 1146 Latini
1347 1083 1584 1144 modum
1639 1083 2005 1144 definitivum
2063 1085 2485 1145 vocitaverunt.
2588 1083 2848 1163 denique

265 1189 460 1250 omnia
504 1194 771 1267 tempora
816 1188 879 1247 in
916 1183 1035 1246 hoc
1080 1185 1204 1246 solo
1249 1185 1421 1246 modo
1467 1185 1763 1247 disiuncta
1810 1193 1870 1246 et
1913 1184 2101 1245 libera
2148 1186 2557 1266 proferuntur.
2646 1185 2852 1246 dicunt

266 1293 427 1353 enim
459 1285 825 1362 ἐνεστῶτος
865 1287 1057 1357 ποιῶ,
1090 1287 1548 1368 παρατατικοῦ
1581 1284 1891 1349 ἐποίουντ
1939 1293 1996 1347 a't
2036 1289 2098 1348 in
2130 1288 2480 1367 imperativo
2525 1290 2851 1365 iunguntur

263 1394 412 1455 haec
469 1400 735 1471 tempora
797 1386 1160 1462 ἐνεστῶτος
1202 1385 1315 1450 καὶ
1367 1389 1826 1469 παρατατικοῦ
1879 1386 2089 1468 ποίει,
2145 1391 2288 1449 item
2345 1391 2407 1450 in
2474 1392 2852 1452 coniunctivo

192 1520 240 1560 ιο
269 1490 631 1566 ἐνεστῶτος
687 1489 800 1554 καὶ
854 1491 1311 1569 παρατατικοῦ
1358 1484 1482 1553 ἐὰν
1524 1490 1730 1569 ποιῶ,
1790 1498 1852 1551 et
1894 1492 1956 1552 in
2012 1493 2272 1572 optativo
2329 1486 2694 1564 ἐνεστῶτος
2737 1489 2851 1553 καὶ

266 1595 723 1676 παρατατικοῦ
770 1590 831 1656 εἰ
858 1600 1130 1675 ποιοῖμι.
1165 1596 1225 1655 in
1257 1594 1548 1655 infinitivo
1581 1588 1946 1665 ἐνεστῶτος
1972 1590 2086 1653 καὶ
2117 1594 2575 1671 παρατατικοῦ
2603 1600 2847 1656 ποιεῖν.

265 1698 544 1761 similiter
599 1697 953 1759 indicativus
1006 1689 1506 1776 παρακειμένου
1563 1696 1703 1755 facit
1758 1692 2093 1775 πεποίηκα
2151 1703 2210 1756 et
2265 1687 2851 1776 ὑπερσυντελικοῦ

269 1794 727 1879 ἐπεποιήκεινε
778 1800 1162 1878 imperativus
1205 1816 1348 1858 vero
1390 1790 1893 1878 παρακειμένου
1936 1793 2048 1858 καὶ
2098 1790 2680 1878 ὑπερσυντελικοῦ
2710 1801 2853 1861 facit

266 1900 587 1982 πεποίηκε
639 1896 1087 1981 πεποιηκὲτω,
1143 1907 1204 1961 et
1257 1902 1670 1961 coniunctivus
1723 1894 2224 1980 παρακειμένου
2279 1895 2392 1960 καὶ
2436 1893 2852 1979 ὑπερσυντε-

192 2030 242 2072 15
269 2002 466 2064 λικοῦ
521 1995 643 2064 ἐὰν
685 1997 1062 2084 πεποιήκει,
1106 2005 1400 2083 optativus
1441 1996 1944 2084 παρακειμένου
2009 1998 2122 2063 καὶ
2166 1995 2748 2083 ὑπερσυντελικοῦ
2796 2000 2857 2065 εἰ

266 2100 718 2186 πεποιήκοιμι,
764 2105 1031 2166 infinitus
1072 2099 1532 2185 πεποιηκέναι.
1597 2124 1804 2167 rursus
1851 2105 2206 2167 indicativus
2250 2107 2438 2166 utitur
2484 2105 2853 2184 temporibus

267 2208 574 2287 separatis,
620 2225 754 2267 cum
800 2206 1020 2267 dicitur
1061 2199 1380 2287 ἀορίστου
1427 2204 1732 2287 ἐποίησα,
1778 2202 2138 2288 μέλλοντος
2181 2202 2467 2289 ποιήσωτ
2515 2208 2619 2268 sed
2665 2210 2851 2287 impe-

264 2312 492 2375 rativus
545 2310 689 2369 facit
741 2301 1062 2388 ἀορίστου
1119 2304 1232 2369 καὶ
1286 2299 1648 2389 μέλλοντος
1689 2308 2008 2388 ποίησον,
2064 2311 2477 2371 coniunctivus
2532 2302 2854 2388 ἀορίστου

269 2409 382 2473 καὶ
438 2406 804 2493 μέλλοντος
861 2403 983 2473 ἐὰν
1037 2406 1322 2492 ποιήσαις
1384 2414 1679 2490 optativus
1724 2430 1865 2473 vero
1911 2420 1969 2472 et
2035 2412 2301 2472 infinitus
2345 2412 2491 2472 haec
2535 2412 2658 2473 sola
2704 2418 2851 2471 tem-

190 2545 241 2584 20
268 2534 411 2596 pora
466 2514 778 2594 proferunt
835 2520 1134 2593 separata,
1192 2507 1542 2595 ποιήσαιμι
1594 2510 1707 2574 καὶ
1765 2509 2109 2595 ποιήσοιμι
2164 2521 2226 2574 et
2279 2512 2379 2574 ille
2424 2512 2699 2593 ποιῆσαι
2741 2508 2854 2573 καὶ

267 2611 597 2696 ποιήσειν.
682 2617 975 2696 optativus
1021 2615 1382 2677 Graecorum
1438 2633 1548 2675 nec
1592 2617 2303 2696 minusquampersectum
2359 2634 2470 2677 nec
2513 2615 2852 2696 plusquam-

268 2721 597 2801 perfectum
666 2725 900 2798 tempus
954 2717 1212 2779 admisit.
1311 2719 1547 2800 utrique
1604 2736 1748 2808 ergo
1804 2718 2041 2779 modum
2110 2720 2452 2797 integritate
2522 2725 2853 2800 temporum

269 2820 525 2883 liberum
581 2823 905 2882 contractis
961 2825 1022 2882 et
1078 2821 1357 2882 coartatis
1400 2823 1529 2883 iure
1574 2829 1965 2903 praeponunt.
2050 2821 2369 2883 derivativa
2412 2821 2612 2892 verba,
2648 2808 2717 2882 'id
2764 2831 2854 2882 est

271 2941 340 2983 ea
385 2940 534 3003 quae
583 2941 654 2983 ex
698 2922 900 2983 verbis
944 2923 1078 2984 aliis
1143 2923 1513 2995 derivantur,
1572 2943 1690 2984 non
1737 2926 1853 2985 nisi
1900 2943 1970 2984 ex
2017 2924 2319 2984 definitivo
2374 2924 2665 3002 originem
2725 2941 2850 2984 sor-

194 3054 248 3094 25
276 3025 531 3095 tiuntur,
590 3031 656 3085 ut
710 3032 800 3086 est
851 3025 1002 3104 θρῶ
1049 3025 1377 3105 principale
1435 3032 1493 3086 et
1553 3044 1624 3086 ex
1670 3044 1740 3085 eo
1784 3026 2169 3088 derivativum
2214 3020 2478 3106 θραύω.
2567 3026 2653 3086 sic
2699 3025 2852 3104 apud

271 3126 511 3187 Latinos
556 3125 894 3188 meditativa
940 3136 999 3189 et
1041 3128 1376 3188 inchoativa
1422 3135 1483 3188 et
1526 3129 1962 3208 frequentativa
2016 3127 2196 3188 verba
2253 3135 2391 3189 sunt
2434 3147 2504 3189 ex
2550 3129 2854 3190 definitivo

271 3227 447 3290 modo
490 3226 809 3288 verborum
852 3229 1271 3309 principalium
1317 3213 1601 3291 d'erivata.
1660 3232 1969 3310 speciatlm
2015 3249 2156 3291 vero
2187 3230 2369 3291 verba
2413 3231 2569 3311 apud
2595 3230 2855 3291 Graecos

271 3348 422 3411 quae
468 3331 530 3390 ln
573 3350 648 3411 μι
676 3337 894 3423 exeunt
937 3349 1009 3391 ex
1053 3331 1359 3392 definitivo
1402 3339 1587 3393 tracta
1633 3340 1773 3393 sunt
1816 3332 1984 3392 verbi
2028 3334 2091 3394 in
2137 3353 2189 3393 ω
2234 3335 2526 3403 exeuntis,
2574 3340 2640 3393 ut
2682 3333 2855 3394 τιθῶ

270 3429 537 3512 τίθημι,
593 3427 761 3492 διδῶ
816 3427 1087 3513 δίδωμι,
1135 3429 1297 3494 [στῶ
1351 3428 1593 3514 ἵστημι.
1681 3437 1825 3495 item
1885 3437 2122 3497 nomina
2167 3453 2238 3495 ex
2284 3434 2486 3496 verbis
2529 3437 2853 3504 nascentia,

194 3564 247 3604 ω
272 3552 424 3615 quae
479 3532 569 3594 illi
619 3531 628 3612 Ι
677 3527 973 3615 ὀνόματα
1037 3529 1365 3616 ρηματικά
1406 3543 1642 3606 vocant,
1700 3536 1774 3597 de
1830 3537 1941 3604 hoc
2000 3537 2125 3599 solo
2175 3537 2350 3598 modo
2401 3537 2512 3598 sub
2560 3539 2717 3598 varia
2764 3537 2856 3597 vel

270 3652 661 3716 personarum
709 3636 797 3696 vel
853 3645 1186 3716 temporum
1233 3636 1627 3699 declinatione
1684 3640 2034 3719 procedunt.
2122 3657 2258 3700 nam
2322 3658 2539 3700 nomen
2584 3632 2855 3719 γράμμα

272 3756 343 3798 ex
388 3739 580 3817 prima
625 3755 899 3818 persona,
949 3738 1007 3799 id
1054 3747 1144 3800 est
1187 3734 1587 3820 γέγραμμαι,
1644 3749 1846 3803 natum
1893 3748 1953 3801 et
1996 3760 2212 3803 nornen
2257 3736 2514 3821 ψάλτης
2557 3760 2628 3801 ex
2676 3743 2851 3801 tertia

270 3858 550 3920 persona,
606 3858 758 3921 quae
803 3848 893 3901 est
937 3838 1250 3920 ἔψαλται,
1309 3842 1639 3920 profectum
1697 3844 2035 3904 litterarum
2091 3862 2241 3924 quae
2300 3845 2362 3904 in
2418 3851 2672 3923 utroque
2718 3851 2853 3903 sunt

270 3941 599 4003 similitudo
644 3941 851 4012 docet;
898 3944 1041 4003 item
1086 3938 1310 4024 τύμμα
1354 3936 1486 4004 ἀπὸ
1515 3940 2017 4025 παρακειμένου
2046 3946 2168 4007 τοῦ
2197 3940 2545 4026 τὲτυμμαι,
2592 3942 2856 4025 ποίησις

194 4072 245 4112 35
271 4051 468 4105 autem
524 4033 657 4105 ἀπὸ
712 4038 1076 4124 μέλλοντος
1127 4046 1251 4107 τοῦ
1305 4041 1562 4128 ποιήσω
1616 4050 1918 4126 conposita
1978 4056 2136 4108 sunt.
2225 4049 2421 4109 omnia
2467 4054 2663 4109 tamen
2708 4046 2853 4107 haec

273 4147 511 4207 nouiina
556 4145 630 4207 ab
677 4146 995 4208 indicativo
1043 4149 1304 4209 veniunt.
1362 4148 1619 4228 denique
1666 4147 1850 4210 Stoici
1896 4150 2052 4211 hunc
2097 4150 2285 4211 solum
2330 4149 2569 4211 modum
2601 4155 2850 4236 rectum,

273 4247 453 4309 veluti
511 4249 968 4318 nominativum,
1035 4257 1095 4309 et
1139 4250 1399 4329 reliquos
1443 4248 1747 4330 obliquos,
1807 4253 1961 4312 sicut
2015 4271 2187 4315 casus
2228 4254 2565 4322 nominum,
2611 4269 2852 4312 vocave-

272 4356 434 4409 runt.
523 4349 965 4412 rationabiliter
1008 4357 1208 4412 autem
1252 4351 1572 4413 declinatio
1626 4351 1700 4412 ab
1757 4354 1948 4413 activo
1993 4354 2231 4416 inchoat
2246 4385 2274 4423 ,·
2307 4354 2463 4434 quod
2508 4360 2675 4414 actus
2718 4372 2849 4432 pas-

274 4451 502 4512 sionem
548 4453 885 4532 praecedit;
933 4451 1084 4514 hene
1130 4455 1309 4515 etiam
1353 4473 1386 4515 a
1429 4456 1639 4534 prima,
1700 4472 1814 4516 non
1860 4455 1976 4517 alia
2019 4474 2294 4535 persona,
2340 4455 2494 4535 quod
2541 4457 2732 4535 prima
2778 4455 2851 4516 de

411 4673 436 4720 1
472 4670 700 4723 linitiuus
731 4690 871 4734 corr.
897 4676 963 4726 al.
987 4691 1049 4723 m.
1077 4673 1375 4724 diffinitinus
1401 4675 1451 4724 P
1548 4673 1761 4724 solutam
1791 4676 1841 4725 P
1859 4675 2289 4726 absolutissimam
2314 4692 2431 4726 exc.
2457 4676 2589 4727 Bab.
2682 4677 2714 4727 5
2736 4692 2852 4742 per-

273 4737 407 4788 seete
433 4739 501 4788 rei
530 4740 821 4792 definitione
847 4743 1136 4792 continetur
1160 4743 1208 4792 P
1314 4745 1376 4793 12
1401 4758 1827 4808 παρακειμενον
1850 4744 1969 4794 facit
1991 4759 2281 4810 πεποιηκα
2308 4755 2357 4794 et
2379 4746 2852 4810 υπερσυντελικον

271 4807 323 4856 P
459 4809 519 4857 17
546 4806 750 4877 dicitur]
777 4810 901 4859 dicit
924 4805 974 4860 P
1083 4813 1150 4862 20
1172 4820 1407 4876 separata
1432 4811 1513 4861 hic
1535 4804 1841 4876 ποιήσαιμι
1879 4814 2096 4864 Ζωηίαε
2208 4815 2271 4863 21
2299 4813 2849 4878 plusquamperfectum

272 4885 473 4940 tempus
509 4875 725 4928 Zeunius
756 4878 1033 4944 perfectum
1070 4887 1271 4946 tempus
1295 4880 1347 4929 P
1479 4881 1543 4931 27
1577 4871 1717 4947 aimo
1749 4891 1933 4946 graeco
1958 4882 2007 4934 P
2139 4883 2206 4933 29
2239 4879 2383 4932 διδῶ
2407 4897 2498 4934 om.
2537 4882 2587 4933 P
