3541 5564
1640 341 1785 402 ARS
2892 350 3018 414 335

427 524 657 590 eadem
689 546 858 610 quae
889 522 1281 588 Consentius
1312 522 1354 589 l.
1388 547 1444 588 6.
1492 522 1872 587 Palaemoni
1905 525 2136 590 tribuit
2167 525 2250 590 de
2295 530 2701 614 temporibus
2734 534 3013 618 optativi

427 638 493 691 et
533 624 931 690 coniunctivi
986 625 1384 710 antiquiores
1428 624 1690 688 Donato
1750 625 1987 690 artium
2038 629 2387 713 scriptores
2435 629 2736 696 docuisse
2782 634 3015 700 scribit

424 728 802 792 Priscianus
868 726 909 790 l.
975 725 1217 791 XVIII
1272 747 1335 810 p.
1394 725 1551 806 266,
1611 726 1708 791 10.
1781 725 1863 790 de
1920 727 2138 792 Pansa
2205 728 2366 792 nihil
2433 741 2708 797 constat.
2809 736 3012 821 Aspri

427 829 750 894 sententia
795 827 877 891 de
922 825 1381 913 episynalipha
1423 826 1489 908 in
1521 848 1717 890 versu
1745 826 2025 912 Vergilii
2055 828 2222 892 Aen.
2257 828 2290 892 I
2318 831 2359 895 3
2404 830 2583 896 sacta
2625 832 2712 897 ad
2744 836 3011 901 Aemilii

425 930 626 1015 Aspri
672 928 1205 994 commentarium
1235 926 1688 1011 Vergilianum
1734 928 1964 993 referri
2010 932 2270 1015 poterit.
2345 931 2461 995 sed
2503 935 2770 1017 gravius
2816 958 3010 1022 quam

423 1032 582 1097 11666
625 1031 916 1111 1101111116,
963 1052 1130 1115 (11166
1175 1027 1446 1113 singulis
1493 1027 1652 1093 locis
1683 1042 2189 1096 commemorata
2218 1042 2399 1114 sunt,
2446 1045 2548 1098 est
2588 1034 2788 1118 illud,
2833 1039 3010 1122 quod

421 1156 538 1219 per
591 1141 800 1198 totum
853 1131 1092 1196 librum
1154 1129 1232 1194 de
1286 1128 1545 1194 nomine
1604 1139 1669 1194 et
1725 1132 1929 1198 verbo
1987 1130 2269 1217 plurima
2328 1142 2393 1196 et
2449 1155 2595 1198 cum
2638 1136 2898 1203 Donato
2944 1152 3010 1205 et

421 1257 568 1299 cum
613 1233 911 1298 Charisio
969 1240 1034 1296 et
1088 1231 1408 1296 Diomede
1464 1233 1893 1298 consentiunt.
1985 1243 2052 1299 et
2101 1234 2437 1300 Donatum
2491 1235 2753 1320 quidem
2806 1239 2874 1302 in
2930 1264 3008 1305 ea

420 1344 607 1421 parte
650 1356 818 1421 quae
876 1343 977 1398 est
1032 1332 1114 1397 de
1169 1333 1429 1399 nomine
1472 1355 1604 1397 non
1649 1332 1857 1397 solum
1904 1334 2131 1399 ordine
2174 1357 2389 1399 rerum
2435 1359 2600 1422 quae
2644 1348 3008 1406 tractantur

420 1445 485 1500 et
528 1438 776 1502 ratione
821 1433 1198 1522 disputandi
1242 1442 1535 1512 servata,
1591 1433 1708 1498 sed
1766 1435 1965 1500 etiam
2023 1437 2243 1501 verbis
2300 1439 2592 1522 repetitis
2640 1451 2776 1504 tam
2819 1462 3003 1507 accu-

418 1547 557 1603 rate
613 1539 905 1624 sequitur
964 1535 1387 1616 0011861111118,
1445 1545 1517 1600 111
1571 1545 1685 1600 aut
1736 1536 1951 1622 ipsum
2008 1538 2343 1629 Donatum
2400 1549 2515 1603 aut
2569 1540 3001 1627 antiquiorem

418 1649 750 1705 auctorem
796 1639 880 1704 ab
921 1637 1036 1702 illo
1082 1658 1462 1722 expressum
1508 1636 1566 1700 ei
1611 1646 1763 1701 ante
1809 1637 2030 1703 oculos
2075 1639 2280 1703 fuisse
2324 1661 2589 1704 necesse
2633 1641 2737 1706 sit.
2813 1643 2881 1705 in
2925 1667 3004 1708 ea

416 1751 603 1827 parte
648 1748 864 1805 autem
911 1761 1079 1824 quae
1135 1747 1238 1803 est
1290 1738 1371 1802 de
1414 1738 1619 1802 verbo
1664 1759 2054 1825 quamquam
2110 1741 2304 1825 paulo
2349 1739 2607 1826 longius
2652 1764 2693 1805 6
2737 1744 2999 1810 Donato

414 1841 690 1922 recedit,
745 1849 963 1904 tamen
1017 1839 1086 1902 in
1141 1841 1263 1903 1166
1318 1861 1574 1925 (1110(1116
1630 1849 1856 1924 aperte
1912 1840 1996 1905 ab
2049 1840 2163 1905 illo
2220 1841 2480 1927 pendet.
2571 1841 2696 1907 huc
2749 1844 3002 1911 accedit

413 1941 583 2028 quod
629 1964 774 2006 cum
818 1942 898 2005 iis
944 1963 1198 2027 quoque
1242 1941 1354 2026 qui
1399 1940 1898 2005 commentarios
1936 1941 2005 2004 in
2034 1942 2370 2008 Donatum
2417 1944 2821 2031 scripserunt
2850 1968 2998 2011 6011-

411 2041 601 2128 plura
642 2043 1012 2109 communia
1055 2041 1271 2106 habet.
1362 2062 1563 2126 quare
1609 2063 1736 2127 quo
1796 2042 2058 2107 facilius
2102 2042 2211 2108 ille
2264 2066 2618 2109 consensus
2665 2045 2997 2132 intellege-

410 2154 624 2226 retur,
669 2166 972 2208 numeros
1018 2143 1430 2228 paginarum·
1455 2152 1522 2207 et
1562 2164 1874 2207 versuum
1921 2165 2004 2207 ex
2046 2165 2191 2208 mea
2237 2145 2520 2210 editione
2566 2146 2816 2212 Donati
2860 2150 2992 2214 suis

411 2243 565 2309 10618
611 2247 680 2309 111
724 2245 1132 2330 marginibus
1179 2243 1520 2329 adscripsi.
1611 2242 1895 2307 Charisii
1939 2266 2095 2309 vero
2142 2256 2207 2311 et
2250 2244 2592 2310 Diomedis
2637 2269 2991 2314 consensus

407 2370 540 2412 non
584 2346 792 2413 solum
838 2347 923 2410 ad
968 2368 1044 2409 ea
1087 2367 1254 2431 quae
1298 2343 1427 2409 illis
1459 2366 1606 2408 cum
1635 2344 1899 2409 Donato
1929 2348 2298 2410 communia
2329 2357 2482 2412 sunt
2526 2349 2828 2433 pertinet,
2875 2350 2991 2415 sed

406 2449 603 2513 etiam
647 2470 731 2512 ex
773 2450 856 2512 iis
912 2469 1078 2533 quae
1123 2445 1486 2532 praeceptis
1530 2445 1782 2510 Donati
1837 2469 1876 2510 a
1920 2446 2268 2512 Consentio
2315 2447 2544 2513 addita
2588 2459 2740 2513 sunt
2783 2451 2991 2516 multa

405 2571 552 2613 cum
595 2550 677 2613 iis
723 2570 890 2635 quae
934 2546 1111 2633 apud
1165 2546 1314 2613 illos
1371 2548 1682 2632 leguntur
1735 2545 1927 2632 plane
1972 2549 2410 2614 consentiunt.
2499 2552 2685 2614 cuius
2729 2553 2987 2635 generis

404 2648 703 2735 exempla
744 2648 1031 2713 maxime
1077 2647 1530 2714 memorabilia
1575 2658 1727 2713 sunt
1772 2649 1965 2731 11666,
2012 2671 2181 2736 (11166
2225 2649 2578 2736 adscriptis
2624 2650 2788 2717 locis
2821 2652 2985 2717 Cha-

403 2753 540 2817 risii
587 2761 651 2817 et
694 2749 1070 2832 DiomediS,
1127 2750 1243 2816 ubi
1296 2750 1526 2816 eadem
1582 2762 1935 2836 praecepta
1990 2761 2168 2834 sunt,
2215 2750 2536 2835 indicavi,
2583 2775 2645 2839 p.
2691 2752 2859 2818 2032
2905 2753 2987 2819 de

402 2854 662 2919 casibus
708 2854 925 2918 Diom.
972 2874 1035 2937 p.
1082 2852 1238 2931 301,
1284 2853 1388 2917 32.
1436 2850 1688 2917 ChariS.
1739 2852 1888 2932 154,
1936 2853 2012 2934 6;
2060 2876 2124 2939 p.
2170 2853 2341 2919 2035
2386 2852 2468 2916 de
2511 2855 2770 2918 nomine
2827 2861 2986 2921 alius

400 2955 708 3039 genetivo
754 2962 1016 3018 carente
1061 2952 1315 3017 Charis.
1362 2975 1426 3038 p.
1478 2953 1631 3033 159,
1677 2953 1780 3017 28.
1831 2953 2049 3018 1)10111.
2097 2977 2158 3039 p.
2205 2954 2363 3035 333,
2409 2954 2522 3036 283
2581 2977 2644 3039 p.
2690 2953 2860 3019 2050
2902 2956 2983 3020 (16

399 3054 990 3140 significationibus
1036 3054 1382 3119 verborum
1416 3054 1632 3118 Diom.
1679 3077 1737 3139 p.
1772 3054 1916 3133 336,
1968 3054 2077 3135 183
2136 3077 2199 3140 p.
2232 3054 2402 3118 2065
2448 3054 2528 3118 (16
2574 3057 2777 3120 verbo
2822 3063 2983 3122 soleo

398 3157 621 3221 futuro
678 3165 939 3220 carente
997 3155 1252 3220 Charis.
1297 3178 1358 3242 p.
1406 3154 1562 3233 248,
1613 3154 1722 3235 103
1782 3177 1845 3239 p.
1894 3155 2065 3219 2070
2109 3155 2191 3218 (16
2237 3154 2482 3240 duplici
2527 3158 2982 3240 coniugatione

397 3256 583 3323 verbi
627 3264 766 3322 lavo
808 3257 1023 3321 Diom.
1070 3278 1133 3341 p.
1179 3256 1326 3337 381,
1378 3255 1487 3337 123
1535 3278 1597 3340 p.
1628 3255 1794 3319 2071
1829 3278 1966 3341 sqq.
2011 3255 2502 3320 observationes
2548 3256 2629 3320 de
2674 3266 2982 3343 quattuor

396 3357 964 3442 coniugationibus
1020 3358 1369 3422 verborum
1428 3355 1679 3420 Charis.
1737 3379 1803 3441 p.
1855 3357 1974 3420 176
2020 3378 2159 3442 sqq.
2216 3356 2433 3421 Diom.
2494 3380 2559 3443 p.
2615 3358 2743 3422 346
2796 3381 2976 3444 sqq.;

394 3484 459 3546 p.
505 3460 672 3524 2073
735 3458 815 3522 (16
871 3459 1159 3545 perfecto
1218 3467 1506 3543 tempore
1561 3458 1750 3522 verbi
1801 3464 1956 3522 salio
2022 3458 2241 3523 Diom.
2295 3481 2360 3543 p.
2414 3459 2573 3540 374,
2619 3459 2688 3539 53
2747 3459 2836 3524 ib.
2897 3460 2976 3525 de

394 3560 741 3646 participio
787 3567 915 3624 iens
959 3559 1211 3624 Charis.
1258 3582 1321 3645 p.
1372 3559 1509 3639 173,
1559 3559 1594 3623 7
1643 3568 1709 3623 61
1750 3559 1899 3640 261,
1950 3560 2059 3641 13;
2108 3558 2188 3623 (16
2233 3558 2452 3624 verbis
2498 3561 2828 3643 praesenti
2872 3560 2977 3625 vel

394 3662 687 3747 perfecto
734 3670 1025 3748 tempore
1071 3659 1394 3725 similibus
1442 3658 1692 3724 ChariS.
1735 3684 1801 3746 p.
1847 3660 1991 3741 247,
2036 3660 2120 3722 22
2166 3668 2231 3724 61
2272 3659 2419 3741 256,
2471 3659 2568 3722 12.
2642 3660 2773 3724 16111
2818 3685 2973 3727 vero

393 3784 539 3825 cum
605 3772 670 3827 et
737 3761 1193 3827 Palaemonem
1260 3784 1301 3826 a
1366 3761 1663 3827 Charisio
1729 3773 1796 3826 et
1839 3761 2160 3827 Diomede
2214 3769 2597 3845 usurpatum
2655 3762 2851 3826 semel
2908 3773 2975 3828 et

392 3864 710 3944 Probum,
759 3865 862 3927 cui
908 3863 1189 3949 plurima
1243 3886 1326 3927 ex
1377 3863 1461 3927 iis
1507 3885 1673 3949 quae
1717 3861 2075 3928 Diomedes
2123 3861 2203 3925 de
2250 3862 2449 3927 verbo
2495 3873 2970 3928 commentatus

392 3974 492 4029 est
536 3965 890 4046 debentur,
945 3964 1013 4028 in
1069 3964 1293 4028 eadem
1341 3973 1525 4051 parte
1569 3965 1723 4028 item
1768 3962 1969 4027 semel
2013 3961 2120 4028 vel
2188 3962 2290 4027 bis
2335 3961 2763 4049 appellaverit
2806 3963 2971 4028 Con-

385 4139 522 4201 piam
553 4139 994 4202 ‚qratificatusque‚
1031 4139 1187 4187 solam
1233 4136 1324 4184 eibi
1358 4138 1681 4186 acrimoniam
1717 4134 2012 4196 Quintiliani
2050 4151 2381 4200 pompamque
2420 4136 2646 4186 Palladii
2678 4139 2973 4199 comparari

389 4237 488 4272 non
521 4221 735 4287 ambigo.
805 4222 995 4284 itaque
1043 4220 1111 4270 de
1147 4219 1481 4270 Palaemone
1526 4220 1743 4270 rhetore
1791 4221 2007 4271 incerta
2041 4223 2169 4269 sunt
2204 4221 2402 4269 omnia.
2474 4234 2600 4268 nam
2638 4234 2814 4284 neque
2853 4234 2966 4283 qua

390 4309 575 4356 aetate
627 4305 829 4356 vixerit
880 4305 1108 4369 scimus,
1165 4319 1340 4368 neque
1390 4304 1458 4354 de
1506 4305 1880 4368 grammaticis
1927 4304 2046 4354 eius
2088 4303 2287 4354 studiis
2333 4303 2623 4368 quidquam
2676 4303 2967 4353 memoriae

387 4390 660 4454 proditum
700 4399 800 4442 est.
874 4389 940 4438 de
979 4391 1096 4452 arte
1133 4393 1313 4439 autem
1339 4389 1691 4438 Palaemonis
1728 4404 1836 4440 non
1873 4393 2107 4451 constat,
2145 4393 2321 4438 utrum
2358 4388 2558 4437 librum
2592 4388 2824 4437 Remmii
2857 4387 2965 4437 Pa—

388 4473 652 4524 laemonis
709 4473 932 4523 nomine
978 4474 1303 4539 inscriptum
1359 4477 1416 4522 et
1468 4472 1723 4522 diuturno
1762 4486 1865 4522 usu
1917 4473 2226 4523 scholarum
2280 4476 2580 4522 tractatum
2634 4471 2965 4536 posteriores

385 4558 729 4623 grammatici
763 4558 1085 4619 habuerint,
1135 4573 1204 4607 an
1250 4562 1375 4622 post
1415 4556 1563 4606 1111116
1608 4557 1779 4606 fuerit
1816 4557 2208 4621 grammaticus
2244 4558 2461 4607 nomine
2496 4556 2827 4619 Palaemon,
2867 4557 2961 4619 qui

383 4643 546 4692 istum
582 4642 781 4691 librum
819 4642 1118 4707 scripserit.
1191 4641 1324 4691 illud
1360 4646 1545 4690 tamen
1578 4641 1666 4690 his
1703 4655 1845 4704 quae
1883 4641 2216 4692 Palaemone
2255 4645 2478 4691 auctore
2518 4655 2552 4690 a
2589 4640 2965 4704 grammaticis

384 4726 564 4775 relata
603 4730 730 4776 sunt
767 4731 1017 4776 constare
1055 4731 1204 4792 puto,
1244 4725 1525 4790 aliquanto
1564 4724 1932 4788 antiquiorem
1973 4740 2090 4776 esse
2131 4725 2275 4776 hunc
2313 4724 2763 4790 grammaticum,
2803 4739 2964 4791 quam

386 4824 480 4859 eos
517 4813 610 4874 qui
646 4810 748 4860 sub
786 4810 945 4860 finem
983 4812 1167 4874 quarti
1203 4809 1416 4861 saeculi
1452 4810 1519 4859 de
1559 4813 1678 4859 arte
1718 4808 2075 4875 scripserunt.
