3541 5564
613 327 693 390 92
1742 327 2043 388 l'OMl'Ell

611 537 675 600 p.
722 513 847 578 430
903 519 1033 577 vide
1085 519 1231 593 quid
1288 520 1348 576 in
1396 519 1703 594 principio
1757 524 1999 576 tractat.
2087 521 2372 576 ceterum
2417 533 2564 574 cum
2610 511 2823 576 Servii
2868 533 3187 576 commen·

610 614 848 679 tarium
903 638 943 679 a
997 615 1304 701 Pompeio
1361 625 1747 701 usurpatum
1803 635 1944 678 esse
2002 613 2183 697 dico,
2241 636 2370 678 non
2425 612 2547 677 hoc
2591 612 2764 694 dico,
2823 612 2954 678 hos·
2984 612 3189 678 libros

611 718 718 803 qui
773 741 943 783 nune
1002 717 1215 782 Servii
1272 716 1378 783 vel
1437 717 1647 802 Sergii
1701 717 1960 781 nomine
2018 716 2336 802 inscripti,
2370 715 2671 780 feruntur
2727 715 2810 780 ab
2868 735 2941 778 eo
2985 713 3190 780 lectos

609 841 786 901 esse,
844 819 958 883 sed
1012 820 1321 906 quoniam
1373 819 1493 885 hos
1551 820 1729 906 ipsos
1797 842 1880 884 ex
1944 819 2244 883 uberiore
2312 817 2778 883 commentario
2846 827 3191 902 excerptos

610 944 751 985 esse
796 921 1102 1008 adparet,
1150 921 1439 1007 pleniore
1486 932 1550 986 et
1594 921 1900 986 uberiore
1931 918 2145 985 Servii
2189 919 2358 986 libro
2388 919 2770 1006 Pompeium
2815 940 3004 982 usum
3050 940 3191 982 esse

608 1023 1009 1109 putabimus.
1061 1022 1181 1086 'de
1237 1046 1557 1089 consensu
1622 1033 1839 1088 autem
1901 1022 2239 1108 utriusque
2297 1020 2708 1108 grammatici
2765 1041 2891 1106 quo
2947 1020 3189 1085 certius

609 1136 968 1206 constaret,
1016 1125 1402 1211 praesertim
1431 1148 1579 1189 cum
1610 1124 1825 1190 Servii
1868 1124 2316 1191 adnotationes
2348 1145 2521 1188 nunc
2564 1121 2985 1209 conpluribus
3031 1121 3191 1186 locis

609 1226 947 1312 dispersae
1000 1225 1332 1311 legantur,
1390 1226 1605 1291 Servii
1659 1224 1871 1307 locOS,
1929 1226 2044 1291 ubi
2091 1225 2353 1290 eaedem
2401 1248 2505 1290 res
2551 1225 2635 1289 ab
2682 1247 2757 1290 eo
2804 1233 3187 1305 tractantur,

607 1328 891 1392 numeris
956 1328 1343 1414 paginarum
1408 1340 1474 1393 et
1526 1351 1836 1393 versuum
1894 1351 2074 1393 meae
2131 1327 2437 1392 editionis
2491 1327 2559 1391 in
2614 1324 3020 1410 marginibus
3079 1323 3187 1388 ad-

609 1431 871 1516 scriptis
917 1429 1228 1494 indicavi.
1586 1435 1589 1440 ’

774 1531 1187 1619 Dereliquis
1232 1532 1611 1597 auctoribus
1659 1555 1700 1596 a
1728 1532 2038 1618 Pompeio
2085 1531 2399 1597 adhibitis
2446 1532 2656 1595 minus
2701 1538 2980 1597 constat.
3041 1552 3193 1593 nam

609 1635 960 1698 maximam
1004 1645 1255 1719 partem
1300 1657 1520 1700 eorum
1564 1658 1729 1721 quae
1773 1633 1884 1699 ille
1930 1634 2011 1699 de
2057 1644 2349 1700 veterum
2396 1635 2785 1720 scriptorum
2832 1655 2954 1696 usu
2999 1641 3065 1696 et
3110 1632 3190 1695 de

609 1736 907 1802 doctrina
961 1737 1403 1822 antiquiorum
1458 1736 2033 1820 grammaticorum
2091 1735 2368 1802 tradidit
2411 1735 2582 1799 haud
2651 1735 2848 1814 dubie
2894 1756 2988 1801 ex
3022 1756 3191 1797 eom-

608 1839 923 1902 mentario
972 1839 1219 1920 Servii,
1265 1861 1394 1925 quo
1441 1861 1600 1902 usus
1648 1849 1747 1903 est
1792 1838 2125 1921 uberiore,
2173 1847 2365 1925 quam
2414 1860 2584 1901 nune
2629 1837 2980 1917 habemuS,
3026 1836 3189 1921 peti-

608 1939 724 2004 vit.
784 1962 1010 2004 verum
1057 1949 1273 2003 tamen
1317 1938 1475 2003 nihil
1520 1962 1757 2004 causae
1803 1952 1935 2022 est,
1983 1964 2097 2005 cur
2127 1962 2205 2004 ea
2234 1941 2450 2004 omnia
2481 1938 2633 2004 olim
2680 1939 2747 2001 in
2790 1935 2914 2000 hoc
2945 1936 3193 2021 scripta

608 2041 813 2106 fuisse
856 2053 1156 2127 putemus
1202 2041 1306 2107 vel
1351 2042 1564 2127 ipsum
1610 2041 1994 2128 Pompeium
2050 2041 2322 2107 aliorum
2369 2040 2944 2125 grammaticorum
2987 2037 3191 2103 libros

606 2142 913 2208 habuisse
965 2165 1294 2229 negemuS.
1369 2141 1761 2229 generaliter
1816 2153 2032 2210 autem
2087 2143 2484 2230 antiquiores
2541 2143 2780 2206 artium
2837 2142 3191 2227 scriptores

607 2246 995 2310 memoravit
1051 2244 1150 2309 his
1208 2243 1399 2327 locis,
1422 2288 1431 2297 -
1457 2269 1517 2332 p.
1564 2246 1646 2309 53
1699 2257 1758 2309 et
1812 2266 2104 2336 nusquam
2157 2253 2467 2310 voluerunt
2521 2250 2630 2308 hoc
2686 2249 2884 2308 dicere
2938 2249 3039 2306 isti
3089 2248 3196 2320 qui

608 2355 988 2412 instituerunt
1042 2360 1262 2424 artem,
1319 2368 1508 2426 quare
1560 2359 1839 2427 quattuor
1895 2352 2094 2412 breves
2144 2367 2261 2428 pro
2324 2352 2556 2412 duabus
2611 2353 2801 2425 lonqis
2847 2357 3192 2425 ponantur,-

607 2458 853 2529 leqimus
895 2461 1094 2515 tamen
1139 2458 1202 2514 in
1246 2457 1521 2532 antiquis,
1566 2471 1722 2529 quae
1764 2458 1840 2514 sit
1884 2457 2069 2527 ratic,
2120 2473 2184 2536 p.
2236 2450 2357 2514 100
2399 2455 2579 2513 habes
2623 2456 2683 2513 in
2731 2454 2988 2527 antiquis
3032 2454 3193 2511 arti-

607 2559 739 2629 ὺιιε,
785 2575 849 2638 p.
901 2553 1021 2618 116
1081 2557 1251 2633 apud
1296 2574 1493 2617 omnes
1546 2564 1777 2617 constat
1831 2559 1936 2632 qui
1975 2560 2346 2632 scripserunt
2402 2557 2496 2614 de'
2518 2558 2768 2630 reculiS,
2825 2573 2889 2637 p.
2941 2549 3062 2613 123
3106 2555 3193 2612 ita

609 2661 969 2732 definierunt
1024 2662 1280 2734 antiqui,
1342 2678 1407 2741 p.
1459 2655 1579 2718 124
1632 2660 1812 2719 habes
1867 2659 1977 2720 hoc
2033 2662 2094 2718 in
2138 2662 2380 2734 antiquo
2423 2664 2707 2729 tractatu,
2753 2675 2817 2739 p.
2867 2651 2987 2716 198
3033 2657 3192 2728 leoi-

607 2778 737 2823 mus
788 2765 851 2822 in
906 2761 1255 2837 quibusdam
1308 2760 1540 2823 artibus
1593 2778 1709 2821 non
1761 2763 2000 2837 quidem
2049 2760 2453 2837 frequentatis
2506 2763 2689 2821 etiam
2746 2767 3013 2820 octavum
3065 2775 3193 2818 esse

607 2881 829 2937 casnm,
874 2882 938 2946 p.
970 2860 1095 2924 246
1141 2867 1465 2925 invenimus
1511 2865 1679 2939 apud
1714 2868 2031 2940 plerosque
2059 2866 2461 2940 artigraphos,
2507 2883 2570 2945 p.
2616 2859 2744 2924 265
2785 2862 2893 2921 scd
2933 2863 3192 2936 quinque

606 2973 743 3025 sunl
797 2970 903 3041 qui
943 2962 1081 3043 per'
1115 2984 1313 3027 omnes
1365 2976 1526 3027 artes
1586 2977 1833 3042 possunt
1878 2969 2160 3044 inveniri,
2207 2986 2273 3049 p.
2317 2961 2441 3026 297
2488 2968 2811 3025 invenimus
2854 2967 2915 3024 in
2961 2964 3191 3023 artibus

609 3072 731 3129 istis
776 3070 1135 3143 itulqaribus,
1182 3089 1244 3152 p.
1278 3066 1406 3130 324
1434 3073 1742 3143 quaeritur
1786 3071 1956 3146 apud
1995 3069 2397 3144 ertimaphos,
2444 3074 2583 3142 quot
2621 3068 2812 3126 modis
2853 3066 3032 3125 verba
3077 3066 3191 3124 de-

603 3174 838 3243 ficiant,
884 3189 949 3252 p.
993 3166 1120 3231 364
1173 3174 1502 3246 quaesitum
1556 3183 1639 3233 est
1694 3174 1800 3232 diu
1855 3172 2026 3248 apud
2078 3170 2490 3246 artioraphoe,
2539 3189 2604 3252 p.
2647 3165 2777 3229 444
2820 3171 2882 3228 in
2927 3168 3191 3227 omnibus

608 3273 844 3347 quidem
888 3273 1113 3332 artibus
1157 3273 1381 3332 habetis
1424 3277 1569 3333 istas
1611 3282 1731 3334 tres
1774 3276 2088 3334 divisiones
2120 3309 2194 3317 —
2243 3275 2352 3333 hoc
2395 3274 2593 3331 nullus
2638 3272 3030 3347 artioraphus
3070 3287 3188 3346 po-

608 3377 716 3434 luit
758 3376 986 3446 dicere,
1044 3376 1268 3435 habetis
1312 3383 1508 3435 tamen
1553 3379 1613 3436 in
1663 3378 1935 3452 GraeciS‚
1991 3396 2055 3458 p.
2101 3372 2183 3436 63
2240 3378 2467 3435 invenio
2521 3376 2677 3434 enim
2734 3377 2794 3433 in
2851 3391 2966 3433 non
3012 3376 3190 3432 millis

607 3479 891 3547 metricis,
948 3496 1012 3559 p.
1057 3473 1179 3538 281
1242 3495 1596 3554 quamquam
1652 3482 1966 3553 leqerimus
2020 3480 2080 3537 in
2135 3480 2523 3554 etymoloyiis,
2583 3496 2641 3557 p.
2691 3472 2771 3536 91
2818 3477 3036 3550 lepistis
3080 3477 3190 3535 hoc

609 3582 669 3638 in
728 3580 955 3639 artibus
1009 3581 1407 3644 definitionum
1451 3583 1796 3656 plenissime
1849 3597 2224 3657 expressum,
2281 3599 2343 3663 p.
2389 3576 2512 3640 237
2571 3582 2818 3654 lecimus
2870 3579 3042 3655 apud
3094 3596 3190 3638 eos

609 3684 713 3755 qui
761 3684 1129 3756 scripserunt
1182 3683 1257 3741 de
1316 3686 1697 3757 arcumentis.
1772 3678 2156 3745 nominatim
2211 3688 2428 3743 autem
2472 3675 2720 3742 nullum
2766 3677 3026 3763 saepius
3074 3699 3184 3762 ap-

609 3777 885 3865 pellavit
927 3802 1122 3865 quam
1167 3781 1483 3863 Probum,
1530 3783 1714 3845 cuius
1759 3780 2063 3846 instituta
2106 3781 2265 3845 artis
2322 3781 2527 3845 citata
2572 3790 2725 3843 sunt
2766 3794 2831 3866 p.
2878 3779 2993 3860 93,
3043 3779 3185 3860 128,

614 3880 765 3961 135,
817 3881 964 3962 137,
1018 3882 1164 3961 155,
1220 3884 1369 3959 165,
1421 3883 1574 3964 176,
1626 3884 1780 3964 187,
1825 3881 1985 3963 210,
2030 3882 2190 3959 211,
2235 3882 2394 3964 235,
2440 3881 2602 3965 260,
2648 3882 2797 3964 291,
2843 3882 2991 3961 367,
3038 3882 3185 3962 387,

606 3982 765 4065 4093
825 3981 1143 4048 catholica
1185 4008 1249 4071 p.
1297 3986 1408 4066 92,
1456 3985 1580 4049 205
1636 3998 1701 4050 et
1757 3985 2040 4050 fortasse
2083 3984 2226 4065 326,
2274 3984 2632 4070 eademque
2676 4008 2808 4049 non
2854 3982 3184 4048 nominato

602 4094 874 4165 auctore
919 4087 1251 4172 exscripta
1294 4097 1449 4151 sunt
1505 4110 1568 4174 p.
1624 4087 1757 4151 173.
1807 4086 1984 4172 ipsos
2030 4095 2248 4151 autem
2293 4085 2497 4152 libros
2548 4084 2747 4151 Probi
2792 4107 2831 4148 a
2877 4084 3185 4170 Pompeio

607 4187 811 4252 lectos
868 4210 1010 4252 esse
1065 4187 1134 4251 in
1189 4189 1416 4276 primis
1477 4188 1760 4275 probant
1819 4189 2008 4270 haec,
2066 4211 2130 4274 p.
2183 4188 2302 4253 156
2359 4194 2599 4267 scripsit
2654 4200 2847 4253 autem
2905 4192 2990 4250 ad
3031 4192 3187 4251 hunc

606 4298 796 4355 locum
847 4296 1066 4355 Probus
1110 4311 1290 4354 unum
1333 4296 1548 4354 librum
1560 4316 1581 4362 ,·
1625 4297 1731 4353 iste
1775 4296 2068 4354 institutor
2097 4297 2218 4353 iam
2247 4302 2435 4355 artem
2478 4298 2746 4371 scripsit,
2792 4310 2908 4353 non
2952 4295 3188 4369 scripsit

600 4397 920 4472 persam,
965 4397 1073 4456 sed
1114 4398 1200 4455 ad
1240 4413 1337 4455 eos
1380 4400 1485 4471 qui
1526 4400 1723 4456 volunt
1763 4414 1827 4456 se
1873 4397 2179 4473 perfectos
2220 4414 2347 4458 esse
2392 4403 2457 4457 et
2500 4415 2564 4479 p.
2618 4394 2739 4458 196
2783 4398 2963 4457 habes
3007 4413 3185 4457 unum

604 4500 818 4559 librum
864 4500 1045 4558 Probi
1100 4500 1175 4558 de
1235 4501 1341 4558 islo
1399 4502 1667 4573 yenetivo
1708 4502 2026 4577 scriptum,
2085 4507 2309 4559 lantum
2355 4500 2526 4559 modo
2583 4501 2693 4560 hoc
2735 4503 2922 4559 solum
2965 4506 3188 4558 tractat

607 4604 667 4660 in
713 4604 815 4661 illo
855 4601 1022 4660 libre.
1097 4595 1330 4661 deinde
1375 4598 1533 4681 legit
1577 4597 1921 4663 Claudium
1966 4597 2382 4663 Sacerdotem
2428 4620 2496 4684 p.
2534 4598 2681 4681 213,
2729 4598 2965 4662 Iubam
3009 4619 3072 4682 p.
3105 4594 3186 4661 32

608 4709 673 4763 et
714 4699 828 4781 40,
878 4699 1164 4784 Caprum
1209 4723 1273 4785 p.
1325 4700 1478 4781 132,
1531 4700 1682 4779 180,
1728 4699 1884 4780 206,
1930 4700 2084 4783 332,
2133 4699 2600 4765 Terentianum
2645 4723 2709 4787 p.
2761 4699 2872 4781 15,
2919 4698 3034 4781 34,
3081 4698 3183 4778 42,

606 4800 708 4881 49,
753 4802 857 4884 57,
903 4800 1203 4887 quamvis
1248 4800 1566 4886 quaedam
1613 4823 1696 4865 ex
1741 4801 1822 4865 iis
1868 4823 2034 4888 quae
2079 4801 2294 4887 Capro
2340 4811 2406 4865 et
2463 4801 2859 4867 Terentiano
2908 4799 3185 4865 auctori-
