3541 5564
1627 402 1772 463 ARS
2644 456 2647 459 ,
2874 403 3001 469 395

474 523 510 553 c.
536 511 599 551 18.
628 511 690 550 14.
1579 516 1586 521 ’
2659 524 2702 565 p.
2726 513 2879 554 21—23
2903 512 2953 553 Β.

592 590 750 651 Haec
795 598 932 650 sunt
977 589 1247 669 exempla
1292 589 1366 649 de
1410 589 1504 649 his
1547 588 1744 650 tribus
1776 588 2021 659 litteris,
2068 609 2214 670 quas
2242 595 2411 671 quasi
2446 593 2800 672 praecipuas
2829 611 2999 673 prae-

413 701 696 772 ,ceptores
740 700 1113 753 notaverunt.
1189 691 1294 751 sed
1339 698 1399 751 et
1442 693 1505 752 in
1559 692 1692 752 aliis
1737 691 1957 752 litteris
2001 700 2136 753 sunt
2180 693 2480 771 generalia
2525 695 2813 774 quaedam
2858 715 3001 775 qua·

428 795 676 856 rundam
709 797 852 856 vitia
882 796 1208 855 nationum.
1256 811 1394 853 ecce
1426 795 1489 852 in
1519 793 1717 853 littera
1748 802 1773 853 t
1805 794 1989 873 aliqui
2019 796 2101 855 ita
2125 797 2346 874 pingue
2377 799 2578 857 nescio
2600 791 2743 875 quid
2770 805 3000 867 sonant,

425 904 520 967 ut,
567 915 699 959 cum
745 898 951 958 dicunt
996 898 1206 965 etiam,
1253 894 1405 956 nihil
1449 895 1521 955 de
1568 895 1764 955 media
1810 895 2030 976 syllaba
2087 897 2433 975 infringant.
2520 897 2731 959 Graeci
2777 906 3001 968 contra,

376 1007 402 1048 ⁶
433 998 535 1060 ubi
581 1019 700 1060 non
746 998 966 1060 debent
1010 999 1374 1075 infringere,
1423 997 1494 1057 de
1542 1016 1685 1058 sono
1730 999 1861 1057 eius
1904 998 2138 1058 litterae
2183 1000 2545 1079 infringunt,
2593 1009 2685 1070 ut,
2734 1020 2871 1062 cum
2915 1002 3005 1062 di-

427 1110 567 1162 cunt
612 1104 900 1181 optimuS,
947 1101 1203 1161 mediam
1248 1098 1534 1179 syllabam
1579 1101 1660 1159 ita
1706 1108 1947 1170 sonent,
1994 1103 2162 1180 quasi
2218 1110 2351 1182 post
2405 1111 2428 1163 t
2483 1122 2514 1163 z
2558 1119 2836 1180 graecum
2883 1122 3005 1164 am-

428 1207 735 1265 misceant.
827 1206 969 1263 item
1025 1202 1288 1262 litteram
1320 1219 1378 1260 -c
1434 1201 1674 1280 quidam
1729 1204 1794 1262 in
1847 1202 2203 1282 quibusdam
2258 1202 2620 1265 dictionibus
2661 1223 2781 1265 non
2826 1205 3006 1266 latine

430 1308 732 1376 ecferunt,
791 1306 895 1366 sed
950 1308 1032 1365 ita
1091 1322 1320 1373 crasse,
1380 1311 1444 1363 ut
1501 1322 1617 1364 non
1675 1304 2009 1375 discernas,
2067 1306 2209 1385 quid
2255 1306 2480 1368 dicant:
2529 1314 2594 1367 ut
2638 1314 2780 1387 puta
2823 1309 3010 1383 siquis

430 1410 590 1469 dicat
633 1410 760 1467 ‘sic
804 1407 957 1468 ludit
973 1408 1013 1476 ’,
1061 1408 1143 1466 ita
1187 1405 1298 1465 boc
1344 1404 1638 1484 loquitur,
1685 1414 1749 1467 ut
1792 1415 1965 1486 putes
2010 1426 2145 1467 eum
2192 1409 2252 1467 in
2286 1409 2546 1470 secunda
2575 1418 2745 1488 parte
2791 1412 3009 1470 oratio-

357 1522 407 1561 10
436 1513 529 1570 nis
575 1509 818 1570 cludere
864 1508 1115 1577 dixisse,
1163 1526 1281 1567 non
1326 1507 1565 1578 ludere;
1612 1516 1670 1568 et
1716 1510 1861 1570 item
1901 1513 1952 1570 si
1983 1517 2188 1570 contra
2219 1510 2377 1571 dicat
2419 1511 2597 1582 illud,
2645 1514 3011 1573 contrarium

431 1611 691 1693 putabiS.
782 1611 885 1672 alii
932 1620 1135 1671 contra
1183 1612 1266 1670 ita
1313 1608 1614 1683 subtiliter
1658 1610 1769 1670 hoc
1816 1613 2115 1682 ecferunt,
2166 1620 2256 1681 ut,
2314 1631 2448 1673 cum
2495 1614 2610 1673 duo
2656 1631 2687 1672 c
2731 1613 3008 1683 babeant,

419 1715 765 1775 desinentis
819 1715 1041 1793 prioris
1096 1714 1283 1791 partis
1337 1714 1625 1773 orationis
1681 1721 1739 1774 et
1796 1716 2142 1794 incipientis
2197 1714 2472 1785 alterius,
2530 1716 2619 1775 sic
2673 1716 3010 1796 loquantur,

433 1818 602 1896 quasi
649 1835 768 1877 uno
813 1833 845 1873 c
889 1823 1206 1894 utrumque
1253 1813 1580 1892 explicent,
1628 1823 1692 1875 ut
1737 1814 1943 1876 dicunt
1986 1816 2155 1877 multi
2204 1817 2331 1877 ‘sic
2376 1816 2693 1877 custodit’.
2733 1812 2747 1899 l
2795 1819 2940 1878 item
2984 1836 3012 1876 s
3060 1896 3065 1899 ι

432 1919 693 1979 litteram
739 1916 950 1977 Graeci
997 1916 1234 1976 exiliter
1279 1916 1553 1976 ecferunt
1599 1916 1775 1986 adeo,
1825 1926 1917 1988 ut,
1966 1936 2102 1979 cum
2148 1918 2352 1978 dicunt
2397 1920 2602 1989 iussit,
2660 1937 2770 1998 per
2828 1937 3012 1980 unum

361 2031 408 2069 16
436 2040 464 2081 s
509 2020 710 2080 dicere
758 2021 1080 2080 existimes.
1138 2037 1174 2077 v
1218 2037 1450 2098 quoque
1498 2018 1759 2078 litteram
1806 2019 1991 2099 aliqui
2047 2021 2328 2100 pinguius
2382 2022 2686 2090 ecferunt,
2735 2029 2831 2091 ut,
2878 2039 3013 2081 cum

435 2124 640 2184 dicunt
694 2125 859 2191 veni,
918 2129 1090 2201 putes
1144 2119 1524 2201 trisyllabum
1579 2122 1868 2199 incipere.
1959 2123 2104 2183 haec
2163 2124 2227 2182 in
2292 2122 2389 2183 his
2452 2123 2675 2183 litteris
2740 2130 3015 2183 annotata

437 2233 593 2285 sunt.
683 2225 935 2284 sortasse
982 2225 1103 2284 sint
1148 2225 1327 2284 etiam
1373 2223 1487 2284 alia
1531 2224 1832 2299 generalia
1877 2224 2245 2304 quarundam
2290 2225 2594 2284 nationum
2639 2227 2816 2294 vitia,
2863 2241 3013 2303 quae

436 2326 755 2386 observare
827 2334 886 2386 et
952 2325 1428 2386 animadvertere
1496 2324 1716 2385 debent
1779 2328 1882 2406 qui
1949 2344 2088 2387 suae
2142 2327 2379 2404 linguae
2434 2328 2755 2405 puritatem
2816 2326 3016 2386 volunt

435 2429 735 2489 custodire
793 2427 1142 2505 diligenter,
1202 2435 1265 2487 ut
1321 2429 1542 2487 evitare
1610 2429 1725 2505 ipsi
1792 2431 2039 2507 possint.
2129 2428 2382 2488 tendunt
2446 2427 2680 2505 longius
2743 2427 3014 2507 plerique

358 2542 409 2582 20
437 2536 762 2610 scriptores
794 2532 1000 2590 vitium
1047 2527 1428 2589 barbarismi.
1491 2547 1626 2589 nam
1657 2528 1944 2608 quidquid
1989 2532 2051 2589 in
2098 2529 2333 2599 habitu,
2381 2529 2668 2609 quidquid
2714 2531 2778 2588 in
2822 2537 3013 2606 gestu,

329 2681 344 2713 .·
436 2632 724 2713 quidquid
770 2634 832 2692 in
876 2639 1070 2702 motu,
1128 2634 1309 2692 etiam
1363 2631 1652 2711 quidquid
1708 2634 1919 2691 citiore
1978 2632 2065 2692 vel
2110 2631 2371 2692 tardiore
2418 2633 2656 2691 incessu
2700 2634 2834 2711 quis
2876 2650 3015 2710 pec-

438 2744 560 2807 cat,
628 2743 691 2795 ut
745 2734 806 2795 id
865 2732 937 2795 ab
994 2733 1290 2812 elegantia
1348 2734 1570 2794 eruditi
1625 2731 1884 2794 hominis
1940 2734 2160 2796 distare
2216 2734 2516 2804 videatur,
2577 2733 3017 2795 barbarismum

439 2838 662 2897 dicunt.
752 2856 927 2917 quam
973 2837 1049 2896 ob
1097 2855 1223 2897 rem
1268 2839 1354 2896 ita
1399 2838 1637 2897 censeri
1685 2855 1803 2896 non
1849 2837 2059 2897 inutile
2106 2844 2225 2905 est,
2274 2844 2340 2896 ut
2383 2838 2574 2896 sciant
2617 2856 2680 2896 se
2726 2855 2847 2899 non
2895 2856 3016 2897 me-

354 3014 359 3020 ,
440 2940 631 2999 diocri
678 2942 822 2999 vitio
878 2939 1178 3009 laborare,
1228 2941 1331 3018 qui
1377 2939 1612 2999 civilem
1661 2941 1970 2999 scientiam
2015 2940 2269 3018 professi
2315 2940 2378 2997 in
2421 2938 2516 2997 his
2562 2957 2795 3017 quoque
2839 2941 3021 2998 mutis

365 3055 416 3094 25
443 3049 502 3100 et
545 3043 746 3100 tacitis
792 3039 972 3100 rebus
1017 3045 1079 3101 in
1126 3044 1335 3101 vitium
1380 3041 1619 3120 aliquod
1664 3048 1872 3102 contra
1917 3043 2211 3101 rationem
2241 3040 2473 3126 decoris
2516 3042 2852 3102 incurrunt.
2903 3060 3019 3121 quo

443 3144 631 3220 magis
697 3142 995 3220 sequenda
1061 3152 1198 3203 suut
1264 3144 1411 3204 baec
1477 3152 1826 3223 praecepta,
1895 3162 2045 3222 quae
2109 3162 2141 3203 a
2198 3141 2544 3203 rhetoribus
2600 3143 2672 3202 de
2731 3150 2901 3221 gestu
2961 3151 3021 3203 et

442 3246 676 3304 actione
723 3245 1056 3305 traduntur.
1108 3299 1112 3304 .

612 3347 774 3406 Inter
818 3345 1254 3408 barbarismum
1299 3358 1358 3407 et
1403 3348 1830 3418 soloecismum
1863 3348 2151 3428 quaedam
2194 3349 2321 3408 illic
2368 3349 2645 3409 distantia
2690 3368 2722 3408 a
2768 3350 3018 3428 scripto-

443 3448 613 3508 ribus
657 3450 850 3527 posita
895 3457 1012 3519 est,
1060 3449 1218 3529 quod
1264 3448 1676 3510 barbarismus
1730 3467 1847 3509 una
1895 3452 2181 3511 orationis
2225 3458 2419 3528 parte,
2467 3451 2849 3511 soloecismus
2891 3451 3019 3530 plu-

368 3566 418 3606 ao
447 3550 614 3611 ribus
659 3557 905 3611 constat.
995 3553 1099 3612 sed
1144 3552 1254 3611 hoc
1300 3551 1478 3612 altius
1523 3552 1872 3629 intellegere
1919 3570 2159 3612 necesse
2207 3560 2315 3610 est.
2404 3571 2539 3612 nam
2584 3551 2684 3612 ille
2730 3554 2833 3631 qui
2877 3551 3025 3612 dicit

444 3651 825 3735 nolminativo
880 3672 1022 3714 casu
1080 3654 1288 3723 fontis,
1353 3672 1489 3714 cum
1544 3653 1824 3714 debuerit
1877 3655 2011 3715 fons
2067 3654 2295 3723 dicere,
2355 3672 2471 3714 una
2526 3656 2810 3715 orationis
2854 3661 3019 3739 parte

444 3758 739 3836 peccavit,
799 3774 911 3815 nec
964 3762 1165 3816 tamen
1221 3754 1661 3816 barbarismum
1716 3764 1879 3817 recte
1926 3758 2193 3818 dicemus
2236 3755 2391 3815 hunc
2437 3756 2675 3817 secisse:
2734 3758 2821 3816 sic
2866 3757 3023 3815 enim

444 3861 740 3937 peccavit,
788 3877 904 3938 quo
949 3858 1122 3918 modo
1168 3860 1220 3918 si
1264 3859 1487 3919 fontem
1545 3859 1838 3919 feminino
1893 3876 2112 3936 genere
2158 3859 2427 3919 dixisset.
2517 3877 2659 3937 ergo
2702 3877 2838 3918 cum
2883 3875 3020 3917 con-

445 3967 537 4022 tra
582 3961 848 4038 regulam
896 3963 1135 4037 generis
1178 3960 1269 4019 vel
1314 3979 1485 4021 casus
1531 3961 1621 4021 vel
1666 3963 1899 4021 numeri
1945 3961 2240 4040 prolatum
2284 3961 2427 4040 quid
2472 3961 2671 4031 fuerit,
2719 3963 2858 4040 quia
2902 3960 3023 4021 illic

365 4075 418 4114 3⁵
446 4082 563 4124 non
608 4063 800 4123 solum
845 4064 1043 4141 ipsum
1089 4071 1420 4142 spectatur,
1468 4062 1624 4142 quod
1669 4062 1964 4142 prolatum
2010 4071 2128 4133 est,
2189 4082 2299 4122 nec
2343 4082 2453 4141 per
2497 4082 2560 4123 se
2605 4071 2833 4123 tantum
2876 4080 3021 4140 pen-

447 4166 636 4234 ditur,
687 4164 790 4224 sed
839 4164 1236 4236 accidentium
1282 4165 1486 4242 regula
1531 4165 1881 4234 discutitur,
1941 4184 2134 4245 neque
2180 4185 2251 4224 ex
2297 4164 2731 4224 adiectionibus
2776 4170 2875 4223 aut
2920 4163 3021 4223 de-

614 4336 635 4386 l
681 4337 731 4384 in
774 4352 867 4389 om.
907 4336 994 4384 M:
1047 4337 1163 4383 item
1202 4335 1320 4382 dicit
1362 4335 1413 4383 in
1449 4336 1562 4383 aliis
1606 4335 1785 4384 litteris
1822 4344 1938 4383 suut
1974 4333 2215 4401 genitalia
2251 4335 2497 4397 quaedam
2537 4334 2865 4398 quorumdam
2901 4334 3027 4381 uitia

453 4405 708 4456 hominum
747 4422 863 4454 ecce
901 4416 953 4455 ut
988 4407 1039 4453 in
1079 4399 1163 4454 tali
1204 4407 1357 4453 uerbo
1399 4406 1467 4451 ita
1505 4405 1694 4469 pingue
1734 4406 1908 4453 nescio
1946 4405 2062 4466 quid
2093 4414 2271 4452 sonant
2310 4414 2361 4450 ut
2398 4419 2510 4452 cum
2549 4405 2669 4452 dicit
2706 4404 2853 4453 etiam
2896 4403 3025 4451 nihil

448 4477 510 4524 de
543 4476 713 4524 media
748 4477 946 4540 syllaba
982 4474 1230 4540 infringat
1263 4475 1481 4524 Clemens
1651 4477 1683 4523 2
1720 4474 1969 4539 genitalia
2005 4474 2071 4522 M
2243 4471 2275 4520 3
2308 4489 2425 4521 eece
2466 4482 2518 4522 ut
2558 4475 2611 4522 in
2644 4475 2729 4523 tali
2766 4473 2921 4522 uerbo
2956 4474 3021 4522 ita

449 4547 641 4610 pingue
681 4546 852 4595 nescio
888 4547 1010 4609 quid
1048 4554 1193 4594 sonat
1237 4553 1290 4592 ut
1325 4545 1498 4593 dicunt
1537 4543 1596 4591 M
1636 4558 1752 4592 ecce
1790 4554 1843 4592 ut
1883 4545 1979 4592 int
2017 4542 2118 4593 tale
2158 4540 2364 4591 verbum
2405 4543 2419 4589 i
2460 4545 2649 4609 pingue
2694 4545 2868 4592 neseio
2905 4542 3025 4605 quid

450 4623 615 4676 sonat,
655 4622 710 4662 ut
745 4630 858 4665 cum
895 4617 1068 4665 dicunt
1103 4615 1393 4665 Cramerus:
1432 4614 1502 4672 cs,
1536 4614 1751 4675 Pompei.
1789 4628 1841 4675 p.
1884 4613 2002 4671 286,
2041 4616 2070 4662 7
2212 4613 2246 4662 6
2287 4620 2522 4677 optumus
2559 4612 2623 4662 M
2668 4613 2885 4662 obtimus
2919 4613 3028 4663 Gle-
3078 4664 3082 4669 ,

452 4698 587 4733 mens
689 4696 871 4734 sonant
906 4685 972 4734 M
1075 4685 1379 4734 ammiscant
1410 4683 1469 4732 M
1575 4685 1608 4732 8
1644 4683 1767 4744 quid
1808 4685 1980 4733 dicunt
2005 4683 2069 4732 M
2177 4683 2219 4730 si
2254 4682 2389 4732 dicat
2422 4681 2486 4730 M
2626 4684 2688 4734 15
2728 4684 2930 4732 estimes
2967 4682 3027 4731 M

594 4755 658 4805 1ss
687 4763 923 4804 annotata
956 4758 1056 4805 sint
1089 4755 1356 4806 Cramerus
1501 4754 1563 4803 17
1592 4753 1836 4817 genitalia
1873 4752 2187 4816 quarundam
2227 4754 2485 4801 nationum
2529 4754 2614 4816 qui
2651 4767 2774 4803 suae
2809 4779 2873 4787 -
2910 4767 3027 4817 pos-

452 4827 554 4874 sint
589 4839 719 4887 quae
756 4826 1026 4875 obseruare
1053 4835 1102 4875 et
1133 4824 1538 4873 animaduertere
1565 4823 1749 4872 debent
1781 4825 1989 4873 tendunt
2018 4821 2081 4871 M
2176 4823 2239 4873 21
2280 4823 2393 4884 quis
2427 4831 2600 4886 peccat
2629 4824 2878 4874 Clemens.-
2915 4824 3028 4887 quis

450 4909 541 4948 om.
571 4893 632 4944 M
703 4895 770 4944 24
795 4895 963 4960 mutis]
992 4898 1129 4945 uitiis
1162 4895 1226 4945 M
1293 4895 1360 4944 25
1385 4896 1434 4943 in
1459 4908 1549 4942 om.
1574 4893 1638 4943 M
1706 4894 1772 4942 27
1798 4895 1992 4943 actione
2020 4892 2285 4943 Cramer-us
2312 4893 2531 4942 dictione
2550 4893 2613 4942 M
2678 4893 2745 4945 35
2771 4893 2944 4959 pendit
2968 4891 3033 4940 M

2491 4976 2624 5042 26*
