3541 5564
1412 327 1884 391 COMMENTVM
2819 325 2943 391 211

2574 450 2616 491 p.
2644 438 2822 479 259—61
2853 437 2895 479 L.

351 515 543 575 secuti
590 522 756 583 sunt;
820 533 1000 575 unum
1060 515 1299 596 quidem
1354 514 1578 577 habent
1620 524 1969 595 utrumque,
2028 515 2133 576 sed
2180 515 2412 577 diverso
2457 517 2649 578 officio
2696 518 2945 596 fungun-

351 624 468 677 tur.
532 617 770 697 quando
816 636 950 679 cum
996 617 1339 680 nominibus
1384 621 1710 686 declinant,
1757 620 1837 679 ita
1884 616 2103 679 liabent
2148 621 2309 699 quasi
2356 619 2663 688 articulos;
2713 620 2946 697 quando

351 718 476 779 sola
535 718 836 780 declinant
891 723 1272 799 pronomina,
1330 721 1553 783 habent
1610 722 1778 802 quasi
1833 722 2210 800 pronomina.
2303 730 2368 782 ut
2422 731 2562 802 puta
2617 723 2713 782 hic
2770 721 2946 782 huius

355 820 524 880 huic:
574 823 624 881 si
671 822 860 883 solum
906 822 1021 884 hoc
1065 823 1426 891 declinetur,
1483 841 1814 902 pronomen
1872 831 1988 887 est;
2047 825 2096 883 si
2142 823 2304 883 dicas
2350 824 2446 884 hic
2494 828 2724 885 Aeneas
2768 824 2946 885 huius

302 939 327 977 5
355 925 627 993 Aeneae,
676 925 789 983 iam
838 923 1121 985 articulus
1169 934 1273 986 est.
1336 924 1449 986 hoc
1494 925 1730 1005 quidem
1778 926 1888 1004 ipsi
1934 924 2046 983 sibi
2090 934 2542 1003 persuaserunt,
2592 944 2701 1004 ego
2747 935 2945 987 tamen

356 1022 471 1085 illis
515 1043 636 1085 non
684 1026 881 1086 credo.
957 1026 1131 1105 longe
1177 1025 1333 1088 aliud
1380 1035 1471 1088 est
1515 1027 1801 1089 articulus
1848 1035 1905 1086 et
1948 1026 2125 1105 longe
2169 1026 2327 1087 aliud
2372 1046 2722 1106 pronomen.
2807 1048 2945 1109 pro-

354 1145 575 1188 nomen
635 1136 722 1189 est
781 1128 939 1209 qnod
998 1131 1265 1207 fungitur
1323 1130 1517 1190 officio
1576 1132 1833 1190 nominis
1892 1130 2054 1208 (nam
2112 1130 2190 1190 ita
2251 1130 2444 1209 dixit),
2514 1129 2794 1191 articulus
2860 1138 2948 1191 est

353 1229 518 1309 quod
564 1239 789 1293 coartat
835 1250 962 1292 noS.
1032 1233 1342 1310 Astyagius
1387 1230 1529 1293 illud
1577 1234 1662 1292 sic
1707 1232 1994 1292 delinivit:
2044 1249 2373 1311 pronomen
2426 1230 2431 1312 1
2481 1240 2569 1292 est
2612 1233 2768 1312 quod
2814 1234 2943 1294 sun-

352 1334 513 1410 gitur
559 1332 755 1394 officio
802 1335 1084 1404 nominiS,
1136 1334 1461 1412 ‘Vergilius
1508 1343 1596 1395 est
1640 1337 1741 1412 qui
1778 1335 2019 1413 scripsit
2053 1333 2342 1403 bucolica,
2392 1335 2521 1413 ipse
2552 1336 2726 1394 etiam
2771 1353 2944 1413 geor-

271 1450 325 1487 10
351 1436 545 1513 gica'.
637 1454 774 1495 ecce
831 1435 1006 1495 modo
1061 1454 1394 1514 pronomen
1452 1438 1577 1517 ipse
1635 1445 1751 1503 est,
1814 1435 1928 1497 tale
1985 1444 2074 1495 est
2138 1455 2205 1497 ac
2261 1438 2307 1495 si
2356 1436 2586 1497 diceres
2632 1436 2942 1514 Vergilius.

353 1555 497 1598 ecee
544 1537 657 1598 hoc
702 1556 1031 1617 pronomen
1082 1537 1346 1599 sunctum
1393 1550 1482 1599 est
1528 1538 1721 1598 officio
1767 1540 2044 1609 nominis.
2108 1557 2140 1598 e
2187 1540 2484 1599 contrario
2517 1556 2635 1598 non
2670 1538 2943 1618 estquod

352 1639 521 1701 dico:
581 1659 716 1701 nam
761 1639 996 1720 quando
1054 1639 1186 1700 dieo
1242 1634 1279 1701 ὁ
1326 1640 1644 1719 VergiliuS,
1695 1658 1813 1700 non
1862 1649 1951 1700 est
1996 1641 2108 1700 hoc
2154 1640 2307 1718 quod
2356 1649 2443 1699 est
2489 1640 2584 1701 hic
2633 1640 2937 1719 Vergilius

352 1761 468 1821 qua
517 1743 783 1803 ratione?
843 1743 1119 1819 quoniam
1180 1745 1281 1821 qui
1328 1743 1469 1803 dicit
1512 1739 1549 1803 ὁ
1599 1742 1918 1821 Vergilius,
1980 1761 2099 1802 non
2146 1760 2577 1822 quemcumque
2623 1741 2941 1820 Vergilium

350 1845 677 1922 signifieat,
724 1843 827 1904 sed
874 1843 1039 1904 illum
1083 1847 1181 1925 qui
1228 1854 1400 1906 notus
1446 1855 1550 1906 est.
1645 1843 1892 1905 multum
1938 1846 2188 1905 interest
2228 1846 2384 1905 inter
2429 1844 2708 1905 articulos
2756 1852 2814 1904 et
2856 1845 2943 1903 in-

271 1960 323 1998 15
352 1954 449 2007 ter
495 1965 846 2026 pronomen.
937 1947 1129 2007 Latini
1185 1947 1582 2009 confuderunt
1634 1945 1808 2016 illud,
1869 1948 2039 2007 istam
2097 1966 2225 2007 rem
2289 1947 2804 2025 perturbaverunt.
2894 1948 2945 2006 si

350 2049 550 2110 dicam
596 2051 794 2109 ‘venit
836 2048 1066 2118 homo’,
1117 2067 1256 2110 ecce
1302 2049 1580 2127 generale
1628 2057 1749 2117 est;
1810 2050 1965 2128 quod
2011 2051 2061 2109 si
2106 2049 2296 2110 dicam
2340 2049 2537 2109 ‘venit
2580 2042 2616 2109 ὁ
2664 2041 2942 2128 ἅνθρω-

351 2154 546 2223 πος’,
605 2153 719 2212 iam
780 2169 895 2211 non
955 2159 1045 2211 est
1099 2153 1405 2229 generale,
1464 2151 1642 2211 homo
1698 2152 2085 2231 quicumque,
2148 2151 2253 2212 sed
2299 2150 2520 2228 redigis
2565 2149 2636 2210 ad
2683 2152 2943 2230 speciem

352 2259 534 2313 notae
579 2271 888 2332 personae.
980 2250 1183 2337 [quod]
1242 2255 1302 2312 in
1347 2255 1702 2332 pronomine
1746 2253 1861 2313 hoc
1907 2272 2025 2313 non
2072 2261 2242 2332 potes
2287 2252 2512 2321 facere,
2570 2252 2672 2311 sed
2719 2253 2767 2312 si
2812 2254 2941 2312 iun·

350 2356 543 2423 xoris,
605 2355 799 2415 officio
856 2356 1118 2433 fungitur
1174 2356 1358 2435 ipsius
1413 2373 1723 2435 personae.
1816 2355 1971 2415 unde
2031 2353 2201 2415 aliter
2244 2356 2503 2434 positum
2551 2362 2657 2414 est.
2748 2361 2942 2415 tamen

267 2472 323 2510 20
351 2456 763 2518 confuderunt
815 2457 954 2517 illud
1003 2458 1210 2517 Latini.
1304 2468 1611 2536 praeterea
1668 2456 1978 2517 sciendum
2026 2465 2113 2517 est
2157 2456 2311 2536 apud
2359 2458 2614 2517 Graecos
2658 2456 2718 2516 in
2763 2474 2943 2535 quae-

346 2560 547 2620 stione
593 2577 722 2620 esse
769 2558 898 2620 hoc.
2535 2618 2539 2621 ,

525 2660 749 2722 Neuter
806 2670 936 2721 uter
994 2681 1145 2723 unus
1201 2662 1349 2723 alius
1405 2662 1559 2724 ullus
1614 2662 1789 2724 ambo
1845 2662 1994 2723 alter
2051 2670 2302 2741 uterque
2358 2669 2728 2740 quaeruntur
2794 2678 2944 2738 quae
2967 2676 3177 2736 436,‘28

348 2764 474 2825 sint
530 2772 726 2842 partes
792 2765 1103 2833 orationis,
1177 2773 1374 2827 utrum
1441 2766 1676 2825 nomina
1745 2767 1862 2827 sint
1920 2785 1993 2825 au
2051 2765 2423 2844 pronomina.
2515 2763 2667 2842 apud
2738 2762 2939 2844 [alios]

347 2866 676 2944 plerosque
721 2866 1052 2928 invenimus
1098 2886 1227 2929 esse
1274 2869 1541 2936 nomina,
1592 2868 1747 2947 apud
1780 2869 2095 2947 plerosque
2125 2869 2501 2947 pronomina.
2568 2868 2705 2926 etsi
2739 2884 2941 2927 verum

262 2986 320 3024 2:-
350 2987 629 3048 quaeraS,
666 2987 737 3029 ex
770 2969 992 3030 maiore
1037 2977 1206 3048 parte
1252 2972 1490 3031 nomina
1535 2978 1702 3040 sunt,
1753 2989 1824 3030 ex
1857 2971 2081 3030 maiore
2122 2971 2336 3030 iterum
2376 2978 2543 3048 parte
2588 2970 2941 3048 pronomina

346 3080 514 3132 sunt.
574 3079 774 3131 tamen
805 3074 1086 3150 quoniam
1132 3071 1510 3150 ambiguitate
1557 3075 1805 3140 utimur,
1855 3071 2139 3132 debemus
2184 3072 2417 3133 adferre
2463 3070 2742 3148 regulam,
2792 3089 2941 3148 quae

348 3172 629 3235 excludat
685 3171 1126 3251 ambiguitatem
1182 3176 1393 3253 ipsam.
1486 3174 1712 3235 Probus
1768 3176 2134 3235 enumeravit
2188 3175 2381 3234 omnia
2444 3173 2823 3250 pronomina,
2885 3178 2943 3230 et

348 3276 611 3336 diximus
669 3273 676 3352 Ι
736 3278 851 3335 iant
898 3279 1175 3353 quoniam
1235 3280 1430 3338 omnia
1486 3278 1839 3357 pronomina
1886 3278 2087 3354 viginti
2134 3282 2192 3335 et
2237 3294 2417 3335 unum
2464 3281 2619 3334 sunt.
2713 3275 2771 3332 in
2815 3274 2941 3331 istis

345 3375 838 3458 pronominibus,
901 3399 1051 3458 quae
1107 3378 1343 3457 collegit
1397 3378 1628 3440 Probus
1682 3380 1885 3456 viginti
1943 3387 2001 3438 et
2045 3395 2257 3445 unum,
2305 3378 2411 3436 ista
2458 3375 2531 3435 de
2578 3374 2787 3454 quibus
2833 3373 2939 3434 du-

261 3500 319 3538 no
351 3482 568 3543 bitatio
616 3488 706 3541 est
750 3498 870 3541 non
915 3482 1311 3543 inveniuntur.
1401 3480 1559 3542 unde
1606 3490 1854 3560 apparet
1899 3481 2174 3560 quoniam
2223 3498 2343 3539 non
2390 3487 2526 3538 sunt
2570 3477 2938 3555 pronomina,

345 3583 459 3645 sed
516 3584 777 3643 nomina.
865 3584 915 3642 si
972 3585 1128 3644 enim
1187 3591 1387 3644 essent
1443 3585 1824 3662 pronomina,
1882 3581 2001 3642 illic
2053 3582 2491 3648 invenirentur;
2562 3577 2652 3638 vel
2708 3580 2758 3638 si
2813 3580 2940 3658 ipsa

348 3704 475 3746 non
534 3686 973 3753 invenirentur,
1032 3685 1119 3745 vel
1178 3688 1345 3763 origo
1403 3705 1612 3747 eorum
1668 3685 1875 3745 debuit
1928 3684 2197 3745 inveniri.
2287 3682 2539 3742 diximus
2596 3683 2751 3741 enim
2811 3699 2940 3742 esse

345 3788 546 3867 aliqua
603 3788 957 3866 pronomina
1016 3771 1194 3865 quael
1222 3789 1627 3867 conpositione
1673 3789 1824 3848 sacta
1871 3794 2035 3856 sunt,
2085 3787 2249 3866 quasi
2292 3785 2443 3845 hinc
2477 3790 2672 3843 tamen
2718 3781 2940 3843 habere

346 3890 645 3966 originem
707 3887 886 3967 [quae
944 3897 1084 3949 sunt
1139 3888 1248 3949 alia
1304 3892 1482 3969 quasi·
1533 3908 1678 3949 nova
1735 3890 2118 3967 pronomina,
2188 3885 2327 3947 inde
2385 3886 2689 3965 conposita
2748 3881 2935 3963 sunt].

491 4130 523 4177 2
564 4128 768 4191 quando
802 4144 912 4176 cum
951 4128 1236 4178 nominibus
1261 4128 1522 4192 (omnibus
1553 4128 1600 4176 A
1632 4143 1772 4177 corr.
1816 4129 2102 4178 nominibus
2142 4124 2196 4190 a)
2235 4128 2302 4175 ita
2339 4125 2584 4175 habemus
2622 4124 2768 4187 quasi
2800 4122 2943 4172 ABG

409 4222 426 4232 .
491 4197 526 4247 8
560 4200 811 4263 astiagins
849 4199 896 4247 B
939 4201 1168 4263 astygius
1203 4199 1244 4246 C
1282 4199 1512 4262 astygios
1549 4213 1684 4252 corr.
1724 4200 1830 4247 -ius
1868 4198 1916 4247 A
1950 4199 2166 4264 astigius
2206 4198 2370 4247 codex
2404 4195 2769 4259 Neapolitanus
2807 4193 2942 4242 Maii

343 4271 504 4320 class.
546 4275 682 4318 auct.
712 4284 759 4320 v.
795 4268 833 4316 V
865 4284 917 4330 p.
953 4270 1051 4318 152
1157 4269 1189 4318 9
1227 4278 1302 4317 est
1339 4285 1432 4319 om.
1472 4267 1551 4329 A,
1588 4269 1709 4320 add.
1747 4285 1781 4317 a
1889 4268 1953 4319 10
2002 4270 2197 4318 diceres
2237 4267 2385 4316 BCa
2431 4266 2609 4314 dicerit
2643 4264 2693 4312 A
2837 4264 2938 4311 uir-

342 4339 509 4406 gilius
535 4354 652 4387 ecce
683 4337 790 4386 AC
821 4339 1056 4403 uirgilius
1086 4347 1160 4386 est
1197 4354 1313 4386 ecce
1353 4335 1475 4385 Ba*
1585 4338 1647 4386 12
1686 4354 1799 4386 nam
1830 4339 2031 4401 quando
2070 4339 2184 4387 dico
2221 4352 2313 4389 om.
2355 4337 2423 4390 A,
2465 4336 2586 4385 add.
2627 4352 2675 4384 a.
2709 4334 2938 4395 sortasse

343 4428 373 4459 e
414 4408 670 4459 contrario
707 4421 984 4472 pronomen
1019 4423 1118 4458 non
1152 4415 1229 4456 est
1265 4408 1360 4456 hoc
1396 4406 1530 4468 quod
1572 4407 1749 4457 Graeci
1800 4408 1969 4457 dicunt
2004 4401 2053 4461 ὁ.
2104 4423 2219 4457 nam
2259 4406 2460 4470 quando
2606 4404 2669 4454 16
2709 4419 2737 4452 o
2774 4410 2938 4451 antro-

341 4480 480 4544 phos
512 4478 563 4528 A
600 4493 630 4527 o
670 4477 990 4543 antlirophns
1025 4479 1076 4528 B
1124 4513 1137 4528 .
1162 4476 1441 4541 anthropus
1480 4476 1520 4525 C
1662 4479 1726 4528 18
1773 4486 1935 4543 potest
1972 4477 2077 4526 AC
2215 4477 2284 4527 :20
2334 4477 2382 4524 in
2430 4475 2777 4538 quaestionem
2826 4487 2937 4520 csse

342 4568 399 4612 a,
434 4565 531 4599 om.
571 4548 623 4596 A
767 4549 833 4596 22
876 4557 1185 4611 quaeruntur
1223 4546 1367 4595 BCa
1415 4557 1662 4607 quaerunt
1703 4550 1751 4595 A
1909 4548 1977 4595 23
2023 4548 2150 4598 alios
2195 4563 2288 4598 om.
2330 4546 2379 4594 B
2517 4545 2585 4592 25
2630 4559 2692 4592 ex
2746 4544 2937 4591 minore

339 4623 529 4669 iterum
574 4618 624 4667 B
766 4618 831 4666 27
865 4616 1077 4684 Probus]
1123 4620 1276 4668 instit.
1301 4624 1404 4667 art.
1432 4631 1484 4676 p.
1521 4617 1612 4666 131
1648 4633 1757 4683 sqq.
1936 4617 2004 4667 29
2041 4617 2235 4682 colligit
2272 4616 2319 4664 B
2491 4615 2557 4665 31
2595 4614 2686 4660 sed
2725 4614 2855 4661 euim
2894 4612 2940 4658 si

338 4707 480 4744 corr.
522 4690 568 4738 si
611 4688 747 4736 enim
778 4688 826 4736 A
967 4689 1034 4737 32
1081 4684 1274 4752 eornm]
1322 4701 1492 4735 eorum
1529 4687 1696 4736 ABG
1834 4686 1901 4737 33
1940 4684 2129 4752 aliqua]
2175 4686 2272 4734 alia
2307 4685 2480 4735 ABG
2618 4683 2751 4733 sacta
2787 4681 2938 4731 Bca

340 4762 465 4813 facti
497 4762 548 4809 A
700 4755 767 4806 34
816 4773 942 4822 quae
985 4755 1122 4825 sunt]
1176 4759 1291 4822 quia
1330 4764 1447 4805 sunt
1485 4756 1534 4805 R
1673 4757 1773 4805 alia
1812 4759 1956 4821 quasi
1990 4772 2122 4806 noua
2156 4757 2298 4806 BGa
2335 4756 2481 4818 quasi
2521 4756 2652 4803 iuter
2687 4752 2766 4816 (Υ)
2807 4766 2936 4800 noua

337 4833 388 4881 A
535 4828 812 4892 conposita
851 4828 994 4878 BCa
1031 4829 1277 4893 conpositi
1318 4827 1364 4874 A

2405 4910 2532 4972 14*
