3541 5564
620 329 702 390 oo
1578 297 1581 300 ’
1753 330 2053 392 1111111311

618 521 724 593 qui
759 521 1123 580 calumniari
1161 520 1289 579 tibi:
1346 520 1491 579 dicit
1533 520 1635 578 tibi
1677 521 1801 587 ille,
1850 537 2037 592 quare
2081 535 2194 578 non
2242 519 2391 578 dicis
2433 520 2629 586 cuias,
2677 519 2785 576 sed
2824 519 3008 577 cuias.
3089 512 3196 576 de-

616 618 809 704 nique
864 641 944 681 ne
1002 617 1209 681 dicam
1267 626 1477 682 totum
1533 616 1656 681 hoc
1710 638 1913 701 genus
1973 618 2131 681 artis
2178 617 2423 681 Donati
2471 615 2900 702 explicandae
2943 637 3027 678 ex
3073 638 3197 679 usu

617 718 983 783 scholarum
1029 720 1450 805 repetendum
1496 742 1670 801 esse,
1729 720 2011 784 verbosa
2054 731 2118 783 et
2163 717 2430 805 puerilis
2476 717 2816 797 tractandi
2851 717 3018 782 ratio
3067 740 3195 781 mo-

615 821 968 885 lestissima
1010 844 1227 886 rerum
1274 822 1761 886 tritissimarum
1804 821 2188 909 repetitione
2231 821 2568 885 fastidium
2614 842 2840 884 ereans
2885 819 3008 882 hac
3053 817 3192 883 sola

613 947 683 987 re
729 924 1014 1010 quodam
1058 924 1249 988 modo
1282 923 1386 989 vel
1418 933 1767 988 excusatur
1799 923 1900 988 vel
1933 923 2367 1009 intellegitur,
2415 922 2592 1009 quod
2639 922 3002 986 scholarum
3048 944 3195 986 eon-

614 1026 1021 1090 suetudinem
1062 1026 1532 1110 'grammaticus
1579 1025 1924 1091 scribendo
1970 1027 2265 1090 imitatus
2314 1035 2429 1089 est.
2842 1113 2845 1116 .

783 1130 861 1193 In
905 1128 1151 1212 regulis
1199 1139 1414 1192 autem
1460 1128 1704 1192 Donati
1752 1130 2154 1214 exponendis
2201 1150 2331 1192 non
2375 1135 2717 1213 utramque
2761 1139 2969 1192 artem
3015 1149 3194 1190 secu-

616 1241 719 1293 tus
767 1239 866 1294 est
911 1230 1017 1293 1110
1063 1232 1363 1316 scriptor,
1412 1231 1580 1294 sieut
1624 1230 1891 1294 Servius
1938 1240 2001 1294 et
2046 1230 2437 1310 CledoniuS,
2487 1230 2602 1293 sed
2650 1229 2729 1292 de
2773 1229 2992 1316 priore
3036 1239 3192 1308 arte,

614 1332 736 1396 1100
780 1343 878 1397 031
924 1332 1005 1396 (10
1049 1332 1297 1397 minore
1343 1343 1483 1397 octo
1529 1334 1814 1418 partium
1861 1334 2170 1399 orationis
2217 1333 2651 1417 expositione,
2684 1353 2895 1416 pauca
2938 1331 3192 1418 praefa-

614 1445 718 1497 tus
765 1434 833 1497 in
877 1434 1019 1520 ipso
1065 1433 1230 1499 libro
1276 1444 1481 1498 totum
1526 1458 1595 1498 se
1629 1434 1826 1528 dedit¹
1856 1433 1943 1498 ad
1987 1435 2413 1522 posteriorem
2460 1443 2669 1498 artem
2713 1434 3193 1520 exponendam,

614 1535 809 1620 idque
854 1537 996 1621 ipse
1040 1537 1107 1598 in
1154 1536 1280 1600 fine
1327 1536 1638 1623 prooemii
1684 1536 1978 1601 indicare
2023 1537 2306 1616 videtur,
2353 1560 2413 1622 p.
2465 1537 2502 1599 8
2549 1543 2812 1600 dirimas
2853 1557 2995 1615 erqo
3040 1557 3194 1616 quo—

613 1644 775 1699 niam
819 1642 961 1700 bene
998 1642 1150 1714 fecit
1176 1643 1460 1711 DonatuS,
1501 1650 1736 1718 partem
1783 1644 1948 1701 illam
1987 1645 2252 1718 priorem
2297 1644 2556 1702 scribere
2599 1643 2947 1715 infantibus,
2990 1650 3194 1718 poste-

612 1748 829 1803 riorem
884 1746 1167 1804 omnibus.
1244 1752 1331 1804 est
1380 1747 1535 1805 enim
1578 1746 1815 1806 robusta
1856 1752 1914 1804 et
1957 1748 2133 1804 utilis,
2209 1746 2450 1805 inchoat
2495 1763 2533 1805 a
2578 1747 2789 1805 litteris
2837 1748 2950 1805 ista
2990 1748 3195 1820 parti-

611 1848 749 1906 cula
810 1864 964 1920 quae
1028 1848 1264 1907 uberior
1326 1856 1410 1906 est
1471 1854 1528 1906 et
1590 1848 1762 1907 habet
1832 1854 2168 1906 tractatum.
2235 1853 2577 1928 praeterea
2642 1843 2928 1929 priorem
2987 1854 3194 1907 artem

613 1944 888 2008 strictim
945 1945 1337 2010 memoravit
1392 1945 1493 2009 his
1551 1944 1743 2028 10013,
1791 1968 1854 2031 p.
1900 1946 2022 2009 :211
2071 1951 2161 2008 vel
2203 1952 2288 2008 sic
2330 1953 2504 2008 etiam
2546 1953 2782 2025 potestis
2826 1949 2982 2008 illud
3019 1951 3195 2009 colli-

605 2067 780 2122 qere,
838 2068 1009 2124 quem
1064 2053 1148 2110 ad
1199 2054 1433 2110 modum
1487 2055 1706 2127 leqistis
1761 2057 1822 2113 in
1877 2053 2257 2129 primordiis:
2314 2055 2830 2126 quotienscumque
2882 2054 3058 2110 tertia
3111 2060 3196 2109 est

611 2154 952 2222 declinatiO,
1000 2155 1290 2213 ablativus
1331 2157 1658 2228 sin-qularis
1700 2173 1733 2214 e
1775 2161 2112 2230 correptum
2156 2155 2363 2222 habea·
2429 2155 2644 2214 deinde
2685 2157 3196 2229 quotienscumque

605 2255 799 2327 suerit
847 2259 1052 2330 quinta
1097 2258 1443 2325 declinatiO,
1499 2274 1532 2316 e
1566 2258 1926 2332 productum
1971 2257 2180 2325 haben
2238 2276 2300 2337 p.
2347 2253 2470 2318 253
2526 2258 2634 2316 sed
2676 2259 2938 2316 diximus
2980 2260 3044 2317 in
3087 2258 3194 2315 illa

604 2360 810 2431 priore
865 2364 1043 2432 parte
1109 2361 1284 2426 artis,
1351 2360 1419 2417 id
1470 2367 1556 2418 est
1606 2362 1667 2418 in
1720 2360 2153 2434 superioribus,
2211 2376 2335 2418 esse
2390 2361 2597 2433 aliqua
2637 2360 2995 2433 pronomina
3040 2375 3196 2432 quae

608 2467 885 2519 crescant
934 2462 996 2519 in
1049 2462 1309 2536 casibus,
1366 2477 1491 2520 esse
1546 2464 1753 2535 aliqua
1811 2479 1960 2535 quae
2016 2462 2368 2523 decrescant
2381 2482 2403 2530 ,·
2457 2481 2522 2543 p.
2568 2456 2692 2520 339
2735 2462 3197 2535 siqnificationes

610 2563 1024 2622 (adverbiorum
1082 2567 1300 2622 multae
1352 2571 1520 2634 sunt,·
1570 2566 1792 2637 leqistis
1849 2566 1984 2623 illas
2036 2566 2096 2622 in
2137 2566 2338 2637 prima
2378 2572 2557 2638 parte
2601 2565 2781 2630 artis,·
2826 2582 2890 2645 p.
2937 2558 3064 2622 359
3111 2558 3194 2622 de

609 2660 953 2746 participio
1006 2668 1297 2740 pleraque
1353 2667 1496 2726 dicit
1549 2682 1702 2740 quae
1753 2676 1812 2724 et
1863 2669 1924 2724 in.
1968 2667 2274 2740 superiore
2317 2674 2447 2725 arte
2490 2667 2858 2736 memoravit,
2899 2668 3196 2740 pleraque

610 2767 811 2837 addit‚·
865 2769 949 2850 p.'
973 2764 1099 2829 369
1153 2764 1309 2829 item
1367 2764 1446 2829 de
1502 2764 1848 2851 participio
1904 2769 2014 2829 hoc
2067 2777 2153 2828 est
2208 2770 2365 2844 quod
2416 2773 2678 2846 leqimus¹
2714 2772 2888 2830 etiam
2944 2771 3004 2828 in
3064 2775 3196 2828 arte

608 2873 913 2944 superiore
924 2893 948 2940 ,·
1002 2889 1067 2953 p.
1113 2866 1238 2930 399
1281 2888 1513 2946 semper
1554 2872 1823 2931 Donatus
1865 2875 2022 2931 clam
2065 2879 2348 2947 conputat
2389 2873 2543 2931 inter
2586 2872 2875 2931 ablatiuas
2916 2862 3193 2947 praepo-

608 2974 868 3041 sitiones,
928 2982 985 3031 et
1037 2976 1098 3032 in
1155 2976 1281 3033 alia
1330 2983 1507 3050 parte
1550 2978 1701 3033 artis
1743 2976 1854 3035 boc
1890 2975 2067 3051 fecit,
2125 2983 2181 3034 et
2224 2975 2320 3034 bic
2358 2973 2509 3046 fecit
2549 2976 2678 3036 Izoc.
2756 2995 2789 3035 0
2834 2970 3068 3057 quibus
3115 2992 3195 3033 ea

609 3094 775 3157 quae
816 3071 1099 3157 primum
1142 3072 1330 3158 posui
1377 3072 1457 3136 de
1502 3071 1791 3138 ablativo
1823 3074 2088 3159 quintae
2118 3083 2184 3137 et
2228 3073 2456 3137 tertiae
2502 3072 2954 3138 declinationis
3002 3082 3066 3136 et
3111 3072 3194 3136 de

608 3173 1099 3259 pronominibus
1158 3196 1551 3260 quamquam
1605 3176 1698 3239 ita
1753 3173 2042 3259 intellegi
2094 3185 2405 3260 possunt,
2466 3177 2654 3261 quasi
2711 3175 2791 3239 de
2844 3174 2947 3238 his
2992 3175 3191 3239 rebus

609 3276 678 3338 in
708 3276 1194 3339 ‘commentario
1253 3278 1487 3361 prioris
1534 3278 1692 3341 artis
1737 3278 2204 3361 grammaticus
2251 3278 2527 3358 dixerit,
2584 3288 2802 3341 tamen
2847 3277 3009 3341 satis
3058 3299 3191 3341 001-

608 3389 744 3441 tum
799 3378 936 3441 eius
995 3379 1088 3441 rei
1143 3378 1454 3443 indicium
1511 3402 1639 3443 non
1694 3381 2045 3444 continent.
2134 3403 2284 3445 nam
2335 3378 2448 3443 illa
2505 3380 2586 3444 (10
2644 3380 3192 3445 declinationibus

606 3481 938 3543 nominum
1002 3479 1233 3544 referri
1296 3492 1571 3565 possunt
1636 3481 1719 3545 ad
1787 3504 1864 3545 ea
1919 3505 2084 3567 quae
2139 3484 2207 3545 in
2261 3504 2392 3547 non
2444 3480 2641 3547 nullis
2701 3481 3189 3568 exemplaribus

608 3582 855 3646 Donati
910 3605 971 3668 p.
1018 3583 1178 3664 356,
1225 3582 1307 3647 36
1352 3583 1601 3669 scripta
1647 3595 1799 3648 sunt
1845 3583 1947 3648 §el
1993 3584 2078 3648 ad
2124 3607 2201 3649 00
2245 3608 2411 3671 quae
2457 3585 2538 3648 de
2582 3584 2682 3649 his
2729 3584 2971 3669 regulis
3020 3607 3188 3648 com-

606 3693 934 3747 mentatus
1000 3696 1100 3748 est
1167 3686 1434 3749 Servius
1502 3710 1563 3772 p.
1612 3686 1772 3765 408,
1819 3686 1901 3749 36
1947 3709 2087 3772 sqq.
2155 3687 2236 3750 de
2292 3687 2779 3772 pronominibus
2847 3695 3067 3751 autem
3119 3688 3190 3749 in

528 3856 540 3865 ,
605 3786 865 3851 casibus
912 3788 1352 3852 crescentibus
1398 3787 1504 3851 vel
1549 3788 2076 3852 decrescentibus
2121 3789 2281 3852 nihil
2327 3791 2640 3875 scriptum
2686 3798 2785 3852 est
2827 3789 2894 3851 in
2936 3789 3188 3853 minore

606 3899 748 3953 arte
792 3889 1067 3969 Donati,
1115 3888 1229 3951 sed
1273 3889 1542 3953 Servius
1590 3899 1654 3954 et
1697 3890 1765 3952 in
1810 3892 2272 3955 commentario
2318 3893 2386 3954 in
2429 3893 2599 3955 hane
2642 3902 2894 3977 partem
2938 3913 3001 3976 p.
3036 3891 3182 3973 410,

606 3990 689 4053 32
731 3988 894 4053 illud
938 3992 1247 4056 tractavit
1290 4003 1355 4056 et
1398 3993 1467 4054 in
1512 3993 1975 4056 commentario
2010 3993 2386 4077 posterioris
2430 3994 2637 4079 partis
2685 4016 2747 4078 p.
2778 3992 2904 4056 436
2949 3994 3183 4057 iisdem

606 4092 744 4155 fere
774 4093 993 4156 verbis
1009 4141 1025 4173 ,
1073 4093 1309 4178 quibus
1341 4092 1688 4180 Pompeius
1733 4116 1892 4157 usus
1939 4105 2067 4176 est,
2115 4117 2191 4159 ea
2235 4095 2317 4160 110
2361 4118 2432 4158 10
2478 4116 2547 4158 30
2594 4094 2892 4180 superius
2940 4093 3189 4158 dixisse

608 4194 852 4261 scribit.
929 4217 1127 4281 quare
1141 4243 1158 4276 ,
1213 4219 1359 4259 cum
1414 4195 1760 4281 Pompeius
1820 4198 2279 4260 commentario
2339 4196 2549 4261 Servii
2605 4219 2760 4261 usus
2830 4196 2945 4277 sit,
3016 4197 3187 4260 sieut

607 4318 761 4360 mox
808 4296 1396 4362 demonstrabimus
1411 4344 1427 4376 ,
1474 4296 1599 4360 huc
1644 4297 1860 4381 potius
1908 4300 2114 4363 verba
2157 4299 2237 4363 de
2277 4299 2520 4385 ‘quibus
2567 4299 2785 4383 agitur
2829 4297 3067 4379 refero,
3113 4310 3185 4362 ut

606 4422 737 4464 non
790 4398 1084 4484 Pompeii
1140 4398 1375 4484 aliquis
1431 4400 1932 4464 commentarius
1981 4401 2416 4483 significetur,
2466 4401 2578 4465 sed
2626 4424 2710 4465 ex
2755 4400 2968 4465 Servii
3014 4422 3183 4465 com-

606 4503 921 4566 mentario
978 4500 1137 4564 11000
1191 4501 1471 4585 repetita
1526 4503 1676 4565 sint.
1750 4500 2002 4587 reliqua
2044 4526 2200 4568 vero
2255 4525 2420 4588 quae
2467 4526 2666 4588 supra
2708 4502 2896 4589 posui
2941 4502 3027 4565 ad
3072 4502 3186 4565 mi-

605 4623 831 4666 norem
876 4613 1082 4667 artem
1127 4602 1373 4667 Donati
1420 4603 1778 4688 pertinent,
1825 4604 1906 4668 de
1951 4605 2283 4670 adverbiis
2330 4605 2412 4668 ad
2458 4606 2629 4669 Don.
2678 4628 2740 4692 p.
2774 4604 2918 4684 362,
2957 4605 3056 4685 18,
3104 4605 3183 4668 110

604 4706 971 4790 participiis
1030 4702 1115 4767 ad
1172 4703 1343 4768 Don.
1402 4728 1463 4790 p.
1511 4708 1672 4786 363,
1726 4706 1835 4787 12,
1895 4707 1977 4772 110
2034 4706 2511 4794 praepositione
2556 4707 2736 4771 010111
2768 4705 2856 4770 ad
2898 4707 3070 4770 Don.
3119 4730 3180 4792 p.

606 4807 752 4887 365,
799 4807 900 4869 22.
948 4808 1167 4892 itaque
1211 4806 1521 4872 maiorem
1568 4818 1774 4872 artem
1819 4810 2062 4874 Donati
2108 4810 2201 4872 ita
2245 4819 2506 4873 secutus
2552 4818 2650 4872 est
2693 4810 3067 4896 Pompeius,
3112 4817 3183 4872 ut
