3541 5564
1551 354 2023 419 COMMENTVM
2962 358 3088 423 293

2690 540 2693 543 Ἴ
2718 479 2758 518 p.
2786 470 2965 510 438—40
2990 468 3034 509 1„

1435 560 1533 620 DE
1578 559 1894 621 CETERIS
1942 560 2161 622 VlTllS

664 679 1009 759 Acyrologia
1083 680 1488 760 cacenphaton
1561 678 1935 760 pleonasmos
2007 680 2397 760 perissologia
2468 683 2828 763 macrologia
2897 694 3085 746 tauto-

496 781 649 859 logia
696 781 930 862 eclipsis
975 784 1258 863 tapinosis
1318 783 1780 863 cacosyntheton
1838 770 2228 863 amphibolia:
2320 784 2574 845 diximus
2631 784 3086 860 barbarismum,

497 883 752 945 diximus
796 884 1242 954 soloecismum;
1289 887 1592 946 veniamus
1642 882 1650 967 Ι
1699 886 1770 945 ad
1829 884 1928 946 illa
1986 886 2191 947 decem
2240 886 2397 947 vitia.
2486 889 2820 968 acyrologia
2848 899 2957 951 >est
2998 892 3086 952 in-

443 1019 468 1056 5
496 988 737 1066 propria
784 986 992 1058 dictio,
1052 989 1206 1067 siqui
1250 989 1559 1067 inproprie
1605 987 1764 1067 loqui
1810 987 2132 1057 voluerint,
2191 996 2257 1049 ut
2300 991 2349 1048 si
2395 988 2556 1050 dicas
2616 991 2860 1053 ‘dentes
2920 1013 3089 1054 meos

493 1108 693 1168 pugno
737 1090 951 1160 sudit',
1000 1108 1120 1150 non
1178 1097 1271 1150 est
1313 1091 1650 1170 proprium,
1697 1090 1802 1149 sed
1848 1089 2093 1150 ‘dentes
2146 1110 2314 1152 meos
2368 1110 2569 1171 pugno
2628 1094 2857 1171 fregit':
2949 1115 3086 1156 nam

494 1210 625 1252 ossa
671 1192 864 1271 frangi
906 1200 1183 1271 possunt,
1231 1212 1349 1253 non
1396 1192 1593 1261 l'undi;
1672 1194 1784 1252 ista
1838 1192 2171 1271 acyrologia
2218 1202 2322 1254 est.
2415 1204 2475 1255 et
2529 1204 2593 1255 ut
2648 1204 2785 1274 puta
2832 1199 2882 1257 si
2928 1197 3087 1258 dicas

490 1294 682 1355 ‘fuste
740 1314 916 1355 crura
962 1296 1087 1355 eius
1142 1294 1405 1373 pertudit
1422 1300 1460 1363 ',
1509 1314 1620 1355 nec
1667 1295 1780 1355 hoc
1824 1296 2137 1374 proprium
2183 1303 2290 1365 est,
2338 1297 2441 1356 sed
2498 1296 2686 1358 ‘suste
2738 1318 2913 1361 crura
2959 1301 3084 1361 eius

492 1398 725 1474 fregit’.
815 1399 926 1457 ista
973 1405 1064 1457 est
1105 1398 1506 1476 inproprietas
1552 1396 1899 1457 dictionum.
1992 1396 2175 1457 habes
2219 1401 2281 1458 in
2326 1398 2584 1476 Vergilio

416 1528 467 1567 10
798 1498 989 1559 hunc
1035 1517 1167 1577 ego
1211 1500 1272 1559 si
1321 1500 1526 1577 potui
1572 1506 1857 1559 tantum
1904 1518 2223 1578 sperare
2268 1500 2627 1561 dolorem.

493 1620 803 1681 speramus
849 1600 1022 1672 bona,
1070 1602 1346 1661 timemus
1392 1599 1562 1661 mala.
1627 1620 1770 1680 ergo
1814 1602 1927 1662 ista
1973 1620 2091 1661 non
2137 1605 2381 1682 proprie
2426 1603 2657 1665 locutus
2704 1612 2794 1665 est
2832 1604 3084 1666 dicendo

495 1702 761 1764 dolorem
807 1722 1068 1783 sperare,
1116 1722 1252 1764 cum
1298 1702 1601 1764 debuisset
1630 1703 1832 1764 dicere
1877 1703 2147 1764 dolorem
2180 1706 2411 1775 timere,
2460 1706 2657 1767 ‘hunc
2700 1727 2809 1785 ego
2840 1709 2889 1767 si
2919 1711 3085 1787 potui

494 1813 722 1867 tantum
767 1809 1046 1885 sperare’
1091 1823 1200 1883 pro
1248 1824 1318 1865 eo
1363 1806 1519 1885 quod
1568 1814 1659 1866 est
1701 1808 1932 1866 timere.

662 1909 1076 1988 Cacenphaton
1123 1907 1337 1968 dicitur
1383 1906 1641 1969 obscena
1687 1910 2037 1970 enuntiatio,
2126 1910 2189 1970 fit
2234 1916 2430 1970 autem
2487 1919 2586 1971 aut
2641 1913 2701 1971 in
2748 1930 2864 1971 una
2911 1921 3082 1991 parte
3105 1926 3222 1986 447,
3258 1928 3320 1974 15

418 2038 466 2076 ω
494 2012 778 2072 orationis
821 2019 920 2070 aut
963 2011 1022 2070 in
1070 2017 1350 2070 contextu
1395 2012 1651 2089 partium
1699 2012 1983 2070 orationis
2027 2012 2217 2072 autin
2256 2031 2457 2080 sensu,
2506 2012 2662 2089 quod
2711 2022 2801 2073 est
2845 2033 2912 2075 re
2943 2034 3079 2076 vera

493 2113 813 2174 vitandum.
889 2114 954 2173 fit
996 2121 1192 2173 autem
1237 2113 1297 2172 in
1345 2131 1458 2172 una
1504 2121 1675 2191 parte
1721 2114 2025 2182 orationiS,
2074 2121 2141 2174 ut
2185 2121 2277 2173 est
2319 2113 2462 2174 illud
2510 2115 2664 2194 apud
2712 2115 3078 2187 Terentium,

491 2218 780 2293 ‘arrige
836 2233 1053 2275 aures
1108 2213 1553 2293 Pamphile’;
1623 2222 1818 2293 potest
1873 2223 1931 2275 et
1986 2215 2305 2276 obscenam
2364 2236 2493 2277 rem
2552 2236 2794 2277 sonare:
2858 2227 2962 2278 aut
3018 2221 3078 2279 in

489 2324 767 2379 contextu
814 2319 1069 2396 partium
1116 2317 1422 2386 orationiS,
1467 2319 1887 2376 ‘numerum
1944 2336 2100 2378 cum
2158 2317 2469 2378 navibus
2513 2324 2847 2398 aequet’;
2901 2318 2911 2398 Ι
2958 2320 3077 2380 col-

489 2420 681 2481 lidunt
734 2420 896 2497 ipsae
950 2428 1150 2499 partes
1210 2426 1269 2478 et
1324 2418 1649 2479 obscenum
1705 2417 1927 2498 aliquid
1984 2425 2217 2507 sonant.
2312 2422 2424 2480 ista
2486 2422 2547 2479 in
2607 2440 2786 2482 sensu
2842 2423 3075 2484 vitanda

414 2549 465 2587 20
491 2529 632 2584 suut
673 2541 740 2582 re
785 2540 942 2582 vera.
1003 2520 1102 2581 illa
1149 2521 1307 2580 enim
1354 2521 1531 2580 etiam
1575 2522 1750 2599 pueri
1793 2529 2045 2599 possunt
2089 2514 2262 2593 scirse,
2308 2524 2369 2582 in
2417 2541 2535 2582 una
2579 2532 2750 2602 parte
2795 2526 3079 2585 orationis

489 2624 644 2703 quod
704 2626 770 2684 fit
824 2632 925 2684 aut
965 2626 1027 2684 in
1085 2629 1361 2684 contextu
1415 2624 1673 2701 partium
1731 2620 2035 2684 orationis.
2136 2624 2545 2704 cacenphaton
2604 2643 2842 2706 quoque
2900 2628 2962 2687 fit
3017 2628 3076 2687 in

488 2747 682 2797 sensu,
731 2726 888 2808 quod
934 2745 1000 2787 re
1045 2743 1181 2787 vera
1230 2724 1527 2786 vitandum
1574 2730 1680 2793 est,
1729 2734 1793 2786 ut
1837 2732 1928 2785 est
1971 2724 2116 2786 illud
2163 2726 2320 2806 apud
2368 2726 2731 2799 Sallustium,
2778 2730 2938 2810 quod
2968 2748 3075 2790 no-

492 2837 762 2892 taverunt
806 2848 1030 2898 omneS,
1077 2829 1500 2908 ‘profectus
1545 2826 1839 2905 quidam
1883 2828 2110 2908 Ligus
2156 2830 2238 2890 ad
2282 2832 2653 2908 requisita
2706 2835 3073 2893 naturae'.

492 2932 672 2993 voluit
715 2932 914 2993 dicere
960 2930 1279 2992 obscenam
1324 2950 1470 2992 rem.
1562 2949 1714 3009 quae
1759 2933 2088 2992 necessitas
2132 2934 2345 3001 fuerat,
2396 2938 2460 2993 ut
2505 2932 2577 2993 ad
2624 2942 2740 2993 tam
2788 2933 3075 2994 humilem

414 3061 464 3098 25
492 3041 550 3094 et
599 3035 770 3095 vilem
817 3035 1276 3113 descriptionem
1325 3031 1840 3111 historiographus
1884 3032 2309 3094 descenderet?
2366 3053 2505 3094 ecce
2550 3035 2955 3114 cacenphaton
2988 3046 3077 3098 est

490 3137 684 3206 mode,
731 3137 834 3196 sed
879 3138 939 3196 in
985 3154 1186 3195 sensu.
1272 3153 1411 3195 nam
1456 3140 1740 3213 quantum
1800 3134 1871 3193 ad
1916 3135 2095 3195 verba
2142 3137 2429 3216 pertinet,
2490 3137 2738 3198 honesta
2796 3138 3069 3199 elocutio.

491 3257 632 3317 ergo
677 3240 790 3298 ista
835 3237 1066 3298 vitanda
1111 3245 1265 3307 sunt,
1312 3255 1464 3314 quae
1510 3237 1705 3314 turpia
1752 3236 2023 3298 videntur
2070 3257 2201 3298 esse
2245 3240 2306 3298 in
2352 3257 2549 3299 sensu.
2618 3238 2850 3300 habetis
2896 3243 3070 3300 etiam

488 3340 642 3421 apud
687 3340 995 3401 Horatium
1042 3342 1150 3399 ‘et
1193 3346 1357 3400 tuos
1403 3337 1673 3399 rubros
1718 3337 2097 3399 obstetrix
2132 3359 2417 3418 pannos
2461 3340 2705 3402 lavit'.
2775 3360 2903 3402 rem
2947 3349 3073 3403 tur-

487 3444 789 3522 pissimam
834 3442 1007 3511 dixit,
1068 3440 1244 3500 verba
1288 3443 1519 3519 integra
1564 3447 1703 3502 sunt
1747 3448 1805 3500 et
1849 3458 2016 3510 sana,
2077 3461 2286 3502 sensus
2340 3444 2470 3521 ipse
2517 3445 2816 3522 pessimus
2861 3454 2920 3505 et
2963 3444 3069 3504 ob-

411 3565 719 3610 aosceuus.
811 3561 953 3622 ergo
1005 3544 1119 3603 ista
1163 3542 1396 3603 vitanda
1439 3550 1578 3603 sunt
1635 3544 1919 3621 graviter,
1985 3563 2104 3656 npn
2150 3562 2430 3604 concessa
2488 3554 2649 3635 sunt,
2678 3548 2792 3608 ista
2835 3548 3071 3625 penitus

490 3649 600 3706 nisi
644 3645 912 3707 satiricis,

628 3869 691 3919 10
727 3864 881 3933 hunc]
935 3869 1093 3931 Ver-9.
1133 3865 1263 3919 Aen.
1304 3867 1392 3915 llll
1430 3866 1534 3918 419
1640 3868 1705 3918 14
1736 3877 1823 3916 aut
1853 3871 2014 3931 primo
2046 3870 2155 3919 loco
2192 3883 2284 3918 om.
2318 3868 2473 3919 Bos
2614 3867 2678 3918 16
2708 3869 2845 3934 apud
2883 3870 3072 3918 Teren-

491 3936 634 4005 tium]
675 3938 843 3991 Andr.
875 3940 924 3986 V
959 3941 1013 4002 4,
1049 3936 1118 3987 30
1259 3937 1322 3988 17
1360 3939 1500 3986 auris
1537 3936 1831 4003 phamphile
1866 3938 1917 3987 B
2096 3938 2159 3988 18
2199 3935 2485 4003 numerum]
2538 3938 2697 4004 Ver-9.
2741 3938 2870 3989 Aen.
2910 3941 2931 3988 Ι
2973 3938 3070 3990 193

626 4018 810 4072 aequat
844 4008 895 4057 P
1030 4006 1292 4056 conliduut
1337 4007 1478 4071 ipsae
1513 4007 1542 4054 b
1590 4008 1829 4057 callidum
1862 4009 2007 4072 ipsae
2039 4008 2094 4056 ·B
2132 4009 2315 4057 callide
2352 4010 2492 4071 ipsas
2530 4008 2573 4058 C
2604 4009 2790 4058 calidet
2827 4011 2967 4074 ipsas
3004 4008 3068 4057 S:

490 4079 701 4128 callidae
741 4080 883 4144 ipsae
920 4087 1092 4144 partes
1123 4077 1396 4127 obscenum
1434 4077 1630 4139 aliquid
1662 4088 1845 4128 sonant
1880 4093 2061 4127 reuera
2099 4080 2148 4127 P
2286 4076 2352 4128 19
2380 4089 2560 4126 sonant
2594 4089 2681 4129 aut
2717 4081 2813 4128 ista
2843 4079 2895 4127 B
2924 4087 3071 4130 sonat

490 4158 574 4197 aut
612 4150 707 4198 ista
734 4149 777 4200 G
808 4159 953 4197 sonet
985 4157 1072 4197 aut
1113 4147 1212 4196 ista
1242 4150 1284 4198 S
1420 4147 1484 4197 21
1525 4146 1748 4214 quoque]
1784 4147 1921 4211 quod
1954 4147 2107 4198 BCS
2118 4150 2167 4197 P
2303 4146 2372 4198 23
2398 4147 2655 4212 perfectus
2690 4148 2898 4212 quidam
2932 4149 3069 4215 ligus

488 4220 553 4268 ad
588 4219 880 4282 requisitam
928 4226 1160 4268 naturam
1209 4218 1273 4267 P.
1310 4217 1539 4268 Sallustii
1570 4218 1902 4283 fraymentum
1935 4217 2093 4269 edidit
2128 4218 2417 4268 Ludovicus
2446 4218 2629 4269 Carrio
2672 4235 2743 4267 ex
2777 4219 3075 4284 Flodeyarii

486 4291 829 4340 commentario
863 4290 914 4338 in
950 4289 1212 4349 Donatum,
1248 4289 1312 4338 de
1352 4303 1447 4353 quo
1484 4289 1554 4337 ita
1589 4289 1797 4354 scripsit
1828 4287 1982 4340 schol.
2021 4289 2071 4336 iu
2098 4288 2306 4339 Sallust.
2339 4289 2510 4337 histor.
2536 4303 2589 4350 p.
2631 4287 2733 4339 234
2770 4289 2877 4352 (ed.
2915 4289 3066 4339 Anto.

488 4376 539 4408 a.
567 4358 726 4422 1579)
761 4363 778 4390 ‘
794 4359 1145 4424 Ηοάεραήυε,
1174 4358 1238 4408 de
1273 4374 1368 4423 quo
1397 4357 1521 4406 alibi
1553 4358 1674 4408 nihil
1708 4361 1877 4423 legere
1908 4360 2115 4422 memini,
2150 4359 2200 4406 in
2234 4358 2589 4408 Commentario
2618 4359 2691 4407 ad
2710 4358 3071 4409 Barbaria-mos

489 4432 695 4493 Donati,
730 4429 818 4494 qui
856 4431 907 4479 in
940 4427 1238 4480 bibliotheca
1270 4429 1549 4479 Elnonensi
1580 4431 1775 4478 calamo
1811 4437 2062 4478 exaratus
2094 4435 2298 4489 exstat,
2342 4428 2425 4491 tit,
2464 4430 2622 4492 inquit
2665 4426 2978 4493 cacophaton
3014 4431 3066 4478 in

488 4567 900 4635 historiographo
946 4569 1021 4618 vel
1065 4570 1298 4633 prudenti
1336 4576 1584 4617 narratur.
1642 4570 1777 4619 unde
1817 4567 2109 4617 Sallustius:
2150 4566 2407 4634 profectus
2444 4568 2650 4632 quidam
2687 4568 2848 4633 Ligus
2885 4569 2951 4618 ad
2989 4585 3068 4618 re·

489 4640 674 4702 quisita
716 4647 945 4690 naturae.
993 4640 1111 4689 item
1152 4639 1416 4700 Horatiu8‚
1458 4646 1507 4686 et
1537 4646 1649 4688 tuos
1688 4639 1866 4688 rubros
1904 4638 2146 4687 obstetrix
2187 4653 2383 4704 pannos
2415 4638 2554 4691 lauit.
2621 4640 2671 4686 in
2709 4638 2895 4700 quibus
2932 4639 3066 4701 quod

488 4709 554 4758 ad
591 4709 744 4758 verba
780 4708 976 4771 attinet,
1013 4708 1225 4759 honesta
1262 4719 1339 4759 est
1376 4709 1609 4771 elocutio,
1649 4709 1713 4757 de
1749 4724 1803 4756 re
1843 4718 2011 4757 tamen
2052 4709 2381 4772 turpissima’
2522 4709 2591 4757 24
2622 4722 2751 4771 quae
2789 4709 3067 4757 necessitas

486 4778 654 4828 BSP
687 4778 778 4828 sed
819 4793 949 4839 quae
979 4780 1251 4830 necessitas
1291 4779 1372 4830 Cb
1477 4778 1545 4828 28
1574 4779 1712 4845 apud
1749 4775 2032 4844 Horatium]
2075 4778 2221 4842 epod.
2261 4779 2342 4840 17,
2372 4777 2440 4829 50
2471 4787 2520 4827 et
2548 4788 2634 4829 tuo
2668 4793 2846 4828 cruore
2884 4778 3065 4828 rubros

490 4849 730 4899 obstetrix
768 4862 965 4916 pannos
1005 4847 1125 4897 lavit
