3541 5564
1676 274 1836 362 'Ans
2933 299 3053 363 381

2672 424 2712 463 p.
2741 414 2854 453 2069.
2882 413 2933 453 70
2961 410 3004 452 P.

478 505 708 566 tenent,
756 498 1051 575 passivum
1097 513 1236 554 vero
1282 503 1340 554 et
1386 512 1697 555 commune
1744 500 1804 554 et
1849 494 2151 573 deponens
2206 492 2449 552 similes.
2541 502 2632 554 cst
2678 512 2819 572 ergo
2864 497 3056 573 prima

478 601 812 677 coniugatio
866 617 1015 677 quae
1075 598 1396 657 indicativo
1453 596 1625 656 modo
1668 603 1935 675 tempore
1980 598 2283 675 praesenti
2330 614 2579 656 numero
2625 597 2915 673 singulari
2962 616 3053 657 se-

477 703 694 772 cunda,
753 703 907 762 sicut
960 700 1186 760 dictum
1240 706 1358 768 est,
1415 683 1665 777 persona
1725 698 1907 758 verbo
1965 700 2154 758 activo
2211 705 2272 757 et
2317 699 2573 759 neutrali
2620 719 2651 759 a
2697 699 2877 760 habet
2921 707 3053 760 ante

476 806 852 864 novissimam
897 804 1186 904 litteigm,
1235 803 1470 882 passivo
1515 803 1812 861 communi
1859 807 1919 860 et
1963 800 2282 880 deponenti
2330 808 2464 860 ante
2510 804 2894 864 novissimam
2939 804 3052 883 syl-

421 905 696 973 5labam,
744 913 809 965 ut
852 923 996 965 voco
1029 923 1230 973 vocas,
1279 922 1456 963 vocor
1486 905 1745 974 vocaris;
1794 911 1855 963 et
1897 904 2041 963 haec
2087 922 2325 981 semper
2369 904 2601 975 littera,
2649 924 2799 985 quae
2845 908 3050 966 coniu-

472 1011 770 1087 gationem
818 1010 989 1067 istam
1033 1009 1285 1086 primam
1316 1005 1607 1074 ostendit,
1654 1005 1828 1083 longa
1861 1012 1983 1075 est;
2029 1006 2419 1085 futurumque
2465 1013 2699 1085 tempus
2745 1008 3049 1069 indicativi

471 1111 628 1171 modi
673 1110 830 1189 quod
885 1109 957 1169 ad
1014 1111 1271 1169 activum
1328 1116 1386 1168 et
1442 1108 1706 1168 neutrale
1754 1110 2017 1187 pertinet
2059 1110 2123 1167 in
2170 1106 2273 1176 bo,
2328 1107 2483 1186 quod
2532 1108 2603 1168 ad
2648 1112 2946 1188 passivum
2993 1118 3052 1170 et

470 1231 780 1274 commune
839 1219 899 1271 et
954 1211 1285 1290 deponenS,
1345 1213 1404 1269 in
1466 1210 1576 1270 hor
1629 1213 1833 1271 mittit.
1924 1229 2060 1270 nam
2119 1228 2260 1270 voco
2309 1209 2527 1270 vocabo
2574 1211 2719 1271 facit
2762 1212 3047 1282 futurum,

471 1323 531 1375 et
576 1333 751 1375 vocor
795 1316 1060 1374 futurum
1104 1314 1248 1373 facit
1292 1312 1567 1373 vocabor.
1640 1320 1701 1372 et
1745 1321 2018 1372 naturam
2060 1311 2452 1389 longitudinis
2496 1330 2638 1373 suae
2684 1315 2746 1373 in
2792 1316 3048 1393 impera-

394 1434 445 1473 ιο
473 1420 589 1478 tivo
645 1424 706 1477 et
758 1417 1049 1476 infinitivo
1106 1422 1319 1476 servat.
1408 1416 1665 1476 secunda
1725 1417 2062 1492 coniugatio
2117 1422 2208 1474 est
2272 1432 2422 1494 quae
2488 1415 2810 1477 indicativo
2876 1418 3049 1478 modo

471 1527 735 1599 tempore
783 1521 1082 1598 praesenti
1129 1537 1376 1579 numero
1422 1518 1710 1596 singulari
1755 1536 2012 1597 persona
2045 1517 2303 1577 secunda
2336 1516 2519 1577 verbo
2566 1521 2755 1580 activo
2801 1526 2860 1580 et
2905 1538 3046 1580 neu-

473 1623 605 1684 trali
665 1641 695 1682 e
751 1622 1099 1701 productam
1156 1620 1337 1681 hahet
1393 1627 1527 1680 ante
1584 1622 1965 1681 novissimam
2021 1618 2309 1690 litteram,
2368 1622 2601 1699 passivo
2647 1627 2945 1684 communi
2990 1633 3048 1686 et

468 1726 786 1805 deponenti
837 1731 972 1784 ante
1018 1725 1399 1784 novissimam
1445 1722 1762 1802 syllabam,
1811 1730 1875 1783 ut
1921 1740 2132 1782 moneo
2177 1741 2412 1792 moneS,
2460 1742 2706 1784 moneor
2753 1730 3045 1798 moneris;

468 1830 850 1907 futurumque
917 1833 1151 1905 tempus
1217 1826 1523 1886 indicativi
1594 1826 1750 1885 modi
1824 1826 2015 1886 activo
2084 1832 2144 1884 et
2198 1825 2452 1885 neutrali
2512 1826 2755 1905 quidem
2817 1830 2881 1888 in
2950 1829 3044 1901 bo,

395 1944 441 1983 15
467 1932 701 2009 passivo
745 1931 1044 1989 communi
1091 1935 1152 1987 et
1194 1928 1514 2006 deponenti
1559 1929 1621 1987 in
1667 1927 1778 1987 bor
1822 1926 2105 2007 syllabam
2149 1929 2358 1996 mittit,
2406 1935 2472 1987 ut
2516 1946 2728 1988 moneo
2774 1930 3044 1999 monebo,

469 2052 714 2093 moneor
785 2030 1100 2101 monebor;
1167 2032 1310 2090 item
1366 2032 1429 2090 in
1486 2031 1837 2109 imperativo
1894 2036 1954 2089 et
2007 2030 2300 2089 infinitivo
2355 2031 2597 2109 propria
2654 2032 3045 2109 productione¹

467 2142 763 2196 manente.
845 2135 1019 2194 tertia
1066 2134 1404 2210 coniugatio
1452 2132 1666 2211 duplex
1712 2137 1823 2192 est.
1878 2132 1980 2191 sed
2026 2133 2156 2191 eius
2202 2134 2392 2210 prima
2438 2151 2579 2212 pars
2624 2139 2714 2192 est
2757 2153 2907 2213 quae
2951 2138 3045 2196 in-

467 2238 723 2299 dicativo
767 2236 941 2297 modo
989 2234 1269 2318 temlpore
1313 2236 1612 2313 praesenti
1661 2252 1908 2294 numero
1953 2234 2241 2312 singulari
2274 2235 2532 2295 secunda
2562 2253 2815 2314 persona
2863 2237 3045 2297 verbo

467 2342 656 2400 activo
712 2345 771 2399 et
827 2337 1080 2398 neutrali
1138 2339 1156 2398 i
1214 2343 1549 2416 correptam
1584 2321 1790 2396 'habet
1847 2342 1981 2396 ante
2040 2337 2420 2397 novissimam
2464 2336 2757 2407 litteram,
2804 2342 3044 2418 passivo

390 2458 440 2497 κο
467 2442 763 2502 communi
809 2447 871 2501 et
913 2440 1230 2519 deponenti
1279 2457 1310 2499 e
1357 2446 1694 2517 correptam
1736 2457 1847 2517 pro
1892 2441 1912 2499 i
1957 2438 2154 2498 littera
2213 2440 2432 2517 accipit
2479 2445 2611 2498 ante
2659 2442 3043 2502 novissimam

465 2543 780 2622 syllabam,
830 2550 893 2602 ut
937 2542 1068 2619 lego
1112 2541 1292 2618 legis,
1349 2539 1515 2618 legor
1561 2540 1812 2617 legeris:
1873 2547 1933 2599 et
1976 2541 2243 2601 futurum
2289 2546 2521 2619 tempus
2566 2544 2756 2602 activo
2801 2545 3043 2623 quidem

466 2653 526 2705 et
569 2645 819 2706 neutrali
870 2646 928 2705 in
976 2662 1098 2712 am,
1147 2645 1381 2723 passivo
1427 2662 1567 2703 vero
1612 2650 1672 2702 et
1717 2644 2015 2703 communi
2073 2649 2131 2702 et
2176 2642 2496 2721 deponenti
2542 2646 2603 2704 in
2650 2664 2716 2705 ar
2759 2645 3044 2724 syllabam

465 2750 676 2818 mittit,
733 2755 797 2808 ut
854 2747 983 2826 lego
1041 2747 1259 2824 legam,
1317 2746 1483 2824 legor
1538 2745 1722 2824 legar.
1814 2744 1997 2806 altera
2051 2747 2284 2824 species
2337 2747 2550 2807 tertiae
2608 2749 3043 2826 coniugationis

467 2858 556 2911 est
612 2869 762 2930 quae
819 2852 1148 2911 indicativo
1201 2851 1379 2910 modo
1434 2856 1701 2925 tempore
1751 2851 2076 2925 praesenti
2123 2864 2373 2908 numero
2427 2851 2734 2923 singulare·
2784 2853 3041 2912 secunda

389 2967 720 3032 2511031'80113
768 2951 949 3012 verbo
995 2953 1186 3012 activo
1231 2957 1291 3011 et
1335 2951 1592 3011 neutrali
1638 2952 1657 3010 i
1702 2949 2053 3029 productam
2097 2948 2279 3010 hahet
2334 2958 2469 3010 ante
2516 2953 2897 3014 novissimam
2941 2955 3040 3014 lit-

466 3063 684 3124 teram,
732 3056 963 3133 passivo
1006 3056 1303 3114 communi
1348 3060 1408 3113 et
1453 3053 1772 3132 deponenti
1804 3059 1938 3113 ante
1970 3053 2349 3113 novissimam
2394 3051 2707 3131 syllabam,
2755 3061 2822 3113 ut
2866 3055 3042 3117 audio

467 3158 665 3226 audis,
736 3156 944 3216 audior
1010 3156 1253 3215 audiris.
1343 3157 1492 3216 hanc
1550 3174 1667 3216 non
1734 3154 1880 3216 nulli
1944 3160 2215 3234 quartam
2272 3157 2751 3232 coniugationem
2808 3165 3037 3236 putant,

465 3259 620 3339 quod
678 3259 942 3318 futurum
996 3266 1229 3338 tempus
1286 3265 1346 3318 et
1398 3260 1461 3318 in
1516 3277 1611 3318 am
1668 3265 1726 3318 et
1782 3260 1841 3317 in
1902 3257 1977 3317 bo
2032 3264 2090 3316 et
2133 3259 2195 3316 in
2239 3273 2316 3316 ar
2358 3264 2417 3317 et
2460 3260 2520 3317 in
2564 3259 2674 3318 bor
2717 3260 2929 3328 mittit,
2977 3267 3042 3319 ut

465 3362 640 3423 audio
686 3361 855 3421 audis
898 3360 1131 3422 audiam
1179 3361 1427 3430 audibo,
1474 3362 1669 3421 servio
1713 3362 1904 3421 servis
1949 3362 2205 3422 serviam
2252 3360 2491 3422 servibo
2558 3368 2617 3420 et
2672 3360 2882 3421 audior
2938 3381 3037 3422 au-

386 3480 438 3521 so
465 3465 614 3525 diris
659 3463 865 3524 audiar
910 3462 1181 3524 audibor.
1256 3464 1360 3524 sed
1425 3464 1579 3524 hanc
1634 3462 1908 3543 plerique
1965 3481 2081 3523 non
2128 3465 2431 3543 accipiunt
2476 3473 2808 3545 negantque
2854 3469 2915 3527 in
2964 3467 3038 3528 bo

465 3574 524 3626 et
566 3569 627 3627 in
675 3565 784 3626 bor
828 3567 991 3627 exire
1035 3584 1209 3646 posse
1254 3568 1491 3626 tertiam
1536 3568 1712 3626 istam
1757 3568 2263 3643 coniugationem,
2295 3568 2413 3627 nisi
2460 3569 2521 3626 in
2554 3585 2622 3626 eo
2655 3567 2836 3628 verbo
2880 3571 3035 3650 quod

463 3671 523 3728 in
569 3670 762 3747 prima
817 3686 1069 3747 persona
1129 3668 1436 3729 indicativi
1498 3668 1656 3728 modi
1718 3670 2006 3747 temporis
2062 3670 2394 3747 praesentis
2438 3672 2671 3730 numeri
2716 3673 3036 3749 singularis

462 3791 492 3830 e
541 3777 676 3831 ante
733 3789 768 3828 o
813 3768 1118 3838 habuerit,
1175 3776 1241 3830 ut
1298 3788 1368 3830 eo
1424 3789 1595 3850 queo.
1660 3776 1799 3830 tunc
1858 3772 2018 3831 enim
2073 3778 2234 3830 recte
2292 3770 2408 3830 dici
2470 3789 2598 3832 eam
2643 3791 2889 3852 queam,
2939 3775 3037 3834 ibo

461 3873 663 3953 quibo.

386 4023 438 4062 ³⁵
630 4008 785 4070 Illud
839 4014 1036 4067 tamen
1092 4008 1677 4070 animadvertendum
1736 4016 1855 4078 est,
1915 4009 2071 4088 quod
2133 4010 2419 4090 quaedam
2478 4011 2656 4072 verba
2704 4019 2841 4074 sunt
2884 4032 3034 4092 quae

462 4130 577 4171 non
632 4109 884 4188 singulis
939 4110 1460 4187 coniugationibus
1514 4112 1903 4171 inveniuntur
1959 4112 2210 4172 addicta.
2299 4112 2598 4173 interdum
2653 4117 2812 4181 enim
2861 4114 3034 4175 binae

601 4383 665 4433 10
703 4393 778 4431 est
814 4397 944 4445 quae
976 4396 1067 4431 om.
1108 4381 1216 4431 BL
1360 4380 1424 4431 12
1460 4381 1753 4447 productam
1795 4397 1821 4430 e
1857 4382 1983 4431 ΒΜ
2120 4382 2185 4433 16
2222 4382 2394 4431 itidem
2436 4384 2486 4432 in
2525 4384 2599 4446 (in
2631 4400 2720 4435 om.
2762 4385 2837 4449 L)
2872 4388 3031 4454 impe·

464 4454 625 4502 ratiuo
653 4461 703 4501 et
735 4452 982 4503 infinitiuo
1022 4453 1220 4516 propria
1262 4452 1591 4517 productione
1630 4459 1862 4500 constant
1900 4453 2006 4502 BL
2148 4452 2211 4502 17
2241 4451 2332 4502 sed
2369 4453 2515 4502 cuius
2555 4453 2619 4502 M
2716 4456 2785 4505 20
2824 4473 2851 4505 e
2887 4473 2980 4522 pro
3019 4459 3032 4505 i

467 4523 537 4574 lit.
580 4537 684 4574 cor.
719 4524 902 4588 accipit
942 4523 1003 4570 M
1039 4537 1067 4570 e
1104 4537 1193 4588 pro
1229 4522 1242 4570 i
1284 4531 1565 4586 correptam
1604 4522 1820 4571 litteram
1862 4521 2043 4585 accipit
2077 4521 2127 4571 L
2265 4522 2332 4572 23
2369 4522 2590 4589 species]
2630 4540 2749 4590 pars
2789 4526 2894 4577 BL

461 4595 529 4639 24
563 4606 693 4654 quae
724 4594 773 4641 in
809 4593 1036 4642 secunda
1061 4591 1112 4641 B
1144 4607 1273 4653 quae
1308 4592 1531 4642 secunda
1570 4591 1691 4642 ML
1830 4593 1896 4640 27
1935 4599 1982 4640 et
2019 4590 2153 4640 hanc
2188 4591 2415 4642 nonnulli
2453 4603 2679 4656 quartam
2718 4597 3033 4662 coniugatio-

464 4677 579 4710 uem
616 4662 872 4726 appellant
897 4663 1005 4714 BL
1144 4662 1211 4712 28
1248 4661 1468 4711 futurum
1511 4670 1710 4727 tempus
1747 4670 1797 4710 et
1824 4663 1873 4710 in
1910 4676 1991 4710 am
2031 4671 2079 4710 et
2110 4663 2161 4710 in
2200 4662 2262 4713 bo
2300 4664 2451 4712 mittit
2476 4662 2542 4712 M
2575 4663 2797 4714 futurum
2832 4675 3033 4733 tempus

464 4732 514 4779 in
552 4731 617 4781 bo
648 4742 697 4780 et
735 4733 784 4781 in
823 4748 903 4782 am
942 4735 1015 4794 (et
1053 4747 1133 4782 am
1172 4735 1242 4790 L)
1281 4733 1432 4782 mittit
1473 4732 1582 4781 BL
1721 4729 1791 4780 30
1835 4732 2126 4795 acciperunt
2169 4743 2456 4799 negantque
2494 4743 2542 4783 et
2571 4735 2623 4783 in
2666 4735 2727 4783 bo
2765 4745 2813 4786 et
2853 4737 2904 4786 in
2946 4739 3035 4787 bor

464 4800 530 4850 M
629 4801 697 4852 35
734 4802 859 4852 illud
894 4803 1402 4853 animaduertendum
1428 4812 1503 4853 est
1543 4801 1680 4853 BL.-
1715 4802 1877 4854 Diom.
1909 4816 1967 4864 p.
2007 4798 2125 4866 381,
2166 4801 2233 4852 10
