3541 5564
1516 361 1908 423 EXCERPTA
2881 358 3007 424 315

427 551 612 616 euius
657 549 760 615 bis
805 550 984 613 facta
1028 558 1128 614 est
1171 548 1445 629 mentio,
1491 548 1558 611 in
1602 555 1887 612 tractatu
1933 546 2013 611 de
2057 547 2349 628 nomine,
2386 558 2540 626 puta
2584 553 2639 612 si
2678 553 3006 625 interr-oyes

428 674 519 717 me
562 658 763 716 ‘cuius
803 651 1033 731 equus?
1047 657 1067 686 ’
1111 654 1442 730 respondeo
1484 655 1589 714 tibi
1623 671 1736 730 per
1775 655 2107 728 qenetivum
2149 670 2354 713 casum
2399 655 2601 713 domni
2625 654 2861 728 Erviqii
2900 672 3006 715 re-

422 761 544 833 qis,
592 763 659 819 et
705 756 785 819 de
828 753 1240 840 pronomine,
1287 759 1422 816 item
1465 774 1657 831 quare
1700 756 1921 816 dicitur
1958 757 2153 816 minus
2195 772 2374 829 quam
2411 753 2689 827 finitum?
2740 774 2807 817 eo
2849 758 3009 832 quod

428 863 502 921 de
542 864 780 935 cognita
831 867 893 921 et
931 862 1169 921 absente
1219 875 1478 933 persona
1520 854 1783 933 loquor(
1808 865 1872 917 ut
1902 864 2057 934 puta
2102 857 2253 917 ‘scis
2292 860 2570 918 domnum
2615 857 3003 934 Erviye'um?'

427 960 594 1039 ‘ipse
635 971 722 1023 est
756 966 1043 1038 princeps
1085 962 1476 1037 Hispaniae’.
1553 959 1609 1020 is
1654 956 1827 1020 enim
1872 957 1955 1021 ab
2002 977 2172 1020 anno
2217 956 2342 1019 680
2384 977 2591 1042 usque
2635 958 2720 1021 ad
2764 981 3004 1022 annum

425 1063 546 1127 687
591 1083 866 1145 regnum
910 1060 1275 1125 Gothorum
1319 1059 1678 1125 obtinebat.
1765 1059 1836 1121 in
1878 1066 2019 1123 arte
2063 1058 2406 1123 tractanda
2448 1068 2668 1124 autem
2712 1058 3004 1124 Iulianus

425 1165 519 1229 ita
563 1174 823 1229 secutus
869 1171 971 1228 est
1002 1163 1368 1243 Donatum,
1401 1169 1488 1225 'ut
1522 1161 1780 1247 integra
1810 1160 1946 1225 eius
1978 1161 2185 1225 verba
2213 1169 2539 1247 repeteret
2580 1161 2787 1247 iisque
2820 1185 3004 1226 suam

425 1265 909 1330 adnotationem
954 1264 1412 1351 interponeret.
1502 1272 1568 1328 et
1611 1264 1680 1326 in
1717 1285 1797 1327 ea
1840 1263 2104 1348 quidem
2148 1272 2334 1350 parte
2378 1285 2545 1349 quae
2590 1273 2690 1328 est
2736 1263 2816 1328 de
2861 1274 3005 1329 octo

424 1367 721 1455 partibus
767 1366 1079 1432 orationis
1111 1366 1330 1432 omnia
1368 1375 1629 1452 praeter
1659 1363 2128 1431 declinationes
2172 1365 2505 1430 nominum
2549 1376 2615 1431 et
2658 1366 3007 1431 verborum

425 1472 521 1535 sie
565 1478 637 1533 ut
681 1470 748 1533 in
801 1469 1052 1533 minore
1097 1476 1236 1532 arte
1281 1467 1527 1553 scripta
1571 1477 1758 1532 erant
1812 1468 2091 1553 repetita
2134 1477 2200 1533 et
2245 1469 2543 1534 subiecta
2587 1469 3006 1535 adnotatione

423 1571 752 1637 illustrata
806 1579 977 1635 sunt.
1067 1569 1326 1652 longius
1383 1592 1424 1634 a
1466 1570 1729 1636 Donato
1785 1569 2033 1635 recedit
2089 1571 2374 1636 secunda
2429 1592 2582 1656 pars
2640 1570 2722 1634 (16
2765 1569 3005 1635 litteris

424 1684 490 1738 et
542 1673 808 1760 reliquis
863 1674 1023 1737 artis
1081 1673 1547 1757 grammaticae
1607 1671 1975 1753 clementie,
2030 1672 2098 1736 in
2156 1694 2287 1758 qua
2329 1694 2459 1738 non
2504 1670 2716 1737 solum
2759 1673 3007 1738 Donati

424 1776 629 1841 verba
682 1775 1061 1860 plerumque
1104 1774 1174 1837 in
1216 1774 1743 1859 interrogationis
1790 1784 1855 1839 et
1898 1772 2341 1860 responsionis
2398 1774 2674 1839 formam
2719 1774 3005 1854 redacta,

424 1879 537 1942 sed
582 1877 772 1964 plura
816 1877 1013 1941 etiam
1056 1898 1250 1963 quam
1294 1877 1362 1939 in
1406 1874 1672 1962 reliquis
1719 1875 2016 1962 partibus
2061 1873 2327 1940 aliunde
2371 1876 2598 1942 addita
2641 1885 2811 1941 sunt.
2855 1900 3007 1941 nam

422 1988 574 2064 post
625 1978 1156 2043 commentarium
1214 1977 1292 2043 de
1350 1977 1623 2065 syllabis
1681 1976 1976 2044 adiectus
2035 1988 2134 2043 est
2191 1986 2506 2043 tractatus
2564 1979 2645 2043 de
2700 1978 3006 2045 finalibus

423 2080 728 2168 syllabiS‚
783 2082 853 2145 in
907 2103 1035 2168 quo
1092 2080 1593 2147 commentarius
1657 2079 1933 2145 Maximi
1977 2080 2304 2145 Victorini
2358 2080 2470 2166 qui
2514 2080 2726 2145 fertur
2767 2084 3004 2168 partim

420 2186 489 2248 in
533 2183 965 2270 conpendium
1009 2181 1345 2265 redactuS,
1390 2183 1632 2269 partim
1686 2182 2150 2248 additamentis
2198 2181 2435 2246 Iuliani
2479 2181 2841 2268 explicatus
2886 2193 3007 2250 est.

421 2288 490 2350 in
539 2308 674 2373 ,quo
731 2307 1000 2372 prorsus
1058 2283 1330 2349 eandem
1384 2286 1734 2361 rationem,
1802 2306 1933 2370 qua
1986 2284 2055 2347 in
2110 2294 2250 2350 arte
2302 2283 2552 2349 Donati
2618 2285 3009 2371 explicanda

421 2410 579 2453 usus
636 2399 770 2467 est,
826 2389 1122 2475 sequitur
1174 2397 1369 2472 atque
1426 2387 1622 2451 etiam
1678 2386 2014 2451 Donatum
2072 2396 2403 2472 tamquam
2458 2396 2787 2451 auctorem
2829 2387 3006 2453 illius

420 2490 867 2556 commentarii
921 2488 1228 2577 appellat.
1315 2499 1655 2576 praeterea
1713 2488 1796 2552 de
1850 2488 2164 2574 pedibu8‚
2210 2510 2604 2575 quamquam
2648 2489 2808 2554 haec
2851 2514 3005 2576 quo·

421 2615 546 2680 que
587 2614 742 2679 pars
787 2591 954 2657 sicut
994 2590 1245 2678 reliqua
1273 2591 1604 2656 Donatum
1647 2591 1975 2677 sequitur,
2018 2599 2233 2655 tamen
2277 2589 2482 2656 multo
2528 2590 2796 2656 uberius
2841 2603 3007 2657 trac-

420 2705 632 2762 tatum
675 2704 739 2758 et
778 2694 1064 2758 maxime
1109 2693 1188 2758 (16
1233 2692 1601 2758 nominibus
1633 2692 1872 2780 pedum
1904 2691 2378 2779 disyllaborum
2420 2701 2488 2757 et
2515 2692 3006 2780 trisyllaborum

421 2785 746 2885 c'opiosius
808 2797 1180 2884 expositum
1236 2808 1358 2862 est.
1445 2797 1513 2860 in
1569 2796 1763 2861 tertia
1818 2806 2005 2882 parte
2061 2797 2275 2881 operis
2332 2796 2577 2881 regulis
2621 2796 2869 2862 Donati
2926 2797 3007 2862 de

423 2900 600 2964 vitiis
645 2909 711 2965 et
751 2900 1107 2966 virtutibus
1153 2899 1464 2964 orationis
1507 2896 1785 2963 aliorum
1828 2899 2435 2982 grammaticorum,
2491 2899 2559 2963 in
2613 2899 2841 2984 primis
2886 2900 3004 2965 Isi-

426 3001 599 3083 dori,
659 3003 740 3067 de
782 3001 1018 3067 iisdem
1072 3001 1268 3066 rebus
1312 3009 1664 3086 praecepta
1708 3010 1775 3066 et
1818 2999 2118 3087 exempla
2161 3022 2244 3064 ex
2290 2999 2476 3065 libris
2523 3002 2724 3066 sacris
2769 3000 2877 3066 vel
2923 3024 3007 3067 cx

423 3105 820 3169 carminibus
881 3114 1223 3191 poetarum
1278 3101 1780 3167 christianorum
1822 3103 2029 3188 petita
2071 3102 2300 3167 addita
2343 3114 2514 3168 sunt.
2604 3101 2884 3189 denique
2929 3126 3007 3167 ea

421 3229 587 3292 quae
629 3206 701 3270 in
743 3206 871 3270 fine
913 3205 1067 3271 libri
1112 3204 1194 3269 de
1238 3204 1462 3269 metris
1509 3205 1752 3290 scripta
1796 3212 1947 3268 sunt
1988 3205 2230 3289 partim
2261 3227 2345 3269 ex
2373 3203 2647 3269 Maximi
2677 3203 3004 3271 Victorini

419 3307 585 3372 libro
633 3307 714 3372 de
756 3309 1011 3386 metris,
1057 3330 1250 3393 quem
1295 3307 1576 3371 maxime
1617 3306 1884 3371 infimae
1939 3308 2172 3372 aetatis
2227 3307 2578 3393 scriptores
2622 3308 2690 3371 in
2734 3308 3007 3373 metrica

420 3419 560 3474 arte
607 3410 1074 3497 sequebantur,
1121 3409 1359 3496 partim
1403 3431 1442 3472 a
1484 3406 1708 3472 Mallio
1755 3407 2102 3474 Theodoro
2147 3409 2355 3495 petita
2398 3417 2571 3473 sunt.

590 3511 833 3576 Totum
875 3510 1115 3576 librum
1161 3511 1354 3575 edere
1396 3508 1627 3575 inutile
1674 3532 1818 3574 esse
1859 3511 2073 3575 visum
2116 3520 2239 3576 est.
2297 3509 2602 3597 pleraque
2634 3513 2805 3577 enim
2836 3536 3003 3600 quac

421 3612 715 3678 Iulianus
761 3613 846 3676 ad
891 3622 1096 3677 artem
1126 3612 1374 3678 Donati
1418 3611 1636 3677 attulit
1678 3621 1796 3676 aut
1838 3613 1905 3676 in
1951 3611 2265 3700 exemplis
2312 3636 2644 3679 sacrorum
2689 3613 3002 3681 librorum

420 3714 526 3781 vel
569 3716 928 3780 recentium
972 3715 1365 3802 scriptorum
1410 3713 1493 3778 ad
1539 3712 1799 3799 regulas
1830 3714 2074 3779 Donati
2120 3715 2461 3801 exigendis
2494 3727 2844 3782 versantur
2888 3727 3004 3783 aut

419 3841 504 3882 ex
547 3818 626 3882 iis
671 3816 859 3882 libris
914 3816 1350 3902 antiquiorum
1401 3818 1975 3901 grammaticorum
2020 3840 2183 3903 quos
2229 3835 2402 3882 nune
2447 3819 2643 3882 etiam
2688 3817 3002 3884 habemus

416 3922 626 4005 petita
669 3928 840 3984 sunt.
928 3928 1190 4004 praeter
1233 3940 1343 3983 eos
1388 3927 1685 3984 auctores
1730 3929 1948 3984 autem
1994 3942 2155 4005 quos
2202 3942 2402 4006 supra
2448 3919 2605 3992 dixi,
2652 3919 3002 4004 Isidorum,

416 4021 782 4085 Maximum
855 4021 1295 4102 Victorinum,
1370 4020 1667 4085 Mallium
1739 4020 2185 4103 Theodorum,
2259 4023 2328 4085 in
2399 4022 2627 4107 primis
2703 4022 3005 4089 adhibuit

417 4123 830 4210 Pompeium,
886 4145 1075 4209 quem
1131 4123 1234 4187 bis
1288 4123 1678 4204 nominavit,
1738 4123 1999 4209 saepius
2056 4146 2184 4187 non
2241 4123 2546 4210 adposito
2591 4125 2847 4189 nomine
2892 4147 3001 4191 ex-

416 4225 701 4310 scripsit.
770 4248 970 4289 unum
1015 4234 1351 4311 praeterea
1395 4224 1792 4312 appellatum
1835 4225 2057 4289 inveni
2100 4225 2601 4309 grammaticum
2645 4234 2884 4308 aetate,
2930 4236 3003 4292 ut

416 4325 713 4407 videtur,
769 4348 902 4391 non
956 4326 1158 4392 multo
1215 4328 1614 4413 superiorem
1672 4327 2040 4407 Audacem,
2098 4327 2283 4390 cuius
2349 4324 2518 4390 liber
2560 4327 2701 4412 ipse
2745 4350 3001 4414 quoque

413 4427 482 4490 in
526 4427 863 4492 codicibus
907 4450 1106 4492 manu
1151 4428 1409 4515 scriptis
1454 4438 1657 4494 extat.
1719 4428 1835 4493 sed
1880 4450 2273 4516 quamquam
2318 4429 2608 4492 maxima
2651 4429 2802 4495 libri
2845 4453 2999 4516 pars

413 4551 544 4593 non
601 4529 909 4593 maiorem
962 4530 1309 4596 utilitatem
1363 4530 1592 4613 habet,
1649 4553 1845 4615 quam
1899 4528 2010 4594 alii
2067 4531 2205 4595 eius
2250 4530 2508 4615 generis
2554 4535 3000 4598 commentarii

416 4630 578 4694 satis
632 4629 815 4696 multi
870 4630 978 4696 vel
1036 4632 1264 4697 eadem
1320 4632 1455 4697 fere
1511 4640 1725 4697 aetate
1780 4631 1886 4697 vel
1941 4626 2410 4718 posterioribus
2457 4633 2657 4698 etiam
2701 4636 3000 4719 tempori-

414 4731 540 4795 bus
608 4754 648 4795 a
709 4734 1154 4817 grammaticis
1221 4735 1549 4819 congesti,
1618 4756 1829 4821 pauca
1894 4746 2111 4800 tamen
2174 4737 2430 4818 insunt,
2495 4745 2762 4823 propter
2832 4758 2997 4821 quae

415 4855 683 4919 prorsus
728 4834 984 4921 neglegi
1026 4836 1132 4901 hic
1176 4836 1452 4923 scriptor
1495 4859 1626 4901 non
1668 4837 1976 4924 potuerit.
2038 4859 2190 4903 nam
2221 4839 2502 4925 primum
2544 4838 2713 4902 inter
2756 4859 2996 4926 paucos
