3541 5564
418 2294 629 2356 433,35

660 351 781 415 172
804 367 811 378 ⁸
1793 353 2095 416 POMPEI!

709 477 750 516 p.
782 465 953 503 171-74
983 461 1023 501 1,.

657 533 877 612 tinent,
926 542 1028 602 sed
1076 541 1148 601 ad
1195 541 1430 602 ultimas
1474 542 1742 623 syllabas.
1812 562 1948 603 ecre
1996 554 2082 605 est
2127 548 2316 614 unita,
2365 545 2519 623 quod
2567 545 2782 607 dicitur
2827 554 3226 625 monoptoton,

656 652 719 705 ut
762 647 848 706 sas
893 647 1086 705 nefas:
1155 645 1269 705 hoc
1315 647 1479 707 nefas
1523 646 1694 707 huius
1738 647 1905 706 nefas
1949 646 2086 708 huic
2131 648 2298 709 nefas
2341 648 2454 708 hoc
2499 650 2665 709 nefas
2710 669 2745 709 o
2791 648 2983 717 nesas;
3031 667 3231 709 omnes

653 748 877 810 similes
933 756 1069 808 sunt
1125 766 1316 808 casus,
1406 757 1497 807 est
1539 751 1676 808 item
1726 748 2032 828 bipertita,
2091 768 2240 829 quae
2286 750 2433 811 duas
2480 747 2489 832 Ι
2537 750 2713 812 habet
2759 754 3227 829 significationes

654 858 720 910 ut
763 869 978 919 cornu;
1026 859 1147 912 tres
1192 869 1361 911 casus
1405 850 1675 930 producti
1722 859 1884 923 sunt,
1925 862 2047 913 tres
2094 855 2372 932 correpti.
2433 860 2523 913 est
2557 855 2696 913 item
2727 856 3043 933 tripertita,
3078 852 3227 931 quod

654 972 867 1032 graece
913 951 1243 1032 appellatur
1286 955 1603 1032 triptoton‚
1652 955 2177 1033 quotienscumque
2222 963 2342 1015 tres
2385 965 2521 1015 sunt
2563 958 2903 1016 varietates:
2953 956 3065 1016 hoc
3096 975 3228 1016 con·
3254 979 3277 1018 5

655 1058 826 1133 tingit
869 1057 928 1116 in
975 1073 1196 1133 genere
1243 1064 1472 1125 neutro,
1521 1065 1585 1117 ut
1628 1056 1931 1136 templum.
2020 1059 2318 1119 invenitur
2361 1060 2504 1118 item
2549 1066 2938 1137 tetraptoton,
2986 1067 3051 1119 ut
3094 1059 3228 1119 dieS.

653 1160 950 1218 invenitur
994 1157 1346 1234 aliquotiens
1390 1161 1900 1238 quinquepertita,
1963 1169 2024 1220 nt
2071 1169 2158 1220 est
2202 1161 2427 1221 doctuS.
2517 1162 2811 1222 invenitur
2855 1161 3229 1239 hexaptoton,

653 1269 719 1320 ut
773 1278 939 1319 unuS.
1035 1258 1348 1338 aliquando
1406 1262 1781 1322 inveniuntur
1837 1264 2096 1322 nomina’
2144 1280 2294 1340 quae
2357 1264 2588 1341 penitus
2644 1282 2762 1323 non
2841 1263 3228 1333 declinantur,

657 1380 849 1440 neque
896 1380 1003 1441 per
1046 1381 1358 1423 numerum
1405 1380 1597 1440 neque
1641 1383 1749 1443 per
1797 1383 1998 1434 casus,
2045 1365 2104 1425 id
2152 1374 2242 1425 est
2286 1383 2476 1442 neque
2521 1384 2629 1445 per
2676 1384 2988 1427 numerum
3037 1369 3232 1444 singu·

658 1465 840 1525 larem
892 1481 1087 1541 neque
1132 1483 1240 1543 per
1284 1463 1603 1544 pluralem,
1652 1474 1716 1526 ut
1762 1474 1851 1526 est
1893 1467 1983 1527 sas
2028 1468 2193 1527 nefas
2238 1486 2511 1546 nequam.
2719 1506 2725 1510 ι
3257 1494 3300 1533 ιο

826 1566 967 1627 item
1016 1568 1250 1627 nomina
1299 1586 1681 1629 numerorum
1728 1588 1758 1629 a
1807 1578 2086 1648 quattuor
2135 1588 2320 1647 usque
2367 1570 2435 1630 ad
2485 1577 2721 1631 centum
2769 1590 2888 1632 non
2935 1572 3232 1632 declinau-

657 1677 777 1736 tur;
835 1668 910 1729 ab
969 1688 1086 1728 uno
1143 1677 1335 1729 autem
1394 1689 1579 1750 usque
1637 1670 1706 1730 ad
1767 1679 1888 1731 tres
1948 1691 2052 1752 per
2100 1691 2306 1732 omnes
2352 1692 2522 1733 casus
2567 1673 2968 1742 declinantur;
3018 1677 3228 1735 iterna

656 1772 926 1832 ducentis
994 1770 1364 1833 declinantur
1439 1775 1675 1833 nomina
1742 1790 2119 1834 numerorum
2189 1783 2435 1854 excepto
2494 1775 2674 1836 mille.
2767 1776 2840 1836 de
2898 1778 3012 1836 isto
3077 1774 3233 1836 mille

656 1875 921 1934 tractavit
966 1872 1192 1935 Plinius
1237 1874 1574 1935 Secundus:
1632 1877 1691 1935 in
1742 1894 1991 1936 numero
2037 1861 2319 1955 singulari
2365 1876 2582 1955 duplici
2627 1878 2644 1936 l
2692 1877 2970 1939 scribitur
3017 1886 3076 1938 et
3120 1896 3231 1938 non

655 1975 1015 2045 declinatum
1074 1979 1135 2036 in
1196 1996 1442 2038 numero
1498 1977 1713 2057 plurali
1767 1998 1949 2039 unum
2010 1978 2024 2037 l
2072 1978 2252 2038 habet
2296 1985 2354 2038 et
2397 1978 2754 2050 declinatur,
2805 1981 2963 2041 milia
3010 1981 3230 2040 milium
3260 2003 3302 2044 ιε

654 2078 908 2140 milibus
997 2096 1138 2157 ergo
1195 2086 1441 2158 excepto
1497 2080 1658 2141 mille
1715 2083 1907 2142 omnia
1967 2083 2205 2141 nomina
2253 2100 2638 2142 numerorum
2686 2084 2744 2142 in
2791 2084 3086 2144 infinitum
3135 2082 3233 2142 de·

654 2180 960 2242 clinantur.

822 2284 989 2345 ‘Non
1045 2292 1240 2344 tamen
1300 2284 1586 2345 debemus
1642 2284 1924 2346 credere’
1985 2287 2064 2346 ait
2119 2288 2432 2365 ‘quoniam
2503 2306 2676 2359 omne
2746 2306 2961 2347 nomen
3031 2306 3236 2347 omnes

655 2385 832 2448 habet
878 2405 1075 2456 casus,
1132 2406 1308 2467 saepe
1365 2389 1746 2448 inveniuntur
1804 2387 2142 2448 deficientes
2187 2393 2410 2449 casus'.
2501 2391 2796 2450 invenitur
2841 2407 3087 2462 nomen,
3135 2387 3234 2449 ubi

655 2508 810 2549 unus
856 2496 945 2548 est
991 2489 997 2566 ξ
1049 2508 1246 2559 casuS,
1295 2498 1358 2549 ut
1403 2498 1491 2550 est
1535 2498 1744 2569 sponte
1793 2497 1927 2550 natu
1973 2490 2140 2560 tabo;
2189 2490 2505 2570 aliqnando
2551 2491 2652 2552 ubi
2699 2491 2816 2552 duo
2861 2501 3001 2553 sunt
3046 2511 3231 2559 casus,
3259 2518 3304 2558 20

651 2599 718 2651 ut
761 2591 1041 2669 luppiter.
1135 2599 1397 2652 ceterum
1445 2595 1542 2671 qui
1590 2592 1972 2654 declinaverit
2016 2593 2111 2652 hic
2159 2593 2419 2673 Iuppiter
2464 2593 2635 2654 huius
2681 2594 2845 2663 IoviS,
2894 2603 3091 2673 potest
3136 2593 3233 2654 de-

655 2692 879 2753 clinare
927 2699 985 2752 et
1028 2691 1122 2752 hic
1170 2693 1376 2772 Apollo
1423 2694 1595 2776 huius
1637 2693 1865 2756 Phoebi
1911 2705 1967 2756 et
2012 2695 2108 2756 hic
2154 2695 2440 2756 Hercules
2485 2696 2663 2757 huius
2692 2696 3237 2775 Amphitrioniadae

654 2805 711 2857 et
756 2796 900 2857 haec
944 2796 1201 2856 Minerva
1259 2798 1432 2858 huius
1486 2798 1756 2860 Palladis,
1847 2798 1950 2859 sed
1997 2799 2114 2859 duo
2170 2806 2309 2860 sunt
2356 2806 2577 2860 tantum
2624 2818 2794 2860 casus
2837 2802 2897 2860 in
2946 2819 3089 2871 usu,
3137 2802 3238 2880 qui

653 2906 1093 2970 remanserunt,
1143 2899 1238 2960 hic
1287 2900 1550 2979 Iuppiter
1598 2909 1653 2960 et
1698 2920 1732 2959 o
1780 2900 2060 2980 luppiter.
2131 2909 2396 2962 ceterum
2445 2903 2697 2963 maiores
2741 2905 2928 2963 nostri
2977 2902 3233 2964 (leelina-

654 2999 796 3060 bant
851 3003 962 3062 hoc
1019 3019 1233 3062 nomen
1290 3004 1550 3079 integre:
1611 3005 1948 3064 invenimus
2002 3005 2062 3062 in
2120 3006 2379 3082 antiquis
2423 3003 2590 3065 libris
2648 3006 2830 3066 sacris
2874 3023 2984 3084 per
3030 3024 3306 3069 omncszs

654 3121 821 3164 casus
877 3102 1260 3174 declinatum,
1317 3105 1420 3166 sed
1468 3105 1580 3166 hoc
1626 3107 1805 3185 periit
1859 3105 2063 3180 modo,
2124 3098 2188 3166 'et
2246 3108 2461 3169 retenti
2520 3115 2659 3167 sunt
2704 3107 2820 3167 duo
2877 3124 3082 3179 casus,
3143 3108 3234 3168 hic

653 3207 916 3285 luppiter
961 3215 1019 3266 et
1064 3226 1099 3266 o
1143 3206 1424 3286 Iuppiter.
1488 3226 1622 3268 nam
1669 3207 1763 3267 hic
1810 3208 2072 3287 luppiter
2117 3209 2287 3269 huius
2332 3208 2609 3288 Iuppitris
2653 3211 2981 3271 invenimus
3026 3211 3087 3271 in
3135 3229 3235 3271 an·

655 3309 831 3387 tiquis
877 3299 1264 3376 declinatum,
1314 3317 1371 3369 et
1416 3309 1628 3370 crebro
1671 3312 2035 3379 invenimuS,
2084 3311 2186 3371 sed
2233 3311 2347 3371 hoc
2390 3312 2566 3372 hodie
2612 3311 2882 3372 abolevit.
2946 3331 3090 3391 ergo
3137 3314 3234 3373 de-

656 3410 862 3470 hemus
900 3412 1053 3470 scire
1099 3393 1379 3489 quoniam‘
1418 3412 1478 3471 in
1523 3430 1633 3471 usu
1654 3412 1798 3498 ‘duo
1844 3420 1980 3473 sunt
2025 3431 2215 3475 casuS.
2277 3416 2573 3474 invenitur
2604 3413 2706 3474 ubi
2750 3423 2904 3483 treS,
2954 3423 3018 3474 ut
3049 3415 3233 3483 nefas,

654 3512 767 3572 hoc
811 3514 978 3573 nefas
1032 3511 1144 3572 hoc
1189 3514 1354 3573 nefas
1400 3521 1458 3573 et
1501 3532 1535 3571 o
1582 3514 1765 3574 nefas
1857 3517 2155 3576 invenitur
2211 3515 2310 3577 ubi
2356 3525 2636 3595 quattuor
2682 3528 2845 3586 sunt,
2906 3524 2970 3576 ut
3013 3516 3233 3586 lateriS,
3262 3539 3307 3578 so

653 3614 825 3674 liuius
868 3614 1070 3676 lateris
1114 3614 1251 3674 huic
1299 3614 1468 3675 lateri
1513 3613 1672 3676 hunc
1716 3615 1961 3689 laterem
1996 3618 2068 3679 ab
2103 3619 2214 3678 boc
2258 3617 2472 3678 latere:
2522 3618 2915 3679 nominativus
2963 3626 3022 3678 et
3068 3638 3234 3680 voca·

653 3717 836 3784 tivus,
896 3736 1012 3776 non
1071 3716 1217 3776 dixit
1272 3716 1424 3776 ‘non
1478 3718 1917 3790 inveniuntur',
1975 3720 2078 3779 sed
2136 3720 2282 3780 dixit
2339 3722 2432 3780 ‘in
2482 3739 2587 3780 usu
2633 3740 2751 3781 non
2797 3724 2988 3780 sunt'.
3083 3721 3233 3780 dicio

654 3819 955 3898 quaeritur
999 3827 1198 3879 utrum
1242 3821 1600 3881 nominativo
1646 3821 1939 3889 dicamus;
1987 3822 2134 3882 haec
2165 3822 2319 3883 dicio
2349 3824 2411 3882 in
2456 3842 2563 3883 usu
2613 3842 2729 3884 non
2778 3830 2895 3891 est;
2944 3825 2994 3882 si
3039 3832 3233 3883 tamen

654 3921 1026 4000 conpositum
1076 3922 1213 3990 erit,
1263 3929 1350 3981 est
1391 3923 1452 3982 in
1498 3940 1638 3991 usu,
1686 3931 1750 3983 ut
1793 3923 2081 3984 condicio.

451 4036 568 4097 434,
596 4040 627 4085 3
666 4026 677 4034 “
821 4022 1137 4082 Praeterea
1184 4024 1337 4083 scire
1383 4023 1665 4089 debemus
1712 4044 1842 4086 esse
1901 4028 2137 4086 nomina
2185 4027 2415 4087 addicta
2478 4026 2483 4107 1
2544 4026 2796 4088 casibus,
2897 4029 3231 4105 genetivum
3259 4050 3305 4089 35

652 4143 852 4185 casum
912 4124 1182 4186 trahunt:
1254 4127 1489 4185 nomina
1557 4144 1705 4204 quae
1774 4136 2054 4188 secuntur
2118 4132 2452 4206 genetivum
2521 4147 2720 4190 casum
2778 4138 2917 4190 sunt
2985 4128 3113 4198 illa,
3171 4138 3236 4189 ut

651 4230 893 4306 ignarus
939 4225 1103 4297 belli,
1160 4245 1406 4288 securus
1451 4247 1753 4301 amorum;
1811 4238 2038 4290 tantum
2084 4233 2418 4309 genetivum
2471 4239 2769 4292 secuntur.
2861 4241 2997 4293 sunt
3046 4232 3232 4312 aliqua

788 4436 820 4482 4
867 4434 1002 4498 qnod
1042 4448 1222 4499 graece
1258 4432 1511 4494 A(?)BG
1552 4448 1679 4494 quae
1709 4450 1894 4499 graece
1931 4451 1964 4483 a
2111 4436 2173 4486 12
2213 4437 2393 4486 iterum
2432 4452 2460 4484 a
2495 4437 2761 4487 duocentis
2800 4437 2847 4485 Α
2960 4438 3022 4487 13
3062 4453 3232 4485 nnme-

652 4518 821 4553 rorum
861 4521 951 4555 om.
988 4502 1157 4553 ABG
1297 4506 1357 4554 ll
1396 4504 1593 4569 plenius
1622 4504 1671 4553 A
1814 4506 1879 4555 21
1920 4505 2104 4570 iupiter
2135 4515 2424 4556 constanter
2453 4507 2504 4556 B
2643 4517 2863 4556 ceterum
2897 4509 2982 4571 qui
3012 4507 3232 4557 declina—

654 4571 801 4640 verit]
845 4575 914 4636 cs.
946 4575 1100 4626 Proh.
1139 4575 1317 4627 cathol.
1355 4590 1409 4637 p.
1438 4574 1487 4637 8,
1527 4576 1577 4627 9,
1623 4576 1705 4632 17,
1743 4575 1777 4625 8
1917 4578 1980 4625 22
2013 4574 2098 4624 hic
2130 4576 2348 4625 herculis
2385 4576 2502 4625 huic
2538 4578 3040 4642 amphitmeoniadae
3073 4579 3119 4627 A
3156 4578 3232 4625 hic

654 4644 870 4693 herculis
908 4644 1024 4693 huic
1064 4644 1484 4709 amphitrionidae
1524 4643 1656 4696 BC.-
1690 4647 1758 4707 (γ’.
1804 4647 1960 4710 Very.
1998 4646 2129 4698 Aen.
2172 4647 2284 4695 vul
2326 4647 2422 4696 103
2544 4647 2612 4698 26
2653 4648 2801 4712 periit
2839 4646 2985 4698 BGa
3020 4649 3152 4712 perit
3189 4646 3232 4695 A

790 4716 857 4765 27
896 4713 1048 4764 huius
1086 4715 1288 4780 iupitris
1314 4714 1483 4764 ABG
1585 4715 1653 4763 28
1691 4715 1908 4764 aboleuit
1938 4715 2086 4766 BGa
2119 4715 2343 4765 obolenit
2384 4720 2426 4764 Α
2550 4718 2616 4769 32
2655 4732 2750 4766 non
2786 4719 3042 4766 inuenitur
3080 4718 3237 4767 ABG

789 4782 856 4833 32
893 4785 1019 4834 ditio
1059 4785 1104 4832 B
1244 4784 1311 4834 33
1343 4783 1469 4834 haec
1506 4785 1628 4833 ditio
1666 4784 1715 4833 B
1824 4786 1914 4835 sed
1951 4794 2116 4834 tamen
2151 4786 2192 4834 C
2328 4785 2394 4837 34
2431 4789 2653 4838 conditio
2685 4787 2787 4837 BC
2924 4787 2993 4838 35
3032 4789 3232 4837 addicta

655 4853 695 4904 C
730 4853 924 4904 adiecta
951 4855 1064 4904 ΑΒ
1203 4854 1268 4905 37
1306 4870 1533 4905 amorum
1571 4855 1722 4905 ,4150
1757 4870 2008 4906 armorum
2049 4854 2127 4905 Cb
