3541 5564
1632 324 1775 386 Ans
2374 284 2391 301 “
2870 317 2992 383 357

2605 441 2647 481 p.
2675 430 2790 470 ‘2040-
2820 432 2866 468 41
2903 429 2945 468 Ρ.

419 514 576 591 gulis
622 511 1055 573 consuetudine
1115 513 1416 572 cernimus
1474 513 1783 571 inmutata.
1874 518 2104 570 constat
2151 519 2346 571 tamen
2393 519 2451 569 et
2496 511 2819 587 genitivum
2865 508 2996 587 plu-

426 616 612 677 ralem
658 618 719 675 in
766 617 886 675 ium
934 623 991 674 et
1037 615 1436 674 accusativum
1483 613 1776 692 pluralem
1834 614 1894 672 in
1941 615 1994 672 is
2040 630 2156 672 non
2203 611 2277 671 ab
2323 612 2457 672 aliis
2501 612 2726 689 regulis
2770 614 2995 679 venire,

421 736 594 797 quam
642 717 716 777 ab
761 717 855 777 his
899 735 1048 796 quae
1097 716 1434 795 praedictae
1480 724 1646 783 sunt,
1708 717 1819 775 etsi
1877 717 2027 774 istae
2085 717 2248 794 ipsae
2294 715 2355 773 in
2402 732 2472 772 eo
2516 716 2631 773 vim
2679 732 2844 773 snam
2888 732 2998 773 nec
3090 766 3093 769 ,

423 826 710 900 perpetua
756 818 1169 879 observatione
1216 817 1575 878 custodiunt.

368 936 397 976 5
591 920 759 981 Nunc
804 923 1081 1000 quoniam
1125 920 1471 1000 plenissime
1505 921 1767 978 exsecuti
1815 937 2016 979 sumus
2062 918 2135 979 ab
2181 918 2440 979 ablativo
2485 919 2771 996 singulari
2819 936 2990 995 regu·
3018 931 3226 988 379,10

422 1022 507 1084 las
554 1024 784 1083 numeri
842 1021 1121 1101 pluraliS,
1182 1025 1336 1081 scire
1394 1020 1759 1100 generaliter
1815 1019 2104 1080 debemus
2160 1039 2290 1079 esse
2338 1020 2518 1079 multa
2565 1022 2801 1080 nomina
2848 1038 2997 1099 quae

428 1126 499 1185 ad
545 1128 727 1185 istum
773 1125 1042 1185 ordinem
1090 1144 1203 1186 non
1251 1126 1609 1203 pertineant.
1685 1122 1743 1181 id
1790 1122 1935 1182 adeo
1981 1122 2204 1201 duplici
2248 1121 2424 1181 modo
2467 1124 2682 1181 evenit.
2772 1124 3000 1201 primus

425 1228 635 1288 modus
680 1236 799 1297 est,
848 1227 1002 1305 quod
1050 1225 1338 1305 quaedam
1384 1228 1620 1285 nomina
1667 1242 1776 1284 nec
1821 1225 2038 1284 cadunt
2083 1226 2145 1283 in
2192 1224 2298 1283 has
2342 1224 2593 1301 regulaS,
2642 1232 2705 1282 ut
2752 1233 2885 1284 sunt
2930 1242 2998 1282 ea

423 1348 572 1408 quae
621 1347 857 1407 semper
903 1327 1157 1406 pluralia
1202 1337 1366 1395 sunt,
1415 1327 1595 1388 veluti
1631 1326 1965 1387 Saturnalia
2002 1325 2384 1404 Compitalia:
2431 1329 2572 1385 item
2621 1345 2734 1385 non
2781 1325 2998 1386 cadunt

350 1449 399 1485 ιο
425 1431 716 1511 quaedam
761 1431 834 1490 de
881 1431 1270 1508 monoptotis,
1320 1436 1384 1489 ut
1430 1430 1517 1489 fas
1564 1429 1730 1489 nefas
1778 1429 1969 1497 virus;
2016 1430 2160 1487 item
2205 1428 2490 1508 quaedam
2538 1427 2610 1487 de
2655 1429 2887 1506 aptotiS,
2934 1434 2999 1487 ut

424 1542 514 1593 est
561 1551 840 1612 nequam,
889 1534 1166 1611 quoniam
1212 1534 1407 1591 omnia
1464 1530 1609 1590 haec
1655 1538 1755 1590 aut
1814 1529 2071 1589 litteram
2116 1530 2357 1590 ablativi
2401 1518 2506 1591 aut
2548 1532 2742 1608 ipsum
2788 1528 2997 1589 ablati-

423 1654 559 1695 vum
606 1653 721 1695 non
768 1634 987 1695 habent
1033 1633 1356 1711 singularis
1403 1634 1665 1701 numeri,
1713 1652 1745 1691 a
1791 1631 2008 1711 quibus
2053 1633 2409 1710 dirigantur.
2472 1634 2669 1710 itaque
2714 1650 2816 1691 sua
2863 1650 2998 1710 pro-

424 1740 553 1817 pria
598 1736 1009 1796 observatione
1055 1736 1448 1796 declinantur.
1522 1734 1819 1794 secundus
1866 1734 2071 1794 modus
2116 1743 2234 1804 est,
2281 1734 2466 1813 quod,
2514 1736 2627 1793 etsi
2674 1734 2890 1794 cadunt
2937 1734 2998 1791 in

425 1838 720 1916 regulam,
780 1838 1020 1916 regulae
1077 1847 1271 1898 tamen
1331 1837 1511 1898 veluti
1571 1836 1804 1897 addicta
1860 1854 1975 1896 non
2031 1838 2329 1905 serviunt,
2390 1844 2452 1895 ut
2508 1844 2646 1895 sunt
2712 1855 2778 1895 ea
2848 1853 2997 1914 quae

349 1956 402 1995 15
426 1959 663 2019 semper
708 1940 1034 2018 singularia
1080 1949 1249 2009 sunt,
1308 1948 1371 1999 ut
1417 1940 1550 2007 lux:
1611 1941 1753 1999 item
1799 1957 1949 2018 quac
1995 1941 2314 2018 septimum
2359 1946 2585 1998 tantum
2631 1956 2834 1998 casum
2876 1939 2997 1996 sin-

425 2043 690 2119 gularem
738 2041 989 2112 habent,
1047 2049 1113 2101 ut
1157 2049 1365 2120 sponte
1411 2041 1566 2101 tabo.
1658 2041 1810 2101 nihil
1856 2042 2018 2100 enim
2062 2041 2303 2118 prodest
2348 2059 2479 2100 esse
2525 2039 2754 2099 litteras
2800 2042 2860 2098 in
2906 2038 2999 2098 his

426 2144 768 2204 nominibus
825 2144 1082 2205 ablativo
1137 2143 1425 2220 singulari
1483 2142 1741 2211 debitaS‚
1802 2160 1936 2202 cum
1992 2142 2107 2202 alia
2162 2141 2455 2221 pluralem
2514 2161 2823 2202 numerum
2882 2160 2999 2201 non

427 2250 744 2324 attingant,
793 2246 907 2306 alia
954 2246 1161 2306 eodem
1206 2245 1381 2305 modo
1425 2263 1541 2305 non
1595 2252 1844 2305 mutent.
1937 2247 2078 2306 item
2122 2262 2333 2321 graeca
2378 2252 2780 2323 neutra-quae
2825 2262 2858 2302 e
2905 2244 2997 2303 lit-

425 2359 554 2409 tera
599 2356 872 2427 correpta
916 2350 1348 2417 terminantur,
1407 2355 1471 2406 ut
1527 2347 1602 2407 ab
1645 2346 1758 2406 hoc
1789 2346 2126 2408 schemate.
2215 2346 2359 2407 haec
2405 2348 2562 2407 enim
2610 2347 2865 2407 liberum
2910 2354 3000 2406 est

349 2450 598 2511 eonobis
644 2459 703 2511 et
756 2451 826 2511 ad
886 2459 1148 2511 nostram
1203 2449 1469 2527 regulam
1528 2449 1860 2517 declinare,
1911 2457 1974 2509 ut
2020 2449 2231 2508 horum
2276 2449 2637 2509 schematum
2683 2449 2778 2509 his
2822 2456 2880 2508 et
2925 2447 2998 2507 ab

427 2554 521 2613 his
564 2552 996 2622 schematibus,
1046 2560 1103 2612 et
1136 2553 1196 2611 in
1228 2554 1591 2611 contrarium
1639 2551 1888 2621 ducere,
1936 2554 2303 2630 quia-nostra
2350 2569 2465 2610 non
2511 2560 2674 2621 sunt,
2725 2560 2787 2611 ut
2831 2551 2998 2610 sche-

426 2663 717 2715 matorum
776 2654 1094 2716 schematis
1151 2653 1548 2723 declinemuS,
1616 2655 1773 2713 sicut
1828 2653 2177 2733 plerumque
2233 2660 2292 2713 et
2348 2655 2410 2713 in
2469 2654 2755 2713 Cicerone
2823 2661 2882 2714 et
2939 2655 2999 2713 in

426 2757 686 2818 Varrone
733 2757 1006 2835 legimuS.

597 2861 787 2938 Atque
833 2860 942 2920 hae
975 2860 1214 2938 quidem
1259 2860 1502 2938 regulae
1547 2857 1781 2920 abunde
1828 2860 2105 2920 sufficere
2150 2859 2477 2920 creduntur
2521 2859 2592 2921 ad
2638 2859 2998 2920 emendatio·

349 2979 402 3018 25
429 2980 564 3021 nem
613 2962 915 3041 loquendi.
956 2958 968 3044 Ι
1005 2980 1209 3022 verum
1255 2969 1449 3022 tamen
1497 2980 1572 3021 ne
1617 2964 1679 3022 in
1721 2964 1857 3040 ipso
1901 2961 2157 3022 ablativo
2203 2981 2341 3023 casu
2386 2962 2674 3045 singulari
2718 2963 3001 3023 divinatio

431 3066 627 3142 potius
684 3082 859 3143 quam
918 3067 1072 3124 ratio
1127 3071 1398 3143 putetur,
1458 3083 1572 3143 qua
1628 3065 1719 3123 via
1777 3066 1966 3123 veniri
2025 3064 2094 3124 ad
2152 3083 2285 3125 eum
2343 3045 2613 3144 oporteat
2668 3064 2997 3144 explicabo,

427 3167 610 3242 igitur
656 3165 727 3225 de
773 3166 999 3242 regulis
1044 3166 1363 3244 singularis
1408 3168 1640 3226 numeri
1686 3184 1873 3244 pauca
1919 3166 2168 3226 dicenda
2213 3175 2370 3227 sunt.
2429 3169 2489 3227 in
2535 3186 2652 3247 quo
2695 3168 2841 3228 mihi
2887 3169 2999 3228 dis-

430 3267 584 3327 ticile
632 3275 692 3327 et
736 3267 984 3328 arduum
1017 3268 1254 3328 videtur
1298 3287 1331 3327 a
1375 3269 1736 3328 nominativo
1781 3270 2403 3346 inciperosingulari.
2478 3271 2530 3329 is
2575 3271 2734 3329 enim
2780 3270 3002 3331 nullam

430 3387 502 3429 ex
548 3387 611 3427 se
659 3369 785 3428 sere
843 3377 1065 3462 certam
1112 3371 1400 3430 rationem
1459 3372 1705 3438 emittit,
1766 3373 1863 3430 cui
1909 3373 2133 3430 servire
2180 3389 2425 3431 necesse
2471 3373 2548 3432 sit
2592 3371 3000 3432 condicionem

351 3490 404 3527 30
431 3488 674 3529 casuum
718 3477 1075 3530 ceterorum.
1146 3490 1280 3531 nam
1327 3472 1677 3552 plerumque
1723 3490 1833 3532 nec
1878 3492 2234 3543 consonanS,
2282 3473 2385 3534 ubi
2431 3473 2502 3534 ad
2548 3473 3002 3535 declinationem

429 3580 670 3632 ventum
716 3581 834 3642 est,
873 3591 998 3656 ‚una
1045 3573 1340 3643 succedit,
1389 3583 1452 3634 ut
1497 3593 1682 3653 nepos
1726 3577 1991 3654 nepotiS,
2052 3583 2251 3635 custos
2297 3576 2587 3644 custodiS,
2653 3575 2760 3636 llos
2804 3576 2999 3647 floris;

433 3675 781 3754 plerumque
827 3674 1091 3734 vocalem
1136 3676 1374 3754 quidem
1422 3678 1483 3735 in
1530 3695 1601 3735 eo
1644 3678 1898 3754 positam
1942 3676 2168 3756 obliqui
2225 3697 2396 3739 casus
2442 3685 2703 3748 servant,
2754 3688 2817 3740 ut
2861 3699 2999 3739 ecce

431 3778 576 3837 Iuno
630 3776 874 3837 Iunonis
930 3778 1104 3846 sacit;
1163 3777 1514 3857 plerumque
1572 3796 1687 3837 non
1746 3786 2011 3848 servant,
2082 3788 2146 3839 ut
2202 3782 2416 3859 cupido
2470 3781 2796 3860 cupidiniS,
2864 3801 3002 3842 caro

431 3881 656 3949 carniS‚
725 3881 876 3940 Anio
933 3879 1210 3951 Anienis;
1279 3880 1630 3959 plerumque
1698 3880 1770 3941 ab
1838 3882 2046 3942 eodem
2110 3884 2471 3943 nominativo
2536 3884 2718 3963 simili
2774 3883 3001 3965 obliqui

601 4118 634 4169 3
671 4134 802 4182 quae
849 4118 1110 4183 predictae
1147 4126 1268 4168 sunt
1308 4126 1357 4167 et
1393 4119 1520 4168 istae
1552 4119 1599 4168 L
1632 4133 1762 4182 quae
1810 4133 1967 4185 supra
2000 4120 2135 4170 dicta
2172 4128 2289 4170 sunt
2325 4130 2374 4169 et
2410 4122 2485 4171 sic
2519 4122 2646 4171 istae
2682 4121 2744 4171 M
2882 4119 2995 4187 nec]

429 4189 526 4239 hac
560 4190 609 4238 L
644 4188 739 4238 hac
774 4203 875 4238 non
910 4188 961 4238 B
1097 4189 1131 4238 5
1163 4190 1226 4238 ab
1260 4204 1348 4238 om.
1386 4188 1496 4238 BL
1633 4190 1668 4239 6
1703 4187 2030 4256 generaliter]
2082 4191 2382 4255 regulariter
2412 4190 2479 4240 M
2614 4195 2645 4242 7
2685 4191 2913 4241 ordinem
2949 4194 3002 4241 id

429 4268 507 4308 est
541 4259 745 4308 ablatiui
785 4272 883 4308 non
921 4258 1204 4325 pertineant
1242 4258 1292 4308 B
1428 4258 1463 4308 8
1499 4273 1591 4308 nec
1619 4259 1804 4308 cadunt
1877 4258 2044 4308 uidem
2073 4261 2123 4308 in
2162 4261 2274 4311 BL
2412 4261 2446 4311 9
2475 4262 2775 4328 competalia
2802 4262 2870 4310 M

439 4329 500 4380 13
537 4330 790 4380 secundus
828 4329 1008 4378 modus
1047 4342 1146 4390 quo
1176 4328 1286 4378 BL
1324 4327 1574 4378 secundus
1625 4336 1701 4378 est
1737 4344 1837 4392 quo
1903 4329 1971 4377 M
2104 4329 2168 4380 14
2204 4340 2259 4378 ut
2295 4339 2413 4380 sunt
2449 4328 2530 4397 ea]
2575 4346 2637 4380 ea
2671 4339 2787 4380 sunt
2812 4331 2946 4382 BM
2956 4332 3003 4381 L

570 4398 635 4450 15
672 4400 879 4466 septimi
915 4406 1106 4448 tantum
1145 4413 1292 4448 casus
1331 4397 1613 4463 singularia
1649 4400 1848 4460 (casum
1886 4398 2000 4463 sing
2028 4395 2102 4460 L)
2143 4408 2259 4449 sunt
2289 4399 2341 4448 B
2363 4399 2408 4448 L
2513 4400 2577 4450 18
2608 4408 2797 4451 metant
2836 4400 2904 4448 M

433 4471 550 4519 item
588 4477 704 4517 sunt
739 4484 921 4535 graeca
953 4475 1132 4518 neutra
1168 4468 1234 4517 M
1258 4469 1376 4517 item
1412 4482 1565 4532 greca
1607 4468 1812 4516 nomina
1850 4477 2027 4517 neutra
2064 4468 2112 4516 L
2147 4468 2266 4518 item
2303 4485 2487 4534 graeca
2520 4470 2573 4519 B
2710 4468 2778 4521 20
2811 4470 3001 4520 clinare

434 4538 555 4588 ML
696 4540 758 4589 21
804 4548 1141 4588 scematorum
1189 4539 1426 4588 scematis
1462 4537 1525 4586 M
1561 4537 1871 4586 schematum
1919 4536 2193 4588 schematis
2228 4540 2279 4588 B
2321 4538 2657 4588 schemastum
2695 4540 2915 4591 schemis
2953 4541 3002 4589 L

570 4610 638 4658 22
675 4607 823 4676 sicut]
858 4610 932 4659 sic
973 4609 1032 4658 M
1171 4620 1221 4659 et
1247 4611 1427 4671 priore
1456 4609 1563 4657 loeo
1592 4623 1685 4657 om.
1712 4605 1779 4654 M
1915 4607 1965 4656 in
1987 4610 2272 4670 posteriore
2306 4610 2414 4660 loco
2447 4625 2538 4660 om.
2577 4611 2652 4660 L:
2687 4611 2757 4674 cf.
2801 4610 2999 4662 Char-is.

424 4693 481 4741 p.
512 4678 598 4734 53,
628 4678 710 4728 12.
755 4678 869 4742 123,
905 4680 954 4733 3.
997 4677 1115 4739 131,
1144 4676 1227 4732 10.
1268 4677 1384 4743 140,
1415 4678 1468 4732 5.
1512 4677 1631 4740 141,
1663 4678 1731 4728 29
1872 4677 1935 4728 31
1968 4678 2192 4728 succedit
2220 4680 2297 4742 (in
2334 4679 2560 4744 genitiuo
2597 4680 2719 4733 add.
2751 4679 2824 4743 m)
2863 4690 2916 4731 ut
2940 4681 3002 4730 M

570 4748 637 4799 32
676 4749 877 4811 quidem
913 4765 1003 4801 om.
1035 4749 1100 4798 M
1235 4757 1290 4798 ut
1327 4744 1463 4815 ecce]
1498 4751 1550 4799 in
1584 4764 1742 4814 marq-
1780 4749 1951 4802 carbo,
1996 4750 2109 4798 onis
2145 4763 2500 4816 agamemnon.
2539 4750 2652 4801 onis
2689 4752 2811 4807 add.
2843 4767 2889 4803 m

432 4815 500 4869 33
539 4833 636 4868 non
676 4819 944 4869 obseruant
972 4820 1036 4869 M
