3541 5564
1409 340 1884 403 COMMENTVM
2771 289 2779 297 ⁸
2827 338 2942 401 157

2580 461 2621 500 p.
2650 450 2826 489 1:38-40
2855 448 2899 487 L.

668 539 736 591 et
780 529 1054 589 tollens
1101 547 1400 591 vacuum
1449 528 1615 607 plus
1660 529 1888 588 nimio
1934 528 2186 606 gloria
2233 529 2612 588 verticem.

362 609 549 693 nimio
610 633 1019 710 conparativus
1076 639 1191 701 est,
1250 630 1383 711 plus
1443 632 1855 710 conparativus
1902 638 2020 696 est:
2079 649 2216 690 ecce
2260 630 2374 690 duo
2420 631 2610 690 iunxit
2661 648 2947 709 conpara—

361 737 494 795 tiva.
585 733 689 794 sed
744 735 897 794 forte
954 733 1140 802 dicaS,
1201 733 1334 813 plus
1395 744 1452 792 et
1509 734 1691 792 nimio
1746 751 1867 792 non
1928 732 2136 793 eadem
2199 741 2352 793 sunt.
2444 750 2699 809 sequens
2742 751 2948 793 versus

358 837 732 916 apertissime
778 836 1096 914 significat,

304 955 331 993 5
654 938 1071 1013 arcanique
1118 936 1314 996 sides
1361 937 1678 1015 prodiga
1724 934 2200 1015 perlucidior
2247 937 2455 995 vitro.

352 1059 462 1119 per
508 1048 886 1117 augmentum
932 1039 1238 1116 significat,
1284 1037 1540 1099 lucidior
1585 1039 1997 1117 conparativus
2041 1037 2259 1116 gradus
2304 1045 2409 1106 est,
2459 1045 2517 1097 et
2561 1043 2756 1097 tamen
2801 1036 2947 1096 dixit

358 1140 751 1221 perlucidior:
820 1140 934 1201 tale
989 1147 1079 1200 est
1131 1159 1200 1200 ac
1253 1141 1303 1199 si
1349 1139 1510 1201 dicas
1554 1139 1718 1201 valde
1763 1139 2047 1207 lucidior,
2096 1137 2342 1199 multum
2389 1139 2659 1199 lucidior.
2748 1145 2948 1199 extant

355 1243 428 1304 de
487 1243 622 1304 aliis
676 1242 942 1324 partibus
1000 1241 1297 1320 exempla,
1355 1245 1620 1322 exceptis
1677 1244 1807 1304 istis
1853 1243 2134 1320 quinque.
2226 1243 2331 1301 ista
2380 1240 2662 1302 debemus
2708 1259 2944 1301 servare
2995 1284 3003 1302 ,

352 1344 528 1405 hodie
575 1352 635 1404 et
680 1363 798 1404 non
837 1345 1084 1421 iungere
1130 1346 1508 1423 conparativo
1542 1352 1599 1405 et
1628 1344 2012 1424 superlativo,
2060 1343 2162 1404 sed
2196 1351 2418 1403 tantum
2452 1342 2625 1404 modo
2669 1344 2940 1421 positivo.

276 1465 322 1504 ιο
352 1446 565 1506 melius
611 1455 806 1508 tamen
856 1447 1094 1516 leceriS,
1143 1448 1193 1506 si
1240 1464 1351 1505 nec
1395 1445 1523 1506 illas
1567 1447 1777 1523 iungas
1821 1463 2049 1506 omneS.
2111 1462 2246 1506 nam
2295 1452 2354 1505 et
2396 1442 2688 1522 „Vergilius
2732 1446 2938 1522 iungit,

349 1547 453 1607 sed
501 1566 622 1609 non
667 1549 813 1608 istas
859 1564 1006 1625 quas
1052 1547 1335 1616 diximuS,
1383 1547 1485 1608 sed
1533 1547 1673 1607 alias
1718 1549 1938 1625 iungit,

660 1657 801 1710 tam
848 1651 1077 1728 magis
1122 1648 1250 1711 illa
1298 1650 1627 1710 fremens
1672 1657 1742 1710 et
1787 1648 2145 1709 tristibus
2192 1647 2842 1734 elferallammiS,

658 1733 890 1832 [fluam
937 1751 1171 1828 magis
1219 1751 1464 1811 essuso
1512 1751 1978 1812 crudescunt
2021 1751 2384 1828 sanguine
2429 1749 2769 1828 pugnae]

349 1861 468 1914 tam
527 1855 743 1930 magis:
816 1871 954 1914 ecce
1010 1853 1262 1912 diximus
1322 1860 1437 1913 tam
1495 1872 1615 1913 non
1667 1852 2035 1932 iungendum
2081 1872 2241 1922 εεεε,
2291 1861 2406 1912 tam
2454 1855 2641 1930 magis
2686 1854 2939 1913 maxime

273 1957 546 2015 15minus
604 1963 663 2015 et
722 1956 985 2016 minime.
1074 1974 1214 2015 ecce
1267 1957 1598 2015 invenimus
1644 1955 1737 2015 hic
1793 1957 1989 2015 iuncta
2038 1972 2171 2015 esse
2211 1964 2332 2014 tam
2374 1959 2580 2027 maqis.
2673 1955 2773 2015 sed
2821 1973 2940 2014 non

351 2065 440 2116 est
496 2055 641 2116 hoc:
711 2056 871 2118 aliud
930 2064 1020 2117 est
1074 2058 1452 2137 conparativo
1509 2059 1772 2117 iunctum
1828 2056 2201 2124 adverbium,
2274 2054 2431 2115 aliud
2492 2055 2608 2115 duo
2664 2055 2938 2115 adverbia

346 2160 675 2236 iunguntur
731 2160 1127 2236 conparativo.
1219 2177 1355 2222 nam
1401 2166 1463 2220 et
1509 2156 1518 2239 Ι
1566 2167 1684 2219 tam
1742 2158 2084 2219 adverbium
2131 2167 2221 2217 est
2265 2165 2324 2217 et
2366 2142 2552 2236 magis
2596 2155 2936 2217 adverbium

350 2268 467 2327 est;
516 2261 795 2338 quoniam
842 2269 1156 2339 utrumque
1201 2259 1578 2328 adverbium,
1626 2278 1745 2320 non
1792 2260 2023 2320 videtur
2068 2277 2198 2320 esse
2244 2258 2650 2319 soloecismuS.
2727 2257 2938 2319 melius

349 2369 548 2421 tamen
593 2361 938 2430 fecerimus,
985 2362 1037 2422 si
1083 2379 1205 2421 non
1249 2364 1562 2440 iungamus
1605 2363 1861 2440 penituS.

269 2488 321 2526 ευ
520 2463 940 2542 Conparativus
1000 2463 1217 2541 gradus
1274 2466 1534 2543 iungitur
1604 2462 1792 2524 trihus
1855 2463 2111 2524 casibuS.
2202 2463 2463 2524 Donatus
2528 2464 2609 2522 ait
2671 2459 2940 2521 ‘duobus
2961 2475 3080 2533 407,
3108 2476 3173 2524 25

348 2564 658 2633 casibus';
716 2565 819 2626 sed
865 2575 925 2625 tu
984 2567 1137 2626 scire
1184 2565 1366 2627 debes
1412 2568 1692 2643 quoniam
1742 2583 1878 2625 vere
1922 2565 2110 2625 tribus
2155 2566 2416 2644 iungitur
2459 2564 2717 2631 casibus,
2778 2562 2935 2624 abla·
2959 2544 3079 2599 492,
3107 2545 3137 2590 9

345 2668 496 2737 tivo,
546 2669 820 2746 septimo,
868 2675 926 2727 et
969 2668 1326 2729 nominativo
1372 2644 1719 2746 interposita
1764 2665 2052 2746 particula
2100 2685 2294 2744 quam.
2359 2666 2610 2728 ablativo
2654 2667 2933 2742 iungitur,

346 2771 588 2831 doctior
655 2771 731 2833 ab
798 2772 933 2840 illo;
999 2772 1274 2847 septimo,
1345 2770 1577 2831 doctior
1642 2768 1776 2837 illo;
1850 2770 2237 2837 nominativo,
2296 2768 2527 2830 doctior
2596 2767 2690 2828 hic
2760 2785 2931 2844 quam

341 2870 473 2940 ille,
539 2870 643 2931 sed
709 2872 863 2931 scire
919 2870 1102 2932 debes
1159 2872 1313 2950 quod
1374 2872 1550 2933 hodie
1604 2874 1666 2933 iu
1710 2889 1824 2932 usu
1866 2869 2153 2932 habemus
2197 2872 2447 2949 septimo
2493 2873 2603 2939 uti;
2668 2889 2787 2930 non
2833 2868 2934 2929 de-

264 2997 320 3038 25
349 2972 561 3034 bemus
604 2981 705 3034 aut
747 2972 1000 3034 ablativo
1064 2981 1163 3034 aut
1222 2975 1598 3034 nominativo.
1701 2972 1931 3034 doctior
1987 2972 2089 3034 illo
2145 2972 2336 3033 debeo
2393 2971 2624 3041 dicere,
2672 2990 2791 3032 non
2836 2980 2938 3031 aut

348 3074 579 3135 doctior
638 3073 711 3133 ab
777 3073 878 3133 illo
934 3081 1036 3135 aut
1090 3075 1317 3135 doctior
1388 3092 1566 3152 qnam
1621 3073 1740 3135 ille.
1831 3077 1878 3135 si
1935 3076 2020 3135 vis
2075 3077 2292 3135 iterum
2347 3073 2661 3134 adsumere
2717 3072 2934 3152 aliquid

346 3176 418 3236 ad
463 3175 797 3245 licentiam,
849 3183 1018 3254 potes
1065 3178 1149 3236 uti
1207 3185 1277 3263 et³
1326 3177 1713 3247 nominativo,
1786 3176 2014 3238 doctior
2069 3177 2165 3236 hic
2222 3194 2392 3255 quam
2448 3174 2564 3235 ille.
2657 3174 2933 3252 frequen-

347 3285 437 3338 ter
492 3277 678 3338 debes
733 3279 819 3339 uti
875 3279 1128 3357 septimo
1184 3278 1255 3365 ad
1314 3296 1502 3339 usum.
1594 3288 1905 3357 praeterea
1959 3279 2367 3358 conparativus
2416 3277 2633 3356 gradus
2674 3278 2937 3356 praefert

347 3398 454 3441 nos
498 3388 571 3440 et¹
605 3388 810 3440 nostro
854 3381 1059 3458 generi
1107 3389 1164 3441 et
1196 3388 1498 3441 extraneo,
1566 3388 1628 3440 ut
1671 3389 1812 3460 puta
1859 3397 2046 3458 equus
2091 3389 2148 3440 et
2193 3381 2380 3440 canis:
2429 3397 2670 3458 possum
2717 3398 2932 3458 equum

263 3506 317 3547 ao
347 3488 405 3542 et
462 3499 616 3560 equo
671 3482 1007 3560 praeferre,
1067 3501 1309 3561 possum
1366 3500 1579 3561 equum
1639 3490 1697 3543 et
1753 3483 1886 3542 cani
1940 3483 2274 3561 praeferre,
2334 3488 2396 3541 ut
2452 3488 2593 3559 puta
2638 3480 2934 3540 ‘velocior

347 3600 537 3660 equus
601 3589 786 3662 equo'
862 3592 922 3645 et
988 3590 1211 3661 ‘equus
1275 3583 1535 3645 velocior
1601 3589 1803 3644 cane’.
1904 3601 2044 3644 ecce
2111 3590 2169 3644 et
2233 3602 2341 3643 suo
2407 3584 2615 3660 generi
2679 3581 2932 3661 praetuli

348 3693 406 3745 et
450 3695 734 3747 extraneo
778 3687 841 3746 in
888 3688 1267 3765 conparativo
1314 3694 1560 3747 tantum.
1624 3685 2016 3765 superlativus
2045 3704 2186 3746 vero
2231 3684 2378 3745 haec
2407 3686 2604 3745 omnia
2634 3686 2931 3745 contraria

344 3786 539 3849 habet.
634 3806 768 3848 nam
825 3789 1046 3847 nemini
1096 3789 1361 3866 iungitur
1415 3807 1525 3849 nec
1581 3787 1833 3848 ablativo
1889 3807 2000 3849 nec
2044 3789 2295 3868 septimo
2340 3805 2450 3847 nec
2497 3786 2504 3866 Ι
2552 3787 2929 3856 nominativo,

340 3889 445 3949 sed
500 3890 765 3966 iungitur
821 3890 1093 3966 genetivo
1147 3888 1379 3968 plurali.
1470 3896 1808 3969 praeterear
1838 3909 1958 3951 non
2015 3909 2126 3951 nos
2180 3890 2444 3969 praefert
2500 3899 2558 3950 et
2614 3898 2816 3951 nostro
2873 3898 2932 3950 et

481 4146 508 4195 1
544 4159 763 4194 uacuum
801 4143 910 4194 AB
946 4159 1105 4194 uacuo
1150 4144 1228 4195 Cb
1332 4145 1571 4194 uerticem
1609 4144 1722 4194 AB
1760 4147 1952 4195 uertice
1991 4145 2072 4195 Cb
2212 4149 2244 4197 2
2275 4145 2364 4196 sed
2403 4163 2495 4197 om.
2533 4146 2599 4202 A.
2635 4146 2755 4194 add.
2790 4164 2822 4196 a

340 4222 387 4262 et
424 4215 639 4264 nimium
667 4215 841 4263 eadem
877 4213 1040 4264 ABG
1145 4216 1173 4263 7
1211 4214 1308 4265 tale
1339 4225 1417 4265 est
1452 4230 1512 4264 ac
1549 4216 1592 4264 si
1619 4215 1759 4265 dieas
1787 4216 1934 4266 valde
1964 4215 2181 4265 lucidior
2214 4231 2307 4267 om.
2338 4218 2407 4275 A,
2446 4218 2567 4268 add.
2611 4234 2644 4265 a
2748 4215 2781 4263 9
2808 4231 2927 4266 eon-

338 4287 574 4348 paratiuo
611 4293 699 4334 aut
723 4286 1033 4350 superlatiuo
1065 4286 1114 4332 A
1226 4286 1290 4335 10
1326 4284 1574 4350 uergilius
1604 4286 1767 4335 iunxit
1802 4287 1843 4335 C
1876 4286 2128 4351 uergilius
2163 4287 2355 4336 iuncxit
2380 4286 2430 4335 B
2539 4287 2600 4335 12
2632 4296 2732 4334 tam
2760 4288 2925 4351 magis

339 4354 424 4403 inu
464 4353 689 4404 fremens
722 4380 789 4391 -—
818 4369 1022 4420 pugnae
1066 4365 1162 4403 tam
1206 4356 1372 4419 magis
1408 4353 1475 4403 a*
1511 4391 1525 4404 .
1555 4389 1569 4404 .
1595 4392 1609 4406 .
1649 4356 1817 4423 magis
1854 4356 1942 4404 illa
1979 4356 2200 4405 fremens
2237 4367 2285 4406 et
2318 4365 2352 4406 t.
2386 4374 2429 4405 e.
2476 4356 2511 4406 s.
2550 4366 2650 4403 tum
2689 4355 2923 4422 magisA

339 4435 439 4473 tam
479 4425 649 4490 magis
688 4423 774 4472 illa
810 4427 1032 4474 fremens
1057 4433 1106 4474 et
1145 4427 1243 4487 quei
1282 4435 1315 4473 t.
1359 4423 1393 4476 l'.
1433 4432 1531 4473 tam
1573 4427 1740 4492 magis
1778 4426 1830 4475 B
1867 4438 1971 4475 tam
2009 4427 2174 4492 magis
2213 4427 2296 4475 illu
2331 4426 2551 4475 fremens
2587 4436 2634 4474 et
2673 4435 2706 4473 t.
2749 4426 2784 4476 f.
2821 4436 2923 4475 tam

339 4495 506 4560 magis
551 4504 601 4543 et
652 4494 876 4543 tristibus
910 4493 1063 4544 effera
1099 4494 1318 4544 flammis
1355 4509 1506 4556 quam
1544 4497 1708 4562 magis
1755 4496 1917 4546 effuso
1964 4498 2269 4546 crudescunt
2317 4498 2567 4562 sanguine
2612 4509 2816 4561 pugnae
2855 4497 2920 4547 0:

347 4566 502 4629 Ver-9.
532 4563 664 4615 Aen.
705 4564 798 4614 Vll
835 4563 936 4614 787
1081 4564 1143 4614 15
1180 4565 1349 4613 iuncta
1389 4579 1502 4613 esse
1539 4565 1630 4614 sed
1666 4580 1767 4613 non
1808 4575 1884 4613 est
1919 4566 1991 4628 (et
2033 4566 2081 4615 A
2116 4581 2248 4615 corr.
2289 4576 2365 4617 est
2402 4573 2456 4626 a)
2497 4566 2591 4614 hoc
2627 4566 2788 4615 ABG

341 4634 404 4685 16
440 4636 666 4683 iunctum
705 4634 1001 4683 aduerbium
1028 4633 1074 4681 Α
1111 4634 1334 4683 iunctum
1370 4642 1444 4682 est
1472 4634 1769 4684 aduerbium
1807 4635 1953 4685 BCa
2052 4637 2283 4698 fortasse
2318 4636 2520 4701 quando
2553 4636 2653 4684 duo
2682 4635 2924 4685 adverbia

338 4704 619 4770 iunguntur
658 4705 1033 4767 conparationis
1215 4704 1279 4753 18
1316 4718 1414 4772 non
1457 4704 1653 4753 videtur
1690 4705 1863 4754 BCa:
1902 4720 2002 4753 non
2039 4723 2132 4754 om.
2173 4706 2222 4753 A
2395 4705 2462 4756 23
2502 4699 2696 4755 doctior
2732 4706 2795 4754 ab
2836 4706 2921 4755 illo

336 4774 554 4839 septimo
596 4787 692 4822 om.
732 4772 898 4823 ABG
1037 4774 1101 4822 24
1149 4772 1364 4838 septimo
1415 4773 1488 4821 uti
1525 4772 1642 4822 Ca*
1690 4776 1907 4838 septimo
1947 4786 1999 4823 ut
2040 4773 2238 4841 A(?)B
2272 4778 2541 4841 septimum
2580 4777 2649 4825 nti
2687 4792 2715 4826 c
2854 4777 2922 4830 27

337 4851 480 4909 potes
518 4843 696 4905 ntique
729 4852 777 4892 et
807 4843 906 4892 BG
1044 4842 1109 4893 34
1141 4843 1324 4909 plurali
1356 4859 1447 4896 om.
1480 4844 1546 4907 A,
1585 4844 1705 4899 add,
1751 4861 1784 4894 a
