3541 5564
610 319 731 385 188
1718 289 2044 383 'pompm

657 445 700 484 p.
728 432 905 471 207—10
931 428 975 470 L.

605 512 915 572 ‘inimicus
970 510 1115 570 mibi
1170 514 1309 571 est’.
1399 509 1509 571 alia
1555 511 1945 571 accusativum
2001 516 2312 578 secuntur,
2373 526 2586 570 exosus
2640 506 2825 580 bella,
2884 511 3191 590 praescius

538 649 546 657 -
603 615 822 675 futura.
913 613 1060 674 baec
1123 630 1343 691 genera
1408 613 1728 691 figurarum
1802 621 1956 674 sunt.
2043 631 2180 672 nam
2237 608 2502 691 [quando
2556 611 2688 672 dico
2746 630 2957 672 exosus
3013 609 3187 682 bella,

604 717 909 797 praescius
952 713 1179 794 futura]
1226 716 1560 793 genetivum
1608 714 1954 777 naturaliter
1998 722 2220 784 tenent,
2270 716 2612 793 ‘praescius
2658 722 2749 776 est
2794 714 3127 775 futurorum
3147 719 3185 776 ².

605 818 717 879 alia
763 825 902 879 sunt
952 836 1103 898 quae
1147 824 1432 879 secuntur
1475 817 1824 887 ablativum,
1873 816 2171 878 secundus
2216 835 2248 876 a
2281 816 2550 877 Romulo.
2614 816 2795 877 multa
2850 817 2985 876 vitia
3040 816 3190 877 fiunt

517 942 527 951 ·
588 919 934 1002 [secundus
963 938 995 980 a
1027 914 1340 1001 Romulo]:
1389 919 1564 980 hodie
1608 921 1684 980 ita
1731 920 1963 989 dicunt,
2010 918 2142 979 ‘ille
2187 920 2415 998 primus
2459 918 2653 987 sedet,
2702 916 2799 977 ille
2845 916 2928 978 illi
2973 936 3185 979 secun·
3214 935 3241 976 ε,

606 1022 715 1085 dus
758 1026 898 1090 est’,
956 1030 1098 1101 puta
1153 1020 1288 1082 ‘ille
1344 1024 1571 1101 primus
1630 1020 1857 1082 doctior
1902 1028 2020 1091 est,
2066 1018 2165 1080 ille
2209 1019 2293 1081 illi
2341 1021 2637 1082 secundus
2684 1017 2978 1102 [doctior]
3029 1024 3186 1088 est';

605 1125 991 1187 soloecismus
1049 1131 1153 1184 est.
1245 1123 1528 1185 debemus
1583 1125 1737 1185 enim
1796 1123 1997 1184 dicere
2043 1141 2160 1183 non
2208 1122 2330 1182 ‘illi
2376 1122 2672 1184 secundus
2718 1126 2861 1192 est’,
2909 1121 3011 1183 sed
3061 1124 3189 1183 ‘se-

606 1228 831 1289 cundus
875 1226 950 1286 ab
994 1227 1123 1305 ipso
1169 1228 1312 1286 est'.
1384 1226 1532 1287 alter
1576 1225 1878 1286 similiter:
1928 1243 2044 1285 non
2092 1242 2405 1304 possumus
2449 1224 2649 1285 dicere
2694 1224 2876 1286 ‘alter
2922 1234 3013 1285 est
3058 1222 3186 1294 illi'‚

605 1329 708 1391 sed
767 1329 951 1389 ‘alter
1009 1334 1099 1388 est
1153 1327 1227 1388 ab
1273 1327 1426 1389 illo’.
1516 1327 1627 1389 alia
1674 1329 1986 1407 septimum
2033 1345 2233 1388 casum
2282 1334 2513 1396 tenent,
2560 1336 2625 1387 ut
2669 1334 2758 1388 est
2803 1326 3016 1407 dignus
3060 1347 3189 1389 mu-

605 1450 781 1502 nere,
828 1439 1052 1492 mactus
1097 1432 1347 1516 vir-[tute.
1439 1430 1584 1490 haec
1630 1430 1978 1492 naturaliter
2022 1431 2335 1510 septimum
2378 1448 2579 1490 casum
2626 1436 2845 1491 tenent.
2918 1436 3189 1491 ceterum
3216 1446 3266 1486 ω

606 1542 664 1595 et
708 1534 920 1613 dignus
964 1532 1123 1592 illam
1181 1551 1306 1593 rem
1364 1530 1615 1610 legimus
1670 1535 1730 1592 in
1779 1532 2092 1602 Terentio,
2161 1531 2462 1609 ‘dignus
2508 1550 2583 1593 es
2627 1551 2784 1592 cum
2832 1539 2957 1593 tua
3002 1531 3189 1594 reli·

603 1638 821 1715 gione
866 1635 1167 1695 odium'.
1220 1642 1278 1695 et
1321 1641 1510 1695 macte
1557 1636 1770 1695 virtute
1817 1635 2069 1695 dicimus
2114 1632 2477 1704 naturaliter,
2525 1633 2583 1694 id
2632 1642 2720 1695 ost
2762 1636 2949 1713 magis
2994 1643 3185 1704 aucte,

605 1743 875 1799 ‘macte
943 1755 1120 1798 nova
1198 1739 1477 1798 virtute
1549 1741 1803 1817 puer’;
1880 1744 2077 1798 tamen
2146 1735 2520 1815 legimusct
2585 1744 2774 1799 macte
2831 1737 3062 1798 virtutis
3128 1739 3188 1797 in

604 1841 817 1911 Statio,

906 1949 1139 2002 macte
1187 1943 1439 2012 animi,
1488 1940 1753 2021 dignus
1796 1943 2034 2003 tantis
2077 1943 2203 2022 qui
2248 1940 2590 2003 crederis
2635 1944 2879 2004 armiS.
3214 1959 3269 2000 ιε

601 2046 838 2105 interim
885 2044 1166 2105 naturalis
1213 2063 1320 2106 vox
1368 2051 1457 2105 est
1499 2043 1745 2123 ‘dignus
1790 2047 2075 2106 munere'
2123 2050 2181 2104 et
2225 2045 2491 2105 ‘mactus
2536 2046 2800 2105 virtute'.

366 2159 484 2219 408,
511 2160 579 2209 28
772 2147 980 2209 Omnia
1028 2148 1266 2208 nomina
1313 2145 1565 2207 ablativo
1611 2145 1897 2225 singulari
1953 2147 2213 2226 quinque
2259 2145 2469 2206 litteris
2513 2145 2816 2207 vocalibus
2861 2137 3185 2207 terminan'-

367 2228 484 2290 495,
511 2229 576 2277 23
601 2257 717 2311 tur.
807 2249 1112 2328 genetivus
1154 2248 1398 2329 pluralis
1444 2255 1504 2308 et
1545 2248 1775 2309 dativus
1820 2257 1878 2310 et
1921 2248 2207 2310 ablativus
2251 2250 2312 2308 in
2371 2247 2797 2309 dubitationem
2844 2250 3086 2309 veniunt
3129 2257 3185 2309 et

603 2353 760 2413 varie
806 2351 1196 2413 declinantur.
1288 2351 1523 2431 quando
1568 2360 1764 2413 autem
1813 2348 1903 2410 vol
1958 2352 2037 2412 ita
2083 2349 2171 2411 vel
2216 2352 2294 2410 ita
2341 2349 2733 2421 declinemus,
2790 2349 3188 2427 intellegimus

604 2472 675 2515 ex
720 2452 970 2515 ablativo
1026 2452 1327 2532 singulari.
1421 2460 1477 2514 et
1522 2453 1676 2515 bene
1730 2455 2004 2514 fecerunt
2047 2452 2297 2513 Romani
2340 2450 2415 2513 ab
2460 2451 2711 2513 ablativo
2757 2450 3044 2530 singulari
3087 2470 3266 2514 su·2o

600 2574 767 2618 mere
811 2554 1065 2634 regulas.
1129 2574 1239 2634 qua
1285 2557 1549 2616 ratione?
1595 2557 1871 2636 quoniam
1916 2556 2024 2615 iste
2070 2556 2349 2635 proprius
2391 2557 2657 2633 ipsorum
2705 2561 2816 2614 est:
2866 2553 3184 2646 ablativum

603 2659 759 2718 enim
807 2658 1015 2720 Graeci
1062 2675 1182 2717 non
1228 2656 1475 2728 babent,
1523 2658 1623 2719 sed
1672 2658 1937 2719 Romani.
2018 2655 2304 2717 debuerat
2348 2674 2490 2734 ergo
2541 2659 2551 2733 Ι
2602 2655 2797 2717 latinis
2842 2658 3185 2719 nominibus

601 2758 817 2822 latinus
871 2777 1039 2821 casus
1106 2758 1342 2838 regulas
1407 2759 1569 2822 dare.
1658 2759 1882 2822 idcirco
1939 2757 2012 2821 ab
2072 2760 2199 2840 ipso
2254 2757 2488 2838 regulas
2544 2757 2886 2831 sumebant,
2947 2779 3065 2822 non
3113 2759 3184 2822 ab

601 2863 749 2924 aliis,
812 2861 1099 2925 ablativus
1141 2872 1336 2923 autem
1382 2862 1695 2942 singularis
1740 2865 1999 2943 quinque
2056 2860 2268 2923 litteris
2312 2864 2697 2933 terminatur,
2744 2881 2777 2923 a
2822 2882 2854 2923 e
2894 2864 2915 2923 i
2958 2882 2992 2924 o
3033 2883 3098 2923 u:
3132 2883 3181 2933 a,

603 2972 668 3026 ut
720 2965 911 3034 Musa;
970 2983 1003 3025 e
1060 2973 1334 3044 correpto
1392 2964 1732 3045 aliquando,
1794 2964 2109 3045 aliquando
2175 2964 2496 3044 producto,
2568 2974 2875 3045 correpto,
2939 2965 3015 3026 ab
3072 2966 3267 3027 hocas

598 3069 852 3147 pariete,
903 3066 1220 3147 producto,
1269 3067 1343 3128 ab
1389 3067 1500 3128 hac
1544 3067 1665 3135 die;
1712 3069 1760 3137 i,
1810 3069 2022 3147 puppi,
2072 3086 2139 3136 o,
2188 3065 2391 3135 docto,
2439 3084 2510 3134 u,
2557 3065 2633 3127 ab
2679 3066 2790 3127 hoc
2834 3085 3030 3129 versu.

401 3183 520 3244 434,
547 3184 579 3234 8
772 3174 817 3231 Α
861 3171 1213 3230 terminatus
1257 3169 1546 3230 ablativus
1590 3171 1925 3248 genetivum
1957 3171 2015 3230 in
2048 3187 2179 3230 rum
2215 3170 2417 3238 mittit,
2468 3169 2719 3230 dativum
2765 3177 2822 3230 et
2867 3169 3185 3232 ablativum

599 3273 657 3332 in
704 3273 780 3342 is,
841 3271 912 3331 ab
968 3271 1078 3332 bac
1123 3271 1283 3332 Musa
1339 3272 1638 3333 Musarum
1694 3271 1788 3332 bis
1846 3279 1904 3332 et
1958 3271 2032 3332 ab
2076 3270 2169 3331 bis
2212 3272 2421 3334 Musis.
2497 3273 2801 3351 quaeritur
2845 3293 2964 3353 quo
3010 3274 3185 3335 modo

600 3373 863 3435 dicamus
908 3372 1015 3435 dea
1063 3373 1339 3443 dearum,
1400 3382 1597 3435 utrum
1657 3372 1782 3434 deis
1838 3392 1910 3435 an
1955 3373 2213 3434 deabus?
2270 3374 2351 3433 ait
2393 3374 2478 3433 sic
2522 3373 2811 3445 Donatus,
2861 3374 3186 3443 ‘debemus
3316 3445 3323 3452 ,

601 3476 835 3557 quidem
879 3475 1114 3554 regulas
1157 3478 1351 3556 sequi,
1399 3477 1522 3547 sed,
1570 3495 1645 3537 ne
1690 3474 2122 3537 confundamus
2166 3493 2372 3537 sexum
2420 3482 2479 3535 et
2521 3477 2750 3537 nescias
2792 3486 2995 3539 utrum
3041 3478 3269 3540 deosao

600 3579 866 3640 dicamus
910 3596 984 3639 an
1029 3577 1199 3648 deas,
1248 3580 1334 3639 sic
1377 3576 1689 3639 admittere
1735 3587 1802 3640 ut
1844 3578 2108 3639 dicamus
2153 3577 2393 3648 deabus,
2442 3597 2561 3639 non
2608 3586 2762 3649 arte,
2809 3580 2911 3641 sed
2958 3580 3187 3642 discer-

601 3681 782 3743 nendi
826 3698 1001 3742 sexus
1044 3681 1277 3741 causa’.
1337 3679 1450 3741 boc
1496 3679 1641 3741 dixit
1685 3687 1743 3742 et
1788 3679 2067 3742 abstinuit
2110 3698 2174 3740 se
2219 3700 2250 3742 a
2295 3699 2381 3751 re,
2429 3699 2605 3760 quam
2648 3680 2935 3742 debuerat
2966 3682 3187 3745 dicere.

600 3783 736 3863 quid
776 3784 955 3860 crgo?
1000 3782 1219 3863 ubique
1252 3781 1681 3844 observandum
1732 3784 1855 3843 est?
1902 3784 1950 3844 si
1997 3783 2110 3844 lnoc
2153 3790 2271 3854 est,
2318 3785 2367 3843 si
2413 3784 2690 3862 quoniam
2738 3785 3049 3845 confusum
3097 3793 3186 3845 est

599 3892 657 3946 et
701 3883 1070 3945 discretionis
1124 3903 1302 3945 sexus
1357 3904 1529 3946 causa
1588 3893 1884 3947 mutamus
1938 3887 2076 3954 ista,
2136 3903 2256 3946 non
2301 3893 2360 3946 te
2405 3887 2683 3965 permitto
2730 3885 2929 3947 dicere
2975 3886 3049 3947 ab
3094 3885 3186 3946 bis

598 3987 909 4057 RomaniS,
957 3986 1059 4068 sed
1091 3986 1495 4058 RomanabuS,
1544 3990 1707 4067 quia,
1757 3990 1807 4048 si
1837 3986 2057 4048 dixeris
2097 3986 2171 4047 ab
2214 3986 2308 4049 his
2337 3987 2648 4057 RomaniS,
2694 3989 2896 4048 nescio
2936 3985 2947 4071 Ι
2985 3999 3182 4051 utrum
3209 4006 3264 4047 ss

600 4087 957 4150 masculinus
1003 4107 1179 4149 sexus
1233 4091 1310 4149 sit
1365 4109 1438 4150 an
1496 4091 1843 4158 femininus;
1903 4108 2020 4150 non
2068 4098 2125 4150 te
2169 4091 2448 4169 permitto
2494 4089 2693 4150 dicere
2738 4089 2811 4150 ab
2857 4092 3033 4170 ipsis,
3079 4090 3182 4151 sed

599 4190 672 4251 al»
718 4189 984 4270 ipsabus,
1032 4210 1151 4251 non
1198 4191 1272 4251 ab
1316 4194 1472 4263 istis,
1521 4192 1625 4254 sed
1655 4192 1746 4256 ,ab
1791 4191 2031 4253 istabuS.
2098 4194 2380 4254 confusus
2425 4199 2515 4252 est
2558 4211 2733 4253 sexus
2777 4178 2917 4254 tam*
2939 4195 3001 4253 in
3046 4211 3181 4272 pro-

599 4292 934 4354 nominibus
990 4312 1163 4374 quam
1219 4295 1281 4354 in
1341 4294 1694 4355 nominibus
1788 4296 1868 4355 ait
1912 4295 1997 4354 sic
2044 4293 2301 4364 Probus,
2350 4293 2509 4374 quod
2553 4313 2756 4356 verum
2805 4302 2920 4364 est,
2968 4293 3181 4355 ‘debe-

737 4534 770 4584 5
815 4534 1009 4598 primus
1049 4573 1061 4585 .
1088 4573 1100 4585 .
1142 4533 1234 4583 sed
1261 4542 1309 4584 et
1348 4534 1432 4585 ille
1466 4534 1516 4584 A
1555 4537 1750 4600 primus
1789 4532 1878 4583 sed
1918 4532 2002 4582 ille
2037 4534 2088 4584 B
2231 4533 2289 4584 ll
2343 4533 2393 4581 in
2434 4530 2694 4598 Terentio]
2736 4533 2904 4587 Andr.
2944 4534 2990 4583 V
3026 4536 3076 4595 4,
3114 4534 3179 4586 37

743 4603 804 4653 12
832 4604 1004 4653 odium
1033 4617 1125 4656 om.
1155 4603 1261 4655 Ao
1364 4603 1427 4656 13
1459 4616 1619 4656 macte
1646 4605 1790 4655 BCa
1823 4616 1986 4654 macta
2007 4604 2081 4653 A:
2121 4604 2278 4668 Ver-9.
2309 4603 2441 4656 Aen.
2464 4604 2603 4652 Vllll
2632 4604 2729 4655 641
2836 4605 2886 4652 in
2926 4606 3080 4654 stacio
3101 4605 3179 4653 A.-

605 4673 756 4726 Theb.
799 4675 842 4723 ll
873 4673 974 4723 495
1116 4673 1180 4724 21
1220 4676 1424 4740 proprie
1462 4676 1631 4726 ABG
1767 4674 1836 4724 23
1874 4674 2063 4723 idcirco
2094 4674 2141 4721 A
2180 4683 2228 4722 et
2260 4673 2447 4722 idcirco
2483 4673 2627 4724 Bou
2769 4673 2837 4725 29
2877 4683 3041 4723 utrum
3084 4674 3178 4724 diis

602 4744 711 4793 AB
849 4742 915 4793 32
956 4744 1208 4793 absteuuit
1244 4761 1299 4796 sc
1336 4761 1366 4794 a
1405 4746 1580 4809 regula
1616 4746 1722 4796 BC
1857 4743 1923 4794 33
1962 4746 2010 4793 ε’
2056 4744 2326 4806 quoniam,
2363 4743 2411 4791 h.
2452 4761 2495 4794 e.
2537 4744 2625 4794 sed
2671 4745 2907 4808 quoniam
2944 4743 3047 4797 BG

600 4814 667 4864 34
706 4815 942 4880 permitto
982 4814 1122 4864 BCa
1153 4816 1396 4882 permittit
1435 4818 1482 4867 A
1622 4814 1690 4868 38
1729 4811 1942 4880 Probus]
1980 4815 2134 4865 instit.
2177 4821 2280 4868 arc.
2319 4827 2371 4875 p.
2402 4814 2487 4878 82,
2524 4813 2588 4865 16
