3541 5564
1445 342 1917 403 COMMENTVM
2863 341 2984 406 135

2635 465 2675 505 p.
2704 453 2854 493 ⁸5-s7
2888 452 2928 491 ι.

395 550 535 592 nem
580 549 689 591 nec
733 531 1022 600 officium,
1072 531 1186 590 nisi
1230 531 1348 590 sint
1390 531 1541 590 istae
1586 538 1784 610 partes
1830 530 2116 590 orationis
2158 521 2524 611 'principales
2570 533 2824 601 iunctae,
2873 552 2980 592 no—

393 652 532 694 men
580 641 637 692 et
688 631 949 692 verbum.

563 735 710 795 Octo
756 743 954 814 partes
998 733 1286 794 orationis
1330 731 1550 794 babent
1595 732 1837 803 Graeci,
1885 739 2020 794 octo
2054 728 2242 794 'etiam
2287 734 2510 805 Latini,
2559 735 2664 795 sed
2711 734 2824 796 hoc
2868 736 3124 809 dis-428,
3155 748 3216 795 14

394 837 592 897 lerunt
634 835 748 896 illi:
798 836 1008 896 Graeci
1053 834 1276 896 habent
1320 835 1664 904 articulum,
1726 854 1904 915 quem
1952 843 2273 915 conputant
2315 837 2470 897 inter
2517 844 2718 916 partes
2763 839 2979 897 oratio·
3008 815 3123 872 534,
3154 816 3213 863 ¹⁷

341 953 365 990 ⁵
394 941 515 1006 nis;
564 957 673 999 nos
720 957 855 999 eum
902 957 1021 997 non
1067 945 1456 1017 conputamus
1501 939 1658 998 inter
1702 946 1904 1017 partes
1951 938 2260 998 orationis.
2335 947 2468 999 octo
2514 937 2736 1000 habent
2779 948 2980 1017 partes

389 1041 705 1109 orationiS,
754 1059 972 1101 nomen
1018 1058 1348 1119 pronomen
1393 1038 1640 1100 verbum
1686 1038 2031 1100 adverbium
2077 1041 2454 1118 participium
2501 1042 2977 1103 coniunctionem

389 1143 891 1223 praepositionem
947 1141 1281 1203 articulum.
1373 1141 1475 1202 sed
1535 1139 1855 1203 articulum
1902 1160 2013 1202 nos
2057 1160 2178 1201 non
2223 1150 2642 1221 conputamus,
2689 1141 2793 1202 sed
2838 1161 2975 1222 par-

388 1253 507 1304 tem
551 1245 925 1323 pronominis
969 1244 1297 1313 credimus,
1358 1251 1421 1304 ut
1463 1251 1605 1323 puta
1650 1244 1748 1304 bic
1796 1252 1853 1303 et
1898 1244 2046 1321 quis,
2137 1243 2281 1303 dicit
2325 1243 2436 1304 hoc
2480 1245 2541 1304 in
2600 1245 2974 1323 pronomine,

388 1346 520 1406 ‘bic
565 1351 799 1407 autem'
847 1345 990 1407 dicit
1036 1350 1194 1406 ‘non
1241 1353 1328 1407 est
1371 1365 1734 1426 pronomen,
1782 1345 1884 1406 sed
1932 1351 2021 1405 est
2064 1344 2368 1416 articuluS,
2417 1345 2513 1407 hic
2544 1349 2773 1408 Aeneas
2802 1346 2977 1407 buius

312 1453 359 1499 10
385 1450 674 1510 Aeneae'.
769 1467 878 1509 nos
933 1447 1213 1518 dicimus,
1271 1467 1387 1509 non
1447 1456 1537 1509 est
1589 1447 1896 1517 articuluS,
1955 1445 2058 1509 sed
2114 1465 2445 1527 pronomen
2504 1449 2656 1528 quod
2712 1449 2977 1526 fungitur

384 1549 620 1611 articuli
667 1550 879 1611 officio.
945 1570 1077 1611 nam
1126 1551 1240 1611 boc
1284 1551 1532 1611 interest
1575 1550 1732 1610 inter
1777 1567 2110 1629 pronomen
2143 1558 2202 1610 et
2245 1549 2586 1619 articulum,
2635 1552 2791 1630 quod
2836 1569 2976 1631 pro·

384 1671 605 1714 nomen
660 1653 851 1713 solum
906 1653 1163 1732 ponitur.
1253 1662 1392 1731 puta
1449 1651 1544 1712 hic
1596 1653 1773 1713 huius
1829 1652 2003 1722 huic,
2064 1651 2242 1712 modo
2295 1670 2629 1732 pronomen
2689 1660 2809 1720 est;
2879 1652 2975 1713 hic

384 1756 612 1815 Aeneas
668 1753 842 1815 huius
896 1757 1157 1823 Aeneae,
1219 1753 1394 1814 modo
1441 1771 1558 1815 non
1607 1762 1694 1815 est
1736 1755 2102 1834 pronomen,
2152 1753 2255 1815 sed
2304 1762 2392 1814 est
2437 1752 2742 1816 articulus.
2831 1773 2976 1833 ergo

384 1875 525 1918 ecce
570 1855 757 1917 habes
812 1874 988 1916 unam
1043 1863 1274 1936 partem
1331 1857 1642 1926 orationis,
1690 1875 1867 1936 quam
1913 1857 2125 1919 Graeci
2170 1862 2523 1935 conputant,
2573 1875 2682 1916 nos
2730 1854 2982 1936 [articu-.

308 1972 355 2009 ¹5
384 1957 533 2039 lum]
585 1976 704 2019 non
750 1966 1170 2037 conputamus,
1219 1958 1321 2020 sed
1370 1960 1430 2017 in
1476 1956 1932 2038 pronominibus
1976 1959 2272 2038 ponimus,
2349 1959 2490 2018 item
2537 1971 2644 2018 nos
2689 1958 2977 2019 habemus

385 2080 560 2121 unam
616 2070 847 2140 partem
904 2062 1217 2130 orationiS,
1278 2078 1452 2139 quam
1512 2060 1721 2120 Graeci
1783 2078 1902 2120 non
1959 2067 2309 2140 conputant,
2373 2067 2438 2120 ut
2482 2067 2570 2120 est
2612 2041 2970 2122 interiectio.

382 2163 533 2224 heus
587 2165 634 2222 si
692 2161 856 2223 dicas
900 2161 1140 2231 Latino,
1200 2161 1343 2222 dicit
1398 2162 1501 2222 tibi
1560 2159 1949 2244 ‘interliectio
2007 2164 2163 2230 est';
2222 2161 2448 2222 Graeco
2495 2163 2546 2222 si
2592 2161 2782 2231 dicas,
2830 2161 2977 2223 dicit

383 2265 490 2325 tibi
546 2264 927 2325 ‘adverbium
985 2269 1129 2325 est’.
1221 2283 1355 2326 nam
1414 2265 1573 2345 quod
1632 2282 1739 2324 nos
1794 2265 2270 2325 interiectionem
2327 2263 2640 2333 habemus,
2710 2263 2798 2325 illi
2854 2283 2970 2324 non

382 2367 605 2429 babent
647 2367 1153 2436 interiectionem,
1202 2366 1305 2427 sed
1351 2368 1413 2426 in
1460 2366 1740 2426 adverbio
1788 2373 2131 2452 conputant.
2206 2384 2348 2444 ergo
2397 2364 2584 2436 videS,
2634 2385 2750 2446 quo
2795 2365 2972 2427 modo

303 2482 354 2520 20
382 2469 618 2530 locutus
665 2477 751 2529 est
794 2470 903 2529 iste
950 2469 1051 2545 qui
1096 2470 1335 2547 scripsit
1377 2477 1583 2529 artem.
1662 2484 1782 2528 non
1828 2467 1973 2529 dixit
2016 2474 2116 2527 aut
2160 2466 2399 2528 Latinos
2446 2486 2565 2528 non
2609 2466 2832 2529 habere
2878 2487 2970 2529 ar·

381 2570 595 2631 ticulos
651 2580 750 2631 aut
796 2570 1055 2631 Graecos
1109 2589 1227 2630 non
1276 2569 1497 2631 habere
1542 2570 2052 2639 interiectionem,
2113 2589 2261 2640 non,
2310 2569 2415 2632 scd
2460 2589 2580 2631 non
2626 2578 2969 2648 conputare.

380 2676 461 2734 ita
509 2674 678 2752 enim·
714 2672 860 2732 dixit
905 2672 1136 2733 ‘Latini
1181 2671 1459 2733 articulos
1490 2689 1609 2732 non
1643 2672 2097 2741 adnumerant’‚
2148 2690 2266 2732 non
2314 2671 2462 2733 dixit
2507 2676 2662 2732 ‘non
2693 2670 2968 2732 habent’.

381 2795 520 2837 nam
567 2784 626 2835 et
668 2773 753 2835 illi
799 2775 1128 2853 funguntur
1174 2775 1367 2835 officio
1413 2774 1844 2837 interiectionis
1889 2774 1948 2834 in
1996 2771 2274 2835 adverbio
2332 2782 2391 2836 et
2436 2794 2543 2835 nos
2590 2775 2784 2835 officio
2830 2775 2969 2835 arti-

380 2878 499 2939 culi
546 2879 608 2937 in
653 2878 1027 2958 pronomine.
1402 2934 1415 2939 -

552 2979 718 3041 Multi
775 2978 980 3039 dicunt
1037 2978 1181 3040 duas
1246 2987 1446 3059 partes
1503 2998 1631 3040 esse
1690 2980 2004 3048 orationis,
2076 2998 2291 3041 nomen
2353 2986 2412 3039 et
2468 2978 2741 3049 verbum,
2800 2977 2971 3039 multi
2996 2997 3112 3057 428,
3145 2997 3202 3044 11

381 3083 677 3162 quinque,
721 3090 785 3141 ut
830 3080 1033 3141 dicunt
1063 3082 1274 3150 Stoici,
1323 3080 1489 3142 multi
1521 3088 1684 3151 octo,
1736 3090 1800 3141 ut
1830 3081 2036 3141 dicunt
2081 3082 2476 3160 grammatici,
2525 3081 2692 3142 multi
2739 3100 2970 3153 novem,

382 3183 552 3244 multi
598 3182 833 3253 decem,
883 3182 1048 3243 multi
1098 3183 1389 3243 undecim.
1430 3183 1570 3243 ‘sed
1616 3185 1768 3243 scire
1828 3182 2054 3244 debetis
2109 3182 2266 3261 quod
2314 3184 2390 3243 ita
2437 3182 2775 3243 dividuntur
2818 3185 2969 3244 istae

380 3296 595 3366 partes,
661 3304 775 3366 quo
821 3285 1000 3346 modo
1046 3283 1421 3346 dividuntur?
1467 3287 1574 3345 ita:
1625 3293 1745 3346 tres
1792 3294 1931 3346 sunt
1973 3293 2175 3364 partes
2219 3287 2501 3346 orationis
2546 3304 2695 3365 quae
2742 3285 2972 3346 casibus

383 3389 676 3456 serviunt,
735 3405 848 3448 una
896 3406 1045 3467 quae
1092 3386 1462 3465 temporibus
1508 3390 1715 3457 servit,
1776 3394 2054 3467 quattuor
2099 3405 2249 3467 quae
2295 3390 2536 3447 omnino
2583 3405 2692 3447 nec
2738 3394 2966 3467 tempo-

300 3503 355 3542 ³0
383 3487 549 3550 ribus
595 3508 704 3549 nec
751 3490 982 3551 casibus
1026 3491 1305 3550 serviunt.
1397 3497 1518 3550 tres
1562 3488 1799 3550 casibus
1843 3491 2109 3551 serviunt
2151 3491 2326 3560 istae,
2376 3508 2591 3550 nomeu
2637 3507 2968 3569 pronomen

382 3593 788 3673 participium:
866 3610 1000 3652 nam
1049 3599 1108 3651 et
1152 3609 1369 3652 nomen
1415 3591 1593 3653 habet
1638 3611 1866 3660 casum,
1917 3591 2013 3652 hic
2058 3594 2286 3652 Aeneas
2330 3591 2507 3651 huius
2552 3593 2785 3652 Aeneae
2828 3592 2969 3652 huic

381 3697 643 3765 Aeneae,
693 3702 751 3754 et
794 3711 1152 3773 pronomen,
1202 3693 1297 3754 hic
1328 3694 1502 3754 buius
1531 3694 1699 3763 huic,
1748 3702 1808 3754 et
1850 3694 2228 3773 participium
2272 3712 2475 3754 amans
2520 3695 2798 3754 amantis:
2847 3701 2969 3753 tres

382 3798 533 3857 istae
588 3794 822 3856 casibus
878 3796 1160 3857 serviunt.
1237 3795 1607 3874 temporibus
1665 3814 1780 3857 una
1838 3797 2044 3866 servit,
2104 3794 2378 3865 verbum,
2438 3794 2569 3874 lego
2616 3796 2761 3873 legis
2806 3794 2963 3872 legit.

381 3897 647 3978 reliquae
703 3916 910 3958 omnes
966 3916 1085 3958 non
1141 3899 1403 3958 serviunt
1448 3916 1560 3958 nec
1605 3897 1841 3959 casibus
1896 3917 2006 3959 nec
2051 3897 2451 3978 temporibus,
2511 3906 2575 3958 ut
2617 3904 2756 3959 sunt
2798 3899 2962 3966 istae,

305 4012 356 4052 3⁵
384 3999 729 4062 adverbium
776 4000 1114 4060 coniunctio
1160 4001 1515 4079 praepositio
1552 4001 1917 4061 interiectio.
1975 3999 2216 4081 idlcirco
2248 4017 2367 4060 non
2400 4018 2508 4060 nos
2538 3999 2716 4061 debet
2760 3996 2964 4059 fallere

382 4104 477 4164 illa
526 4102 809 4171 elocutio,
870 4099 1044 4181 [iam]
1095 4110 1152 4162 et
1196 4103 1310 4161 iam
1357 4103 1593 4181 saepius
1649 4102 1762 4163 hoc
1819 4103 2225 4164 tractavimus:
2285 4102 2636 4182 plerumque
2681 4100 2966 4177 contingit

384 4216 448 4267 ut
492 4204 830 4266 nominibus
874 4211 1107 4264 utamur
1151 4222 1260 4283 pro
1306 4203 1599 4264 adverbiis
1646 4213 1704 4265 et
1745 4206 1963 4265 iterum
2008 4204 2298 4265 adverbiis
2342 4213 2576 4265 utamur
2621 4222 2729 4283 pro
2775 4203 2962 4262 nomi-

383 4308 574 4369 nibus,
666 4304 1004 4366 nominibus
1049 4308 1270 4367 utimur
1314 4323 1426 4383 pro
1472 4305 1799 4375 adverbiis,
1845 4307 1893 4366 si
1939 4305 2100 4366 dicas
2143 4308 2464 4367 ‘torvum
2512 4304 2807 4365 clamat'
2854 4322 2962 4382 pro

292 2992 353 3035 8

520 4512 556 4562 9
593 4511 673 4561 hie
707 4518 873 4560 autem
910 4511 1033 4560 dicit
1069 4525 1167 4559 nou
1200 4510 1348 4560 Bca
1391 4509 1474 4559 hie
1509 4520 1676 4560 autem
1720 4524 1818 4560 non
1858 4511 1936 4561 A:
1970 4482 2217 4574 cll-Serv.
2253 4512 2304 4559 in
2334 4511 2465 4561 Don.
2498 4526 2552 4573 p.
2593 4506 2717 4569 436,
2757 4506 2824 4557 23
2948 4555 2951 4558 ,

386 4581 452 4633 10
491 4581 719 4647 fungitur
750 4580 951 4631 articuli
989 4580 1159 4631 officio
1189 4582 1235 4629 A
1278 4579 1517 4646 inungatur
1553 4581 1722 4631 officio
1759 4579 1952 4629 articuli
1990 4582 2142 4631 BCa
2276 4582 2338 4631 14
2376 4595 2468 4631 nos
2504 4605 2572 4615 -
2596 4579 2834 4642 ponimus
2867 4593 2957 4630 om.

383 4652 450 4713 B,
480 4652 604 4707 add.
641 4651 671 4698 ὁ
848 4653 915 4702 25
955 4651 1098 4700 multi
1132 4653 1353 4714 quinque
1394 4651 1535 4699 Bac
1571 4651 1712 4701 multi
1753 4651 1928 4699 dicunt
1962 4651 2181 4713 quinque
2218 4652 2321 4701 Ac
2479 4650 2548 4700 26
2580 4648 2722 4696 multi
2760 4658 2872 4698 octo
2910 4659 2962 4696 ut

382 4722 559 4770 dicunt
593 4722 911 4786 grammatici
949 4738 1039 4775 om.
1077 4723 1141 4781 A,
1168 4721 1290 4774 add.
1332 4737 1365 4769 a
1506 4723 1572 4771 27
1607 4722 1803 4770 debetis
1839 4719 2007 4770 ABG
2039 4721 2280 4770 debemus
2316 4738 2348 4771 a
2486 4719 2552 4771 33
2584 4719 2812 4782 fortasse
2850 4719 2961 4784 lego

384 4792 485 4855 legi
525 4792 690 4856 legam
832 4790 899 4841 35
940 4793 1220 4842 coniunct‘m
1272 4791 1583 4857 praepositio
1621 4791 1668 4839 Α
1717 4788 2023 4855 praepositio
2075 4791 2359 4840 coniunctio
2396 4789 2542 4840 Bca
2684 4803 2777 4839 nos
2813 4788 2962 4838 debet

384 4861 537 4910 ABc
574 4861 719 4910 nobis
758 4860 905 4911 debet
947 4861 1026 4911 Cb
1166 4862 1232 4912 38
1267 4858 1487 4927 torvum]
1539 4863 1696 4925 Very.
1730 4859 1860 4909 Aen.
1900 4861 1988 4909 Vll
2026 4858 2129 4911 399
