3541 5564
1383 359 1855 422 COMMENTVM
2769 358 2896 423 225

2530 482 2573 522 p.
2594 471 2767 511 289-91
2798 469 2843 509 L.

311 555 543 625 tempus
572 544 942 626 personam]‚
993 552 1046 605 et
1080 548 1320 623 require
1364 565 1540 607 unam
1589 566 1714 606 rem
1761 554 1984 607 tantum
2031 547 2225 616 modo,
2279 550 2533 627 primam
2580 568 2892 629 personam

307 649 509 728 ipsius,
598 647 731 727 lego
778 650 904 727 ipsa
951 656 1038 708 est
1082 650 1272 727 prima
1315 668 1589 728 persona,
1639 656 1811 709 canto
1855 651 1985 728 ipsa
2031 657 2121 709 est
2162 652 2350 730 prima
2399 669 2671 729 persona.
2753 670 2894 729 ergo

311 749 542 826 quando
589 752 673 811 vis
717 749 980 810 iudicare
1025 749 1100 809 de
1147 758 1413 830 tempore
1446 752 1643 812 futuro
1674 751 1975 811 indicativi
2007 752 2163 812 modi
2197 753 2403 813 tertiae
2446 755 2892 832 coniugationiS,

308 853 534 931 inspice
578 854 832 931 primam
878 870 1196 931 personam
1242 860 1300 913 et
1343 853 1685 921 considera,
1746 861 1881 913 ante
1925 856 2181 933 primam
2237 873 2554 935 personam
2614 872 2766 932 quae
2822 855 2897 913 sit

260 953 519 1014 alittera.
609 955 659 1013 si
705 956 863 1015 enim
910 956 1206 1015 inveneris
1250 962 1384 1016 ante
1427 957 1618 1035 ipsam
1664 974 1984 1034 personam
2039 958 2292 1037 primam
2350 975 2503 1033 quae
2559 961 2636 1017 sil
2675 961 2894 1030 littera,

307 1064 442 1116 tunc
487 1065 658 1136 potes
701 1057 984 1126 iudicare,
1032 1056 1267 1136 quando
1311 1059 1504 1118 mittat
1548 1056 1807 1118 futurum
1856 1066 2090 1138 tempus
2134 1061 2195 1118 in
2242 1077 2366 1128 am,
2416 1059 2649 1139 quando
2694 1061 2753 1119 in
2799 1058 2895 1119 bo.

305 1166 440 1219 ante
488 1160 678 1238 ipsam
723 1160 971 1237 primam
1019 1177 1338 1238 personam
1395 1162 1456 1221 in
1514 1162 1622 1220 ista
1670 1162 2086 1238 coniugatione
2129 1160 2416 1241 producta
2456 1159 2465 1239 Ι
2505 1180 2623 1221 non
2669 1162 2896 1221 invenis

306 1261 422 1321 nisi
470 1260 619 1321 duas
663 1258 918 1331 litteraS‚
981 1279 1012 1321 e
1072 1267 1130 1321 et
1185 1263 1223 1321 i.
1314 1262 1490 1322 audio
1547 1270 1606 1322 et
1659 1281 1762 1323 eo:
1825 1262 2025 1337 audio,
2084 1265 2106 1322 i
2152 1270 2240 1323 est
2283 1269 2421 1323 ante
2466 1282 2533 1332 o;
2594 1283 2681 1335 eo,
2732 1284 2762 1324 e
2810 1271 2899 1324 est

302 1371 440 1423 ante
500 1383 553 1422 o.
647 1382 788 1442 ergo
846 1362 996 1424 duae
1053 1370 1192 1424 sunt
1247 1365 1396 1425 istae
1453 1362 1683 1426 litterae
1742 1382 1892 1442 quae
1948 1371 2198 1443 possunt
2250 1366 2505 1425 inveniri
2565 1372 2699 1425 ante
2756 1384 2791 1425 o
2837 1366 2893 1424 in

232 1481 279 1520 ιο
304 1467 479 1526 tertia
527 1465 940 1544 coniugatione
985 1464 1291 1545 producta,
1339 1467 1358 1525 i
1404 1473 1461 1526 et
1507 1485 1556 1526 e.
1619 1468 1668 1526 si
1710 1468 1731 1526 i
1778 1466 1972 1536 suerit,
2022 1483 2137 1544 quo
2181 1466 2358 1527 modo
2404 1468 2489 1526 vis
2534 1468 2713 1526 mittit
2741 1466 2893 1526 sutu-

300 1564 436 1628 rum
483 1575 736 1647 tempus,
798 1569 847 1628 si
892 1567 1111 1629 dixeris
1155 1568 1346 1638 audio,
1393 1570 1413 1628 i
1460 1575 1595 1628 ante
1642 1588 1694 1638 o,
1744 1586 1860 1646 quo
1906 1567 2084 1629 modo
2130 1571 2214 1628 vis
2258 1588 2325 1629 ac
2367 1565 2514 1629 libet
2544 1567 2650 1629 tibi
2681 1567 2895 1638 facere,

301 1677 359 1732 et
417 1669 653 1730 audiam
715 1678 772 1730 et
826 1668 1069 1737 audibo;
1130 1670 1319 1749 polio,
1381 1679 1438 1730 et
1481 1669 1698 1750 poliam
1746 1678 1806 1731 et
1848 1670 2082 1750 polibo;
2144 1672 2372 1742 nutrio,
2434 1677 2492 1731 et
2536 1671 2792 1731 nutriam
2842 1677 2900 1730 et

300 1771 566 1842 nutribo,
616 1773 750 1849 quia
798 1773 817 1830 i
862 1770 1040 1832 habet
1083 1781 1220 1833 ante
1264 1790 1318 1831 o,
1378 1774 1428 1831 si
1476 1781 1672 1833 autem
1705 1773 1724 1830 i
1754 1791 1875 1832 non
1921 1772 2137 1833 habeat
2181 1779 2317 1833 ante
2364 1792 2416 1842 o,
2465 1773 2568 1833 sed
2603 1792 2633 1831 e
2665 1772 2894 1840 habeat,

299 1874 574 1936 futurum
620 1882 854 1953 tempus
898 1875 958 1934 in
1007 1873 1082 1934 bo
1127 1876 1321 1944 mittit,
1371 1894 1515 1935 exeo
1562 1873 1765 1935 exibo:
1813 1876 2002 1935 exiam
2047 1893 2163 1934 non
2199 1874 2467 1944 dicimuS,
2513 1874 2898 1935 soloecismus

224 1986 424 2045 west:
490 1996 562 2037 eo
614 1994 742 2037 eam
801 1993 918 2036 non
978 1977 1243 2037 dicimus.
1334 1977 1606 2046 viderint,
1669 1977 1807 2054 quid
1864 1983 2137 2037 auctores
2192 1976 2467 2037 habeant.
2557 1978 2679 2037 scio
2739 1978 2895 2038 enim

297 2079 441 2159 quid
489 2080 680 2158 possit
724 2078 840 2138 diei
887 2086 1091 2139 contra
1138 2080 1307 2139 istam
1354 2078 1637 2157 regulam.
1725 2086 1919 2141 tamen
1967 2088 2031 2140 tu
2076 2078 2190 2139 hoc
2236 2098 2403 2140 serva
2447 2079 2689 2156 liquide.
2755 2096 2898 2156 ergo

295 2181 430 2242 vide
479 2180 621 2259 quid
657 2180 812 2241 dicit.
885 2184 1415 2258 quotienscumque
1446 2184 1530 2241 vis
1561 2183 1733 2249 scire,
1783 2199 1960 2258 quem
1992 2180 2063 2241 ad
2096 2181 2336 2241 modum
2369 2183 2628 2243 futurum
2662 2189 2899 2260 tempus

297 2286 494 2344 mittat
541 2284 712 2343 tertia
758 2285 1096 2362 coniugatio
1141 2283 1448 2363 producta,
1498 2284 1626 2344 redi
1671 2282 1757 2343 ad·
1777 2285 2026 2363 primam
2060 2302 2377 2364 personam
2408 2283 2706 2344 indicativi
2737 2283 2899 2343 modi

295 2395 354 2447 et
412 2403 670 2464 quaere,
729 2403 902 2463 quam
959 2384 1216 2447 litteram
1272 2394 1408 2447 ante
1455 2406 1519 2447 se
1570 2386 1803 2448 habeat.
1895 2405 2014 2447 non
2071 2393 2265 2466 potest
2321 2384 2542 2447 habere
2590 2387 2705 2446 nisi
2751 2384 2897 2446 duas

220 2488 560 2557 aolitteraS,
629 2489 648 2546 i
707 2496 765 2548 et
822 2507 871 2547 e.
962 2490 1012 2548 si
1068 2490 1088 2548 i
1143 2487 1457 2557 habuerit,
1512 2489 1687 2549 audio
1745 2479 2010 2549 futurum
2067 2496 2302 2567 tempus
2360 2489 2498 2548 iacit
2551 2486 2779 2548 audiam
2839 2494 2897 2546 et

293 2590 550 2659 audibo;
597 2591 645 2649 si
693 2610 724 2649 e
770 2589 1041 2651 habuerit
1085 2599 1220 2653 ante
1252 2610 1305 2661 o,
1355 2591 1446 2651 sac
1490 2592 1749 2651 futurum
1798 2599 2030 2672 tempus
2076 2610 2145 2651 eo
2193 2590 2310 2659 ibo,
2349 2590 2718 2677 exeoqexibo,
2769 2597 2892 2650 tan-

293 2700 418 2753 tum
466 2693 532 2753 in
578 2691 655 2751 bo
702 2693 894 2752 mittit.
939 2695 948 2764 Ι
987 2692 1141 2753 sorte
1189 2692 1375 2753 dieas:
1424 2694 1580 2754 unde
1625 2693 1739 2754 hoc
1785 2693 2261 2774 conprobamus?
2322 2692 2504 2754 habes
2534 2693 2689 2754 hanc
2720 2710 2895 2770 regu-

287 2796 412 2856 lam
475 2797 763 2874 scriptam
818 2797 879 2855 in
937 2793 1164 2865 Probo,
1223 2796 1326 2856 sed
1382 2798 1487 2866 sic,
1550 2805 1614 2857 ut
1670 2807 1856 2858 artem
1915 2797 2091 2877 plane
2139 2804 2375 2858 secutus
2419 2805 2587 2857 esset.
2680 2803 2738 2856 et
2782 2797 2895 2856 hoe

290 2900 496 2978 ipsum
548 2897 704 2957 unde
748 2896 1004 2976 probas?
1049 2897 1184 2958 audi
1217 2896 1550 2977 exemplum
1585 2918 1764 2960 unum
1799 2900 1872 2960 de
1898 2898 2154 2978 Vergilio
2188 2908 2245 2978 et
2276 2917 2459 2960 unum
2492 2898 2565 2959 de
2590 2899 2891 2958 Terentio.

211 3001 591 3061 eshabemus
635 3001 697 3059 in
742 2999 1000 3077 Vergilio

610 3100 898 3162 audiam
945 3107 1014 3161 et
1059 3100 1241 3163 baec
1287 3122 1536 3165 manes
1583 3105 1829 3165 veniet
1874 3102 2049 3164 mihi
2096 3103 2278 3165 fama
2326 3102 2458 3164 sub
2503 3105 2722 3172 imos;

287 3206 536 3266 audiam
595 3205 703 3273 ait,
764 3221 902 3264 ecce
959 3205 1019 3263 in
1079 3223 1170 3264 am
1231 3207 1408 3265 misit.
1498 3207 1813 3267 Terentius
1868 3209 1947 3269 ait
1992 3207 2289 3266 ‘matris
2346 3205 2643 3267 servibo
2700 3225 2895 3266 com-

289 3289 608 3370 modis&
658 3304 757 3366 ille
803 3308 862 3366 in
906 3306 983 3366 bo
1030 3308 1205 3367 misit.
1299 3326 1438 3367 ecce
1483 3306 1582 3368 ille
1628 3310 1685 3368 in
1735 3328 1828 3368 am
1875 3297 2063 3378 misit!
2125 3307 2223 3368 ille
2268 3310 2329 3368 in
2376 3308 2480 3377 bo;
2540 3316 2598 3368 et
2642 3316 2896 3385 utraque

281 3412 470 3470 tertia
523 3416 615 3470 cst
658 3410 992 3486 coniugatio
1038 3408 1345 3489 producta,
1392 3420 1527 3469 ante
1574 3429 1607 3469 o
1653 3411 1670 3468 i
1716 3409 1925 3480 habet,
1974 3417 2113 3489 puta
2160 3410 2331 3471 audio
2378 3409 2641 3480 audiam,
2701 3412 2895 3471 servio

207 3512 558 3573 aeservibo.
653 3512 703 3571 si
758 3514 820 3572 in
879 3529 971 3572 am
1029 3513 1318 3581 mitteret,
1391 3513 1476 3573 sic
1534 3510 1930 3573 debueramus
1987 3512 2186 3573 dicere
2243 3515 2521 3588 serviam,
2590 3530 2764 3590 quem
2822 3512 2891 3572 ad

285 3615 541 3675 modum
590 3614 855 3681 audiam;
903 3615 952 3673 si
997 3614 1059 3672 in
1107 3612 1181 3674 bo
1228 3615 1518 3685 mitteret,
1568 3615 1653 3675 sic
1700 3613 2097 3675 debueramus
2155 3614 2354 3675 dicere
2413 3612 2657 3684 audibo,
2718 3632 2894 3692 quem

285 3719 359 3778 ad
411 3716 665 3778 modum
712 3715 965 3776 servibo.
1030 3716 1136 3776 sed
1182 3717 1291 3776 iste
1337 3734 1512 3776 unam
1547 3722 1773 3796 partem
1806 3719 2019 3796 posuit,
2067 3716 2165 3777 ille
2198 3736 2395 3777 uuam.
2458 3716 2613 3778 unde
2648 3724 2896 3797 apparet

285 3822 581 3898 quoniam
629 3824 947 3898 utrumque
995 3818 1266 3878 dicimus,
1338 3821 1389 3878 si
1436 3820 1455 3878 i
1499 3818 1777 3881 habuerit
1821 3827 1956 3880 ante
2002 3839 2055 3891 o,
2104 3837 2219 3897 quo
2264 3819 2441 3879 modo
2485 3821 2572 3879 vis
2619 3819 2709 3878 fac
2741 3818 2893 3879 sutu-

283 3942 424 3984 rum
475 3928 737 3999 tempus,
788 3927 845 3980 et
890 3920 1122 3981 audiam
1170 3927 1228 3980 et
1271 3920 1518 3989 audibo;
1576 3922 1625 3981 si
1673 3940 1704 3982 e
1750 3920 2025 3982 habuerit
2069 3929 2204 3982 ante
2252 3940 2305 3992 o,
2353 3921 2616 3981 futurum
2661 3928 2894 3999 tempus

430 4092 467 4144 3
517 4091 687 4141 futuro
725 4092 776 4140 in
821 4091 1097 4141 indicatiuo
1134 4091 1283 4140 modo
1325 4092 1428 4141 BC
1569 4093 1950 4157 coniugationis
1998 4094 2066 4141 ita
2100 4094 2233 4142 circa
2271 4093 2469 4142 tertiam
2508 4106 2775 4156 personam
2817 4092 2892 4139 in·

281 4165 432 4228 spice
473 4163 698 4228 primam
735 4176 1000 4227 personam
1042 4165 1306 4224 expunctis
1341 4177 1386 4211 υ.
1429 4163 1497 4210 ita
1535 4165 1669 4212 circa
1704 4164 1909 4234 tertiam·
1938 4177 2210 4229 personam
2244 4162 2292 4210 A
2396 4163 2428 4212 ὃ
2465 4178 2593 4225 quae
2631 4161 2697 4209 sit
2731 4162 2893 4210 littera

275 4236 585 4300 posteriore
616 4235 725 4283 Ioco
760 4246 853 4284 om.
897 4231 1061 4282 ABG
1196 4232 1230 4283 9
1264 4233 1482 4280 inueniri
1524 4232 1618 4282 Ba
1658 4233 1888 4282 inuenire
1927 4233 2067 4283 AGb
2212 4234 2273 4284 12
2306 4231 2442 4296 polio
2484 4232 2670 4296 poliam
2705 4231 2755 4280 A

285 4305 467 4354 nutrio
511 4302 734 4351 nutriam
774 4302 820 4349 A
940 4302 1005 4353 14
1036 4316 1215 4352 exeam
1253 4317 1350 4351 nou
1380 4302 1594 4352 dicimus
1637 4299 1755 4352 Ga*
1788 4318 1884 4351 non
1927 4302 2142 4352 dicimus
2181 4302 2345 4351 exiam
2384 4303 2432 4352 B
2470 4303 2637 4350 exiam
2675 4302 2749 4349 A:
2794 4316 2889 4350 uon

279 4375 517 4424 dicimus
554 4388 646 4422 om.
687 4372 765 4434 A,
802 4371 924 4421 add.
957 4389 990 4421 a
1167 4372 1234 4422 15
1264 4388 1323 4421 eo
1364 4387 1474 4421 eam
1511 4372 1655 4422 BCa
1693 4388 1751 4421 eo
1792 4382 1840 4421 et
1877 4388 1987 4421 eam
2017 4374 2099 4424 Α.·
2130 4374 2360 4434 fortasse
2407 4387 2484 4421 eo·
2510 4373 2612 4432 ibo,
2654 4371 2749 4419 iam
2791 4386 2890 4420 non

281 4445 518 4494 dicimus
703 4441 766 4492 16
804 4441 994 4504 liquide
1034 4441 1211 4491 Bca*
1252 4441 1380 4490 illud
1417 4441 1510 4491 A?
1690 4444 1751 4493 17
1793 4444 2241 4507 quotienscumque
2279 4444 2354 4494 Cb
2394 4442 2628 4505 quotiens
2667 4456 2726 4489 ea
2764 4456 2891 4505 quae

280 4516 401 4565 AB
557 4511 626 4563 23
663 4513 714 4560 in
754 4509 938 4578 Probo]
987 4514 1143 4565 instit.
1175 4519 1275 4562 art.
1302 4527 1357 4574 p.
1393 4512 1512 4573 180,
1547 4513 1580 4562 4
1721 4514 1813 4562 sed
1850 4513 1981 4562 sicut
2016 4513 2066 4562 A
2102 4515 2193 4562 sed
2228 4514 2307 4566 si.
2338 4554 2350 4566 .
2378 4554 2389 4565 .
2432 4512 2474 4558 Β
2512 4512 2603 4561 sed
2640 4512 2684 4562 si
2719 4511 2760 4560 C

280 4585 444 4651 plane
487 4580 564 4632 a*
603 4581 751 4646 plene
790 4582 950 4632 ABG
1087 4581 1155 4633 26
1193 4579 1419 4646 audiam]
1471 4583 1626 4645 Verq.
1667 4581 1798 4632 Aen.
1844 4583 1935 4631 llll
1973 4581 2075 4633 387
2218 4585 2385 4631 ueniet
2423 4582 2531 4631 AB
2576 4583 2747 4630 ueniat
2777 4578 2890 4630 Ga*

434 4653 612 4703 famas
650 4652 742 4701 sub
775 4653 826 4702 B
967 4654 1031 4702 27
1069 4649 1354 4716 Terentius]
1394 4651 1521 4702 Hec.
1554 4652 1616 4700 ΙΙΙ
1649 4654 1698 4712 5,
1729 4654 1796 4702 45
1903 4652 2079 4702 matris
2115 4653 2283 4702 ABC
2314 4653 2461 4701 matri
2499 4667 2532 4700 a
2673 4651 2740 4700 29
2770 4665 2891 4699 cou-

283 4726 492 4790 iugaiio
524 4722 787 4789 producta·
808 4723 948 4773 BCa
986 4723 1277 4789 coniugatio
1317 4722 1408 4773 sed
1447 4722 1689 4787 producta
1723 4723 1770 4771 A
1915 4721 1981 4773 30
2015 4722 2088 4770 sic
2124 4723 2459 4772 debueramus
2490 4721 2655 4771 dicere
2687 4720 2891 4769 audiam

281 4797 361 4846 sic
404 4795 761 4843 debueramus
798 4793 966 4842 dicere
1002 4795 1218 4843 seruiam
1257 4793 1298 4843 si
1332 4793 1382 4840 in
1422 4793 1483 4842 bo
1523 4791 1690 4842 ABG
1828 4791 1895 4842 33
1938 4793 2191 4854 quomodo
2231 4794 2311 4842 uis
2353 4794 2428 4844 sic
2466 4791 2544 4841 fac
2584 4790 2805 4840 futurum
2844 4791 2892 4841 B

281 4864 563 4931 quomodo
594 4864 674 4914 uis
713 4864 786 4913 sie
825 4862 1049 4913 futurum
1089 4871 1167 4915 est
1203 4864 1243 4916 C
2266 4849 2295 4883 ⁸

391 4953 765 5000 unanimum
792 4954 976 4996 mrim
1001 4955 1057 4997 ν.
2413 4946 2489 5010 15
