3541 5564
633 358 762 422 300
1778 359 2083 423 POMPEn

687 480 729 521 p.
755 469 844 508 453.
871 471 922 510 54
949 466 992 508 L.

1601 563 1695 625 DE
1741 562 2259 625 SCHEMATIBVS

805 684 1058 746 Schema
1113 685 1333 745 dicitur
1386 672 1587 762 figura.
1676 684 1790 744 hoc
1845 690 2038 745 autem
2097 684 2335 746 schema
2394 685 2459 745 fit
2511 693 2611 745 aut
2664 685 2724 743 in
2779 703 2955 744 sensu
3009 690 3109 743 aut
3150 685 3211 744 in

634 786 847 848 verbiS.
909 788 1207 849 schemata
1253 804 1404 864 quae
1449 786 1597 848 fiunt
1640 788 1701 847 in
1747 786 2019 848 sensibus
2063 787 2135 847 ad
2182 795 2451 848 oratores
2494 788 2821 867 pertinent,
2870 804 3023 863 quae
3066 786 3214 847 fiunt

633 891 694 950 in
743 890 936 951 verbis
981 890 1053 951 ad
1097 890 1511 968 grammaticos
1556 890 1873 969 pertinent.
1951 889 2189 950 schema
2235 898 2429 950 autem
2480 888 2636 967 quod
2681 889 2746 948 fit
2787 889 2846 947 in
2895 906 3075 948 sensu
3121 887 3212 948 vel

634 993 695 1051 in
742 991 939 1055 verbis
983 993 1094 1053 liac
1137 995 1368 1054 ratione
1412 991 1789 1054 discernitur.
1848 991 2032 1052 hahes
2061 994 2123 1052 in
2154 992 2411 1071 Vergilio
2443 1001 2788 1069 utrumque,
2839 998 2897 1050 et
2938 992 3000 1049 in
3031 1009 3208 1051 sensu
3238 1006 3267 1045 5

634 1095 852 1157 factum
896 1094 1136 1156 schema
1185 1103 1244 1155 et
1285 1096 1345 1155 in
1393 1089 1607 1156 ver‘bis.
1697 1096 1758 1155 in
1804 1112 1981 1155 sensu
2025 1094 2211 1155 habes
2255 1093 2357 1154 illo
2401 1093 2564 1169 loco,
3264 1081 3269 1087 ⁴

938 1197 1113 1275 quid
1160 1216 1548 1259 memorem
1593 1196 1938 1258 infandas
1983 1196 2277 1267 caedeS,
2326 1196 2495 1277 quid
2542 1197 2735 1258 facta
2779 1199 3083 1278 tyranni

939 1301 1210 1362 effera?

939 1410 1220 1464 mortua
1267 1404 1437 1482 quin
1485 1404 1704 1464 etiam
1751 1401 2116 1480 iungebat
2160 1420 2479 1481 corpora
2525 1403 2739 1472 viviS,

939 1524 1377 1586 conponens
1420 1505 1913 1582 manibusque
1960 1523 2214 1564 manus
2259 1511 2482 1582 atque
2527 1503 2784 1565 oribus
2829 1521 2972 1564 ora.
3241 1517 3295 1555 10

639 1607 1042 1690 [conponens]
1100 1607 1213 1668 hoc
1268 1606 1508 1668 schema
1553 1609 1614 1668 in
1658 1604 1928 1667 sensibus
1972 1608 2365 1668 constituitur.
2456 1607 2595 1688 quid
2642 1614 2727 1668 est
2773 1608 2927 1668 enim
2974 1607 3213 1668 schema

635 1715 881 1773 sensus?
925 1710 984 1771 id
1030 1719 1144 1781 est,
1193 1709 1427 1788 quando
1459 1708 1710 1770 dicimus
1741 1728 1850 1770 nos
1886 1709 2043 1771 nolle
2087 1708 2311 1788 aliquid
2354 1710 2553 1770 dicere
2600 1717 2659 1769 et
2702 1716 2897 1770 tamen
2943 1708 3211 1779 dicimus,

639 1812 809 1894 [quid
854 1832 1180 1874 memorem
1224 1812 1497 1874 infandas
1539 1812 1785 1883 caedeS,
1833 1812 1976 1892 quid
2006 1814 2158 1873 sacta
2188 1813 2423 1891 tyranni
2468 1812 2644 1872 ell'era
2662 1811 2713 1891 ?]
2759 1819 2827 1871 ut
2869 1810 3008 1891 quid
3053 1831 3213 1872 com-

636 1934 962 1978 memorem
1019 1915 1176 1977 illius
1220 1915 1456 1985 caedeS,
1505 1914 1644 1992 quid
1688 1917 1842 1976 facta
1888 1915 2105 1975 effera?
2174 1932 2430 1992 namque
2483 1913 2764 1993 iungebat
2808 1920 3037 1975 mortua
3083 1932 3215 1974 cor-

634 2038 782 2099 pora
848 2019 991 2079 vivis
1055 2016 1411 2078 hominibus
1504 2024 1824 2095 negaverat
1887 2035 1951 2077 se
2019 2016 2218 2078 dicere
2285 2027 2344 2076 et
2399 2016 2544 2077 dixit
2600 2024 2812 2077 tamen.
2905 2035 3044 2077 ecce
3100 2016 3215 2078 hoc
3244 2031 3297 2071 ιτ»

635 2120 872 2183 schema
938 2122 999 2182 in
1057 2138 1235 2181 sensu
1293 2128 1408 2190 est,
1467 2122 1661 2182 ‘nam
1717 2119 1843 2180 illa
1904 2120 2124 2180 nimis
2179 2120 2482 2198 antiqua
2537 2125 2962 2197 praetereo,
3023 2118 3214 2195 quod

637 2224 1002 2285 Servilius
1056 2218 1340 2302 Ahala}
1403 2223 1745 2309 Spurium
1819 2220 2158 2283 Maelium
2226 2223 2436 2281 novis
2501 2219 2727 2281 rebus
2791 2220 3215 2282 studentem

636 2344 844 2387 manu
906 2345 1030 2403 sua
1099 2325 1447 2385 occidit’:
1516 2323 1616 2383 illa
1672 2325 1910 2404 quidem
1969 2325 2210 2401 antiqua
2266 2330 2603 2400 praetereo,
2663 2331 2721 2384 et
2777 2322 2962 2384 nihilo
3020 2325 3215 2384 minus

638 2427 799 2489 dixit.
887 2426 1001 2488 hoc
1054 2426 1292 2488 schema
1346 2429 1406 2487 in
1461 2445 1641 2487 seusu
1688 2435 1809 2496 est,
1867 2426 1981 2486 hoc
2025 2425 2098 2487 ad
2144 2433 2410 2486 oratores
2453 2427 2725 2505 pertinet.
2816 2424 2972 2505 quod
3018 2433 3213 2486 autem

637 2529 708 2590 ad
753 2531 1168 2608 grammaticos
1211 2531 1497 2610 pertinet,
1545 2527 1659 2588 hoc
1706 2537 1822 2598 est,
3242 2541 3296 2581 20

940 2633 1356 2709 Troiugena
1402 2633 1788 2710 interpres
1833 2630 2099 2700 divum,
2148 2632 2275 2709 qui
2320 2631 2611 2691 numina
2656 2629 2957 2717 Phoebi,

941 2736 1064 2815 qui
1111 2732 1478 2814 tripodaS,
1529 2731 1726 2796 Clari
1774 2733 2063 2802 laurus,
2112 2734 2230 2814 qui
2275 2732 2517 2794 sidera
2563 2733 2823 2794 sentis,

637 2856 778 2900 ecce
823 2857 941 2898 uno
987 2835 1168 2899 verbo
1214 2837 1398 2897 sentis
1443 2835 1733 2898 conclusit
1775 2836 1872 2897 illa
1919 2837 2113 2897 omnia
2159 2837 2499 2916 superiora,
2558 2837 2657 2916 qui
2703 2837 2945 2898 numina
2987 2834 3217 2897 Phoebi

636 2942 848 3011 sentiS,
918 2942 1021 3020 qui
1075 2939 1369 3020 tripodas,
1429 2938 1583 2999 Clari
1639 2938 1869 3006 laurus:
1941 2959 2013 2999 en
2073 2957 2190 2998 uno
2249 2937 2426 2998 verbo
2481 2938 2554 2999 ad
2621 2947 2832 2999 cuncta
2887 2940 3213 3019 respondit.

638 3062 776 3104 ecce
821 3043 936 3104 hoc
979 3042 1110 3103 loco
1157 3061 1274 3103 non
1323 3050 1410 3102 est
1450 3059 1689 3111 sensus,
1745 3041 1849 3102 sed
1898 3040 2060 3101 verbi
2103 3041 2478 3119 significatio,
2537 3041 2693 3120 quod
2738 3040 2982 3101 verbum
3027 3041 3216 3101 refer·
3244 3057 3297 3097 25

638 3154 734 3206 tur
779 3146 852 3207 ad
896 3143 1247 3213 clausulam,
1295 3144 1368 3204 ad
1415 3136 1732 3224 superiora‘
1768 3150 2075 3204 commata.
2139 3160 2282 3220 ergo
2326 3162 2500 3203 omne
2532 3143 2768 3204 schema
2800 3152 2902 3204 aut
2943 3145 3004 3203 in
3037 3162 3216 3205 sensu

637 3247 701 3308 fit
745 3255 846 3308 aut
888 3248 949 3307 in
994 3244 1221 3313 verbis;
1251 3271 1254 3272 ⁷
1283 3247 1388 3306 sed
1434 3264 1583 3325 quae
1640 3247 1787 3305 fiunt
1840 3247 1901 3305 in
1946 3244 2218 3307 sensibus
2262 3245 2333 3307 ad
2379 3253 2647 3306 oratores
2691 3247 3017 3324 pertinent,
3065 3266 3218 3326 quae

637 3351 785 3411 liunt
826 3350 888 3408 in
934 3347 1128 3409 verbis
1173 3348 1246 3408 ad
1291 3349 1704 3425 grammaticos
1748 3350 2067 3426 pertinent.
2145 3347 2244 3409 illa
2292 3366 2441 3426 quae
2486 3350 2629 3409 fiunt
2671 3349 2733 3407 in
2779 3347 3049 3409 sensibus
3093 3348 3215 3409 dia-

637 3470 822 3513 noeae
877 3450 1180 3530 dicuntur,
1240 3466 1390 3526 quae
1444 3450 1592 3510 fiunt
1647 3451 1708 3508 in
1767 3448 1962 3510 verbis
2019 3450 2294 3511 dicuntur
2348 3451 2567 3512 lexeoS.
2661 3467 2810 3528 quae
2857 3469 2991 3510 cum
3037 3448 3215 3511 multa

636 3554 780 3622 sint,
839 3561 897 3614 et
948 3572 1016 3613 re
1072 3570 1208 3612 vera
1265 3557 1386 3611 tres
1440 3550 1578 3612 libri
1636 3559 1778 3612 sunt
1820 3553 2213 3630 ingentissimi
2260 3553 2334 3613 de
2378 3553 2488 3615 hac
2531 3573 2627 3622 re,
2675 3553 2915 3614 interim
2961 3552 3215 3632 exempli
3244 3569 3299 3609 ao

636 3675 814 3717 causa
870 3655 1019 3740 haec
1072 3645 1581 3731 frequentissima
1610 3661 1774 3723 sunt,
1838 3671 1988 3732 quae
2046 3654 2328 3716 dicemus
2417 3662 2554 3715 sunt
2621 3662 2819 3716 autem
2876 3652 3023 3715 haec
3085 3656 3219 3734 ipsa

635 3757 840 3818 decem
897 3764 955 3817 et
1011 3763 1268 3836 septem,
1337 3754 1706 3841 prolempsis·
1750 3774 1993 3835 zeugma
2047 3757 2408 3836 hypozeuxis
2474 3757 2804 3838 syllempsis
2858 3756 3219 3837 anadiplosis

636 3858 937 3939 anaphora
993 3857 1421 3937 epanalempsis
1477 3859 1777 3938 epizeuxis
1841 3862 2281 3939 paronomasia,
2353 3860 2576 3922 schesis
2631 3866 2979 3929 onomaton,
3040 3877 3217 3938 paro-

636 3979 849 4048 moeon
921 3960 1440 4022 homoeoteleuton
1514 3959 1979 4040 homoeoptoton
2053 3962 2399 4043 polyptoton
2482 3961 2705 4022 hirmos
2790 3960 3216 4042 polysyndeton

636 4063 912 4145 dialyton.
3245 4081 3298 4123 35

775 4236 806 4283 7
846 4235 969 4300 quid
1007 4231 1303 4301 memorem]
1353 4235 1508 4299 Very.
1541 4234 1672 4287 Aen.
1713 4234 1965 4287 v111483
2072 4235 2187 4284 iacti
2223 4236 2265 4285 C
2401 4235 2466 4285 13
2504 4235 2624 4297 quid
2665 4235 2780 4283 facti
2820 4235 2863 4285 0
3000 4249 3220 4284 comme-

637 4321 829 4355 morem
868 4305 1005 4354 illius
1040 4305 1090 4354 Ρ
1122 4319 1459 4355 commemoro
1498 4304 1632 4355 illius
1669 4303 1826 4354 BOS
2000 4307 2065 4357 14
2114 4321 2331 4368 namque
2389 4306 2628 4370 iungebat
2672 4320 2886 4370 corpora
2936 4320 2966 4354 c
3018 4305 3219 4368 iamque

636 4376 881 4442 iungebat
917 4390 1131 4441 corpora
1169 4373 1217 4422 B
1230 4377 1272 4427 0
1302 4376 1502 4438 iamque
1542 4384 1738 4424 mortua
1777 4376 2021 4441 iungebat
2058 4390 2269 4440 corpora
2304 4377 2346 4426 S
2382 4391 2497 4423 nam
2537 4375 2782 4440 iungebat
2817 4389 3033 4440 corpora
3070 4375 3120 4423 P

641 4448 705 4498 16
740 4461 855 4496 nam
885 4446 970 4494 illa
1007 4445 1156 4495 nimis
1195 4445 1353 4495 BSP
1387 4460 1502 4494 nam
1541 4446 1690 4495 nimis
1734 4445 1822 4494 illa
1862 4446 1928 4495 C:
1968 4447 2072 4499 Cic.
2114 4448 2164 4494 in
2202 4446 2348 4495 Catil.
2386 4446 2402 4492 1
2443 4446 2488 4504 l,
2523 4445 2555 4492 2
2698 4459 2927 4508 quaeque
2974 4444 3219 4494 seruilius

635 4517 752 4566 hala
783 4517 1012 4581 spurium
1050 4515 1285 4565 maelium
1311 4515 1362 4565 B
1384 4531 1646 4581 quaequae
1676 4516 1916 4566 seruilius
1948 4516 2094 4566 halas
2124 4517 2331 4580 spurius
2360 4516 2557 4564 milium
2594 4515 2824 4576 (melium
2849 4515 2898 4572 c)
2923 4516 2966 4566 0
2988 4529 3219 4578 quaeque

639 4586 879 4636 seruilius
916 4584 1072 4634 halas
1118 4586 1318 4650 purium
1366 4587 1570 4635 melium
1608 4584 1649 4634 S
1683 4601 1865 4649 quaeq,
1905 4586 2169 4636 seruilium
2209 4586 2333 4638 alas,
2375 4587 2594 4650 purium.
2634 4584 2819 4634 aelium
2850 4586 2896 4634 P
3000 4585 3065 4635 21
3095 4584 3220 4633 Tro-

637 4654 846 4721 iugena]
895 4657 1051 4720 Very.
1093 4654 1223 4709 Aen.
1267 4658 1335 4706 lll
1372 4657 1475 4709 359
1614 4657 1682 4704 22
1713 4656 1885 4706 laurus
1924 4657 2084 4706 BSP
2121 4657 2288 4705 lauros
2314 4655 2357 4704 0
2494 4655 2675 4704 sedera
2715 4654 2815 4704 GP
2954 4657 3023 4703 24
3058 4655 3219 4704 sentis

630 4727 915 4791 posteriore
950 4728 1058 4778 loco
1092 4742 1186 4778 om.
1227 4727 1268 4777 0
1404 4727 1575 4776 laurus
1610 4725 1715 4775 BS
1751 4727 1923 4777 lauros
1964 4728 2061 4778 GP
2197 4726 2264 4776 28
2293 4725 2379 4774 illa
2409 4740 2539 4787 quae
2573 4741 2601 4774 c
2637 4725 2757 4774 illae
2787 4740 2918 4786 quae
2941 4724 3097 4775 BOS
3132 4724 3219 4772 illa

638 4804 860 4846 scemata
896 4811 1025 4858 quae
1060 4797 1110 4844 P
1245 4797 1313 4848 29
1359 4811 1487 4860 quae
1535 4813 1646 4846 cum
1695 4796 1855 4846 multa
1904 4798 2006 4846 sint
2044 4795 2186 4860 (sunt
2230 4811 2368 4850 corr.
2411 4796 2511 4846 sint
2549 4796 2612 4854 0)
2650 4793 2910 4846 schemata
2946 4803 2993 4844 et
3040 4807 3222 4846 reuera

641 4865 795 4919 BOS
829 4881 958 4930 quae
989 4881 1101 4917 cum
1136 4866 1290 4918 multa
1330 4875 1378 4916 et
1415 4883 1467 4914 re
1500 4882 1621 4915 uera
1651 4866 1696 4914 Ρ
