3541 5564
621 345 708 411 50
1740 347 2088 412 CLEDONll

674 472 713 511 p.
743 460 856 499 1906.
880 460 930 498 07
959 457 1003 497 l’.

625 558 789 598 meus
857 546 991 598 tuus
1056 557 1212 599 suus.
1260 573 1341 580 —
1391 536 1551 598 llle:
1611 536 1710 597 ille
1779 557 1912 598 cum
1970 538 2252 607 dicimus,
2315 559 2430 599 uon
2489 558 2908 619 usquequaque
2974 539 3202 599 finitum

623 648 740 709 est,
788 640 890 700 sed
938 649 1079 702 tunc
1124 641 1380 709 finitum,
1428 658 1563 700 cum
1609 640 1680 700 ad
1727 649 2101 720 praesentem
2148 641 2422 719 dirigitur
2454 640 2741 711 elocutio;
2790 660 2928 702 cum
2959 660 3099 700 vero
3132 640 3204 700 de

622 743 866 803 absente
910 742 1117 803 relatio
1174 750 1291 809 est,
1350 743 1563 802 infiniti
1619 744 1879 822 speciem
1937 742 2156 803 babere
2213 745 2587 821 cognoscitur
2644 742 2732 803 vel
2790 744 2985 803 minus
3030 760 3205 820 quam

386 855 504 916 379,
532 855 597 902 30
621 846 765 906 finiti
823 854 898 920 -’-,
952 845 1440 906 Subiunctiva
1504 851 1578 904 ut
1641 848 1794 922 qui:
1864 843 2229 906 subiunctiva
2289 847 2392 924 qui
2448 846 2523 920 is,
2584 847 2743 925 ‘ipse
2802 853 2892 905 est
2945 843 3044 904 ille
3105 846 3206 924 qui

620 948 912 1027 scripsit'‚
971 948 1107 1026 ‘qui
1153 945 1298 1006 illud
1353 946 1519 1016 fecit,
1567 947 1617 1006 is
1657 948 1831 1006 etiarn
1880 946 2046 1006 hoc’.
2124 949 2175 1007 is
2221 947 2293 1006 ad
2339 954 2534 1008 certas
2577 965 2863 1027 personas
2910 945 3202 1024 dirigitur,
3231 964 3255 1003 5

529 1059 594 1107 ‘29
619 1051 749 1127 quis
794 1048 865 1111 ad
911 1050 1186 1109 incertas
1232 1081 1316 1092 —
1359 1048 1551 1109 Minus
1595 1066 1769 1126 quam
1817 1049 1978 1110 finita
2022 1056 2160 1109 sunt
2215 1066 2365 1126 quae
2410 1068 2518 1110 nec
2563 1051 2724 1109 finita
2771 1057 2907 1110 sunt
2963 1067 3073 1108 nec
3117 1050 3206 1107 in-

622 1153 798 1213 finita.
875 1169 1009 1213 nam
1056 1152 1167 1210 iste
1215 1158 1272 1210 et
1326 1152 1454 1229 ipse
1513 1157 1571 1211 et
1616 1150 1689 1211 de
1734 1150 2149 1229 praesentibus
2193 1150 2442 1211 dicimus
2488 1159 2544 1211 et
2602 1151 2674 1211 de
2719 1149 3081 1212 absentibus.
3130 1184 3208 1193 —

531 1263 594 1311 27
623 1254 811 1313 Finita
858 1260 996 1313 sunt
1040 1251 1366 1312 secundum
1414 1253 1739 1313 finitionem
1786 1271 2106 1332 personae,
2156 1262 2220 1312 ut
2265 1255 2346 1313 ait
2388 1253 2642 1322 Plinius,
2690 1254 2914 1314 infinita
2959 1271 3208 1331 genera·

623 1355 786 1426 liter,
837 1374 906 1414 eo
952 1352 1109 1432 quod
1156 1354 1408 1433 plurima
1454 1357 1606 1425 sint,
1667 1364 1732 1415 ut
1789 1356 1938 1434 quis,
1996 1373 2103 1433 per
2160 1372 2364 1414 omnes
2423 1356 2579 1415 enirn
2625 1357 2855 1433 species
2902 1355 3208 1414 nominum

624 1458 834 1527 currit,
893 1464 957 1517 ut
999 1458 1129 1535 quis
1173 1456 1380 1526 homo,
1441 1458 1569 1534 quis
1616 1473 1831 1534 equus,
1891 1458 2023 1536 quis
2067 1456 2284 1527 codex,
2338 1457 2346 1538 Ι
2387 1459 2518 1535 quis
2563 1456 2743 1517 color.
2791 1458 2985 1516 minus
3030 1474 3205 1534 quam
3234 1476 3278 1513 ιο

625 1560 785 1619 [inita
832 1558 1109 1618 dicuntur
1154 1577 1305 1637 quae
1338 1577 1455 1618 non
1490 1560 1825 1637 significant
1856 1558 2009 1636 quod
2044 1568 2130 1618 est
2160 1568 2409 1620 eertum.
2469 1561 2738 1620 referunt
2770 1560 2926 1618 enim
2961 1557 3208 1617 eandem

622 1679 969 1740 personam,
1005 1661 1079 1720 de
1110 1679 1224 1739 qua
1257 1667 1391 1721 ante
1423 1659 1656 1721 locutus
1704 1668 1825 1731 est,
1863 1668 1921 1721 et
1957 1680 2084 1720 eam
2130 1669 2505 1739 praesentem
2537 1680 2657 1721 non
2692 1680 2822 1722 esse
2853 1660 3206 1737 significant.

624 1800 701 1807 —-
726 1765 920 1825 Minus
950 1781 1124 1842 quam
1153 1763 1311 1823 finita
1337 1765 1692 1842 pronomina
1723 1765 1967 1844 proprIe
1991 1773 2129 1823 sunt
2154 1780 2304 1840 quae
2336 1764 2960 1824 commemorationem
2989 1762 3211 1822 faciunt

624 1885 827 1927 earum
859 1883 1278 1945 personarum,
1327 1865 1401 1925 de
1432 1864 1647 1944 quibus
1692 1867 1808 1926 iam
1841 1864 2017 1925 locuti
2048 1884 2270 1925 sumuS.
2305 1899 2386 1909 —
2418 1864 2648 1926 Probus
2679 1873 2954 1945 quattuor
2984 1865 3210 1944 speeies

623 1969 760 2028 l’ecit
805 1976 1026 2028 tantum
1074 1975 1132 2026 et
1172 1968 1315 2045 ipsis
1359 1968 1555 2027 omnia
1595 1969 1946 2046 pronomina
1991 1969 2255 2046 inposuit
2284 1966 2447 2036 xxt3
2496 1968 2598 2028 sed
2647 1968 2821 2047 longe
2866 1987 2898 2028 a
2944 1969 3206 2036 veritate,
3236 1987 3279 2025 ις,

622 2071 757 2146 quia
802 2068 987 2130 multo
1017 2065 1186 2147 plura
1219 2069 1617 2129 inveniuntur.
1696 2069 1799 2129 sed
1833 2071 1999 2147 siqua
2032 2068 2142 2129 alia
2177 2070 2409 2130 inventa
2444 2070 2696 2139 suerint,
2744 2070 2817 2130 ab
2849 2071 2976 2131 istis
3008 2071 3207 2130 oriun-

624 2179 716 2231 tur
761 2170 1219 2252 principalibus,
1268 2173 1401 2249 quia
1450 2172 1557 2231 ista
1600 2173 1953 2250 primigenia
2001 2170 2277 2231 dicuntur
2323 2179 2382 2231 et
2426 2192 2495 2232 ex
2540 2174 2684 2252 ipsis
2728 2177 2873 2232 tiunt
2916 2169 3028 2232 alia
3073 2190 3208 2251 pro·

623 2276 890 2343 nomina,
938 2280 1003 2333 ut
1048 2274 1312 2352 quisquis
1358 2274 1646 2352 quispiam
1677 2274 1950 2350 quisnam
1983 2273 2209 2353 aliquis
2286 2275 2546 2335 Donatus
2578 2273 2801 2337 addidit
2832 2281 2892 2333 et
2923 2274 3002 2333 ait
3048 2278 3208 2333 ‘sunt

621 2375 733 2436 alia
780 2375 1106 2453 qualitatis'
1152 2382 1211 2434 et
1254 2381 1451 2435 cetera
1510 2374 1602 2455 [ut
1646 2373 1913 2456 quotus].
1957 2413 2041 2423 -—
2084 2375 2433 2437 Articularia
2480 2376 2820 2437 nominibus
2860 2379 3206 2454 iunguntur,

621 2479 758 2558 quia
804 2478 1130 2555 funguntur
1175 2475 1437 2539 articulis
1474 2474 1484 2558 Ι
1525 2478 1905 2539 Graecorum.
1984 2497 2118 2539 nam
2150 2480 2305 2539 inter
2337 2478 2614 2540 articulos
2643 2487 2703 2540 et
2729 2497 3064 2559 pronomen
3095 2478 3206 2538 hoc
3231 2502 3278 2537 ευ

531 2593 599 2642 30
623 2582 894 2641 interest:
943 2578 1171 2639 articuli
1202 2575 1229 2663 ll
1260 2580 1442 2639 iuncti
1490 2578 1830 2640 nominibus
1875 2579 2274 2652 declinantur,
2323 2584 2674 2661 pronomina
2704 2580 2844 2643 sola.
2878 2616 2962 2626 ——
2991 2582 3204 2642 Cuia·

624 2684 720 2743 tis
779 2683 1165 2742 nostratis:
1225 2679 1372 2742 haec
1418 2680 1691 2742 dic-untur
1735 2682 1976 2759 gentilia
2022 2702 2167 2743 esse.
2247 2686 2404 2745 cuias
2461 2692 2654 2746 autem
2714 2691 2771 2745 et
2826 2686 3036 2745 cuiatis
3092 2683 3207 2743 duo

623 2786 962 2846 nominativi
1007 2793 1172 2854 sunt,
1219 2792 1282 2845 ut
1327 2793 1561 2844 nostras
1607 2792 1666 2844 et
1710 2789 2006 2848 nostratis
2081 2788 2217 2847 facit
2260 2796 2455 2849 autem
2505 2795 2562 2848 et
2605 2788 2856 2849 cuiatem
2890 2795 2948 2848 et
2977 2794 3207 2848 nostra·

386 2899 504 2961 380,
535 2900 597 2949 10
624 2893 758 2946 tem.
836 2888 1000 2948 cuias
1041 2895 1235 2948 autem
1278 2887 1567 2965 significat
1608 2889 1774 2947 cuius
1813 2890 2037 2966 gentis,
2086 2896 2319 2951 nostras
2349 2898 2587 2950 nostrae
2617 2892 2828 2969 gentis.
2865 2925 2944 2935 —-
2975 2891 3206 2951 Genera

622 2987 1071 3069 pronominibus
1115 2991 1193 3050 ita
1237 2996 1302 3049 ut
1345 2989 1682 3050 nominibus
1729 2991 1968 3068 quidem
2014 2992 2316 3061 accidunt,
2374 2992 2478 3054 sed
2523 3001 2761 3073 praeter
2804 2994 3203 3073 promiscuum
3231 3013 3276 3052 25

622 3110 826 3170 genus.
901 3109 1096 3169 neque
1142 3093 1297 3152 enirn
1344 3111 1672 3172 pronomen
1717 3095 2121 3173 promiscuum
2168 3095 2418 3155 inveniri
2463 3104 2677 3175 potest.
2723 3131 2805 3138 ——
2835 3094 3022 3155 Nemo
3069 3113 3204 3173 pro-

622 3212 838 3254 nomen
886 3200 998 3264 est,
1047 3203 1106 3255 et
1149 3194 1553 3273 quaerendum
1599 3203 1718 3264 est,
1768 3197 1935 3256 cuius
1978 3198 2214 3273 generis
2242 3199 2334 3256 sit.
2412 3198 2568 3275 quod
2615 3199 2944 3258 communis
2973 3196 3210 3274 generis

623 3315 749 3356 esse
796 3315 913 3357 non
958 3296 1377 3375 ambigendum
1427 3306 1533 3357 est.
1609 3297 1867 3376 denique
1912 3299 2197 3358 feminino
2242 3298 2457 3360 lectum
2507 3307 2598 3359 est
2641 3300 2794 3378 apud
2841 3299 3203 3367 Terentium,

569 3402 737 3459 2‘ut
781 3397 987 3458 illum
1046 3417 1255 3459 nemo
1313 3408 1738 3460 nostrarum
1801 3401 2187 3477 quisquam
2235 3401 2479 3462 vidit’.
2526 3437 2609 3445 —
2657 3399 2918 3481 [acutus]
2967 3400 3208 3461 Numeri

627 3509 741 3569 est,
791 3499 1023 3577 quando
1070 3519 1175 3580 per
1220 3509 1244 3561 t
1283 3503 1589 3572 scribitur3
1633 3500 1643 3583 Ι
1683 3503 1916 3582 quando
1961 3500 2071 3581 per'
2115 3505 2184 3579 d,
2233 3505 2470 3582 generis
2515 3513 2603 3565 est
2635 3504 2854 3577 neutri,
2905 3506 3073 3580 ‘quot
3093 3501 3203 3560 ho·
3231 3525 3276 3564 so

587 3605 813 3695 'mines
858 3602 1141 3663 occiditi'
1191 3604 1387 3681 ‘quod
1434 3613 1522 3664 est
1565 3604 1744 3665 hoc?'
1796 3639 1875 3648 —
1922 3605 2110 3674 Quot
2162 3613 2301 3666 tot:
2362 3613 2505 3683 quot
2561 3612 2616 3667 et
2673 3613 2757 3667 tot
2812 3606 2951 3666 facit
2996 3612 3206 3682 quotus

623 3714 681 3765 et
746 3712 919 3766 totuS.
998 3714 1211 3783 quotus
1266 3725 1404 3766 vero
1459 3707 1520 3767 in
1577 3706 1902 3787 penultima
1958 3716 2191 3767 acutum
2253 3707 2461 3777 habet,
2524 3715 2684 3768 totus
2740 3705 3200 3773 circumflexum,

764 3861 909 3865 ΔΫΫ-Ϋ,.-
930 3861 991 3865 ,ἶ
1044 3861 1059 3866 Ἰ.
1080 3861 1224 3868 mr—

760 3945 883 3995 Cod.
915 3947 1076 3996 Ber-n.
1107 3947 1223 3997 Vlll
1260 3943 1468 3997 6—7*.
1614 3948 1645 3995 2
1683 3953 1802 3995 tunc
1834 3946 2001 3995 sonitu
2042 3960 2155 3994 cum
2193 3947 2261 3996 ad
2401 3945 2433 3996 3
2473 3943 2675 4013 infiniti]
2722 3945 2850 3995 finiti
2979 3947 3012 3994 4
3048 3945 3202 3994 fluitio

624 4016 944 4065 subiunctiua
1050 4017 1130 4068 his
1170 4019 1281 4082 ipse
1421 4020 1454 4068 5
1490 4015 1601 4066 illut
1705 4015 1789 4064 his
1826 4018 1977 4065 etiam
2117 4016 2369 4082 derigitur
2506 4018 2542 4066 6
2579 4013 2730 4081 quae]
2770 4031 2870 4079 qua
3011 4016 3040 4064 7
3079 4016 3203 4064 istae

621 4095 670 4135 et
809 4087 1009 4136 absenti
1146 4087 1180 4137 8
1221 4087 1457 4137 {inionem
1598 4084 1801 4150 plenius
1939 4085 1974 4137 9
2020 4079 2300 4151 nominum]
2354 4088 2575 4136 omnium
2622 4102 2760 4139 corr.
2806 4086 3065 4136 nominum

625 4154 688 4206 10
724 4154 908 4223 equus]
948 4172 1068 4206 ecus
1210 4157 1269 4207 lt
1306 4157 1459 4207 refert
1490 4156 1622 4205 enim
1653 4156 1831 4206 eadem
1975 4156 2039 4207 12
2073 4166 2394 4221 praesentem
2428 4172 2544 4207 nam
2582 4156 2822 4206 infactum
2851 4156 2996 4205 finita
3141 4153 3202 4204 13

622 4230 859 4293 propriae
1001 4229 1067 4279 15
1104 4241 1135 4274 a
1172 4227 1384 4277 bat-itate
1528 4226 1591 4277 16
1630 4223 1799 4291 plura]
1839 4225 2027 4291 plurali
2171 4228 2233 4278 17
2266 4228 2583 4294 primagenia
2720 4226 2790 4277 23
2816 4226 3064 4275 nominati
3089 4232 3204 4275 sunt

758 4300 826 4349 24
850 4298 995 4348 euius
1034 4299 1237 4363 generis
1379 4292 1603 4360 nostrae]
1645 4311 1804 4345 nosue
1943 4295 2011 4346 28
2049 4296 2397 4364 anbigendum
2538 4305 2659 4363 aput
2797 4297 2866 4347 30
2904 4305 2923 4345 t
2958 4304 3007 4346 et
3040 4296 3074 4346 d
3110 4311 3200 4347 om.

759 4369 895 4432 quod
930 4366 1164 4421 homines
1303 4366 1367 4418 31
1408 4367 1545 4429 quod
1576 4374 1648 4416 tot
1678 4366 1816 4429 quod
1953 4365 2020 4417 32
2060 4368 2388 4418 circussexum

766 4578 829 4627 14
865 4573 1082 4641 Probus]
1125 4576 1279 4626 instit.
1312 4581 1410 4623 art.
1440 4591 1499 4640 p.
1526 4574 1643 4633 131,
1681 4573 1748 4623 25
1890 4573 1951 4623 17
1989 4570 2320 4640 primigenia]
2363 4575 2670 4641 primigenia
2714 4589 2844 4636 quae
2882 4573 3004 4623 dicit
3043 4572 3203 4622 Varro

624 4647 887 4713 Pompeius
915 4663 969 4710 p.
1004 4645 1106 4697 239
1138 4646 1218 4695 ed.
1259 4645 1411 4698 Lina.
1521 4645 1589 4696 28
1629 4643 1766 4710 apud
1801 4641 2114 4710 Terentium]
2163 4643 2388 4694 Eunuch.
2422 4643 2513 4695 1111
2543 4647 2593 4705 4,
2637 4644 2701 4694 10
2739 4643 2871 4694 hunc
2903 4643 3060 4694 oculis
3099 4643 3204 4692 suis

621 4725 904 4767 nostrarum
945 4731 1215 4780 numquam
1258 4715 1523 4779 quisquam
1562 4716 1706 4778 vidit,
1746 4711 1993 4763 Phaedria
2165 4715 2234 4767 29
2283 4720 2404 4779 quot
2455 4715 2652 4763 numeri
2702 4723 2778 4764 est
2817 4715 3018 4779 quando
3057 4729 3149 4779 per
3185 4720 3204 4759 t

621 4788 886 4851 scribitur3
924 4788 1126 4851 quando
1163 4801 1252 4852 per
1284 4786 1336 4845 d,
1376 4786 1580 4852 generis
1615 4791 1694 4835 est
1738 4785 1901 4833 neutri
1941 4783 2220 4835 Pac-schim.
2265 4802 2310 4838 v.
2345 4793 2523 4835 acutus
2559 4801 2629 4834 ex
2661 4786 2987 4836 adnotatione
3023 4785 3086 4835 de
3117 4798 3200 4832 ac·

618 4866 763 4908 centu
803 4861 1139 4922 pronominum
1174 4863 1356 4921 quotus
1393 4863 1443 4906 et
1480 4864 1613 4906 totus
1654 4856 1850 4904 videtur
1889 4857 2112 4906 relictum
2146 4871 2258 4905 esse
2315 4879 2324 4888 ·
