3541 5564
1359 338 1829 402 COMMENTVM
2503 346 2513 361 ·
2763 334 2885 400 113

2543 457 2587 498 p.
2614 446 2764 487 as-ao
2789 444 2838 485 L.

317 495 496 590 babet
552 546 583 587 a
631 525 842 596 vocali,
902 534 961 587 et
1015 545 1199 588 unum
1256 526 1433 588 habet
1486 547 1518 588 a
1574 525 1805 588 duabus
1860 523 2340 588 consonantibus,
2427 524 2649 587 idcirco
2702 528 2768 587 fit
2822 533 2885 587 ut

315 648 437 689 non
485 635 846 707 quaerantur
890 647 923 689 a
967 631 1259 709 positione
1304 631 1419 690 nisi
1463 628 1612 689 duae
1657 634 2071 698 consonantes,
2119 630 2252 708 quia
2300 626 2449 688 duae
2494 637 2887 690 consonantes

317 731 630 792 dimidium
677 739 736 792 et
778 730 1083 792 dimidium
1131 730 1352 790 habent
1406 738 1640 810 tempus
1707 738 1764 792 et
1816 731 2036 792 faciunt
2091 727 2323 808 longam
2381 728 2662 808 syllabam
2717 750 2887 810 prae·

316 832 648 894 cedentem.
740 832 814 894 ob
846 833 997 895 hanc
1029 851 1263 895 causam
1306 831 1556 894 diximus
1589 833 1703 894 duo
1736 852 1865 895 esse
1898 841 2165 913 tempora
2207 840 2265 892 et
2303 832 2650 894 naturaliter
2679 832 2888 912 longae

266 953 292 992 5
319 943 377 995 et
420 937 717 1015 positione
760 934 989 1013 longae.
1078 934 1222 995 illud
1271 937 1444 995 etiam
1492 938 1783 1015 sequitur,
1844 954 1971 996 esse
2028 932 2251 1013 aliquas
2294 932 2543 1012 syllabas
2586 934 2885 1015 plurimas,

318 1056 470 1117 quae
517 1045 577 1098 et
617 1035 785 1117 plura
830 1036 1053 1098 habent
1097 1046 1395 1118 tempora,
1453 1056 1628 1118 quam
1673 1045 1933 1117 oportet,
1994 1041 2060 1098 ut
2105 1042 2194 1096 est
2235 1034 2347 1095 lex.
2440 1055 2577 1098 ecce
2624 1058 2654 1098 e
2700 1040 2889 1117 ipsum

321 1135 670 1200 naturaliter
726 1139 841 1200 duo
898 1147 1164 1219 tempora
1221 1138 1429 1206 babet;
1477 1158 1539 1210 x,
1608 1158 1757 1219 quae
1814 1138 2062 1200 duarum
2120 1139 2572 1199 consonantium
2627 1139 2892 1217 fungitur

320 1241 469 1312 loco,
518 1260 698 1302 unum
744 1241 923 1302 habet
965 1250 1224 1320 tempus:
1276 1260 1414 1302 ecce
1460 1243 1755 1302 invenitur
1799 1242 1908 1300 ista
1953 1238 2171 1319 syllaba
2200 1238 2423 1302 habere
2462 1242 2573 1300 tria
2606 1249 2890 1320 tempora.

323 1362 505 1424 quare
550 1342 666 1404 hoc
712 1343 875 1404 dixi?
922 1351 1010 1405 est
1050 1344 1288 1423 quidem
1319 1351 1624 1413 tractatuS‚
1670 1342 1777 1403 sed
1824 1343 1998 1402 ctiam
2046 1341 2186 1401 utile
2233 1350 2322 1402 est
2363 1343 2424 1402 in
2466 1342 2581 1402 boc
2627 1350 2891 1410 tractatu,

246 1461 295 1501 ιο
323 1448 602 1526 quoniam
660 1448 803 1507 istae
858 1443 1143 1524 syllabae,
1205 1464 1356 1525 quae
1402 1445 1590 1507 tribus
1634 1443 2000 1525 temporibus
2043 1445 2216 1512 fiunt,
2274 1445 2325 1503 si
2379 1443 2602 1504 babent
2654 1452 2788 1524 post
2832 1464 2895 1504 sc

324 1548 465 1609 alias
520 1553 942 1616 consonantes,
991 1549 1350 1627 asperrimos
1394 1549 1615 1609 faciunt
1657 1565 1889 1618 versus,
1937 1563 2057 1606 non
2101 1546 2395 1607 ferendos.
2485 1549 2703 1626 quare?
2751 1557 2897 1607 tem-

326 1669 471 1730 pora
529 1652 687 1711 enim
745 1652 1070 1711 crescentia
1129 1648 1281 1710 ultra
1330 1648 1337 1732 Ι
1389 1650 1628 1711 modum
1681 1651 1975 1729 incipiunt
2027 1666 2273 1727 gravare
2332 1655 2562 1709 nostras
2618 1666 2789 1709 aures
2845 1656 2902 1708 et

330 1750 606 1812 obruere.
696 1760 834 1832 puta
895 1753 1051 1831 siqui
1114 1749 1292 1812 talem
1353 1769 1584 1813 versum
1652 1753 1852 1822 faciat,
1924 1751 2049 1812 ‘lex
2111 1752 2300 1830 prima
2358 1758 2448 1811 est
2489 1750 2901 1832 quodcumque

329 1856 579 1933 potest',
640 1860 917 1934 quattuor
970 1862 1109 1914 sunt
1161 1861 1449 1933 tempora.
1550 1853 1673 1925 lex,
1722 1873 1754 1915 e
1811 1854 1928 1915 duo
1981 1853 2162 1914 habet
2205 1861 2500 1932 tempora;
2557 1852 2902 1914 naturaliter

255 1969 304 2012 15
333 1958 490 2016 enim
537 1954 709 2033 longa
757 1964 871 2017 est:
920 1957 1189 2036 sequitur
1232 1975 1298 2026 x,
1346 1975 1526 2018 unum
1575 1963 1807 2035 tempus
1850 1955 2057 2023 babet,
2105 1957 2237 2034 quia
2283 1955 2531 2036 duarum
2577 1974 2901 2028 consonan-

330 2060 476 2118 tium
523 2057 787 2134 fungitur
830 2058 991 2118 loco:
1037 2058 1304 2135 sequitur
1347 2077 1385 2137 p
1432 2066 1491 2118 et
1531 2077 1579 2125 r,
1627 2076 1766 2118 ecce
1811 2059 2030 2119 iterum
2062 2055 2217 2118 aliud
2261 2065 2520 2136 tempus:
2569 2076 2706 2118 ecce
2738 2065 2904 2137 quat-

334 2168 469 2220 tuor
510 2167 781 2239 tempora
828 2167 999 2228 sunt,
1062 2165 1121 2234 et
1164 2177 1322 2219 nunc
1367 2177 1538 2239 asper
1583 2169 1688 2220 est.
1781 2178 1895 2240 qua
1939 2163 2167 2221 ratione
2211 2160 2325 2220 boc
2371 2159 2531 2219 dixi?
2605 2161 2902 2239 quotiens·

333 2280 591 2342 cumque
642 2261 920 2323 inciderit
974 2259 1089 2321 tale
1146 2259 1392 2340 aliquid,
1451 2261 1733 2323 debemus
1789 2261 1970 2322 verba
2026 2263 2332 2342 sequentia
2389 2279 2420 2321 a
2477 2260 2774 2321 vocalibus
2816 2262 2907 2319 in-

336 2362 582 2432 choare,
630 2373 696 2423 ut
739 2362 1021 2444 depereat
1063 2362 1282 2443 aliquid
1328 2364 1402 2424 de
1446 2362 1540 2425 illa
1587 2382 1832 2434 summa,
1892 2374 1957 2425 ut
1999 2371 2141 2443 puta
2184 2365 2234 2424 si
2279 2362 2440 2423 dicas
2487 2362 2613 2423 ‘lex
2657 2365 2773 2423 ima
2820 2370 2911 2423 est

257 2483 310 2522 eo
338 2464 753 2545 quodcumque
809 2465 967 2527 velis.
997 2471 1013 2497 '
1073 2464 1258 2526 levius
1312 2473 1509 2536 sonat,
1567 2468 1617 2527 si
1661 2465 1822 2527 dicas
1866 2465 1993 2527 ‘lex
2049 2468 2164 2526 ima
2221 2468 2361 2536 est’,
2419 2483 2592 2544 quam
2647 2467 2697 2526 si
2752 2464 2911 2525 dicas

337 2565 465 2626 ‘lex
508 2568 702 2646 prima
750 2570 904 2629 est':
961 2567 1076 2628 hoc
1121 2569 1386 2649 asperius
1432 2577 1489 2629 et
1532 2570 1766 2647 gravius
1810 2577 1996 2628 sonat.
2087 2569 2327 2628 omnino
2372 2567 2485 2628 hoc
2529 2585 2767 2628 servare
2811 2566 2911 2626 de-

340 2668 484 2729 bent
527 2672 626 2750 qui
670 2669 872 2730 volunt
915 2668 1175 2730 lubricos
1231 2688 1436 2731 versus
1493 2679 1552 2731 et
1605 2677 1912 2732 currentes
1955 2670 2170 2731 facere.
2261 2689 2396 2731 nam
2441 2668 2664 2730 idcirco
2710 2687 2914 2730 omncs

339 2769 452 2840 illi,
499 2773 830 2852 participiis
877 2791 1013 2833 cum
1058 2773 1524 2851 coniunguntur,
1583 2774 1940 2852 asperrimos
1986 2791 2190 2835 versus
2235 2773 2470 2833 faciunt.
2561 2791 2736 2832 omne
2779 2790 2914 2851 par·

342 2875 612 2954 ticipium
657 2872 891 2953 longam
936 2874 1113 2935 habet
1154 2873 1464 2957 syllabam,
1513 2884 1579 2936 ut
1621 2876 1841 2936 docens
1884 2872 2168 2937 scribens.
2259 2882 2324 2935 ut
2362 2882 2502 2954 puta
2544 2876 2696 2953 siqui
2739 2873 2915 2934 talem

261 2995 315 3035 aa
343 2976 521 3035 faciat
564 2993 832 3046 versum,
884 2975 1302 3057 ‘scribensque
1345 2979 1649 3057 patrique'
1701 2976 1866 3038 verbi
1912 2996 2102 3048 causa,
2150 2978 2514 3057 asperrimus
2557 2994 2763 3037 versus
2808 2984 2914 3036 est.

345 3079 569 3158 quare?
615 3079 750 3159 quia
791 3078 906 3139 hoc
949 3080 1142 3159 ipsum
1188 3098 1221 3139 e
1264 3080 1610 3141 naturaliter
1638 3079 1882 3157 longum
1930 3088 2047 3149 est;
2095 3080 2310 3141 deinde
2354 3075 2639 3159 selquitur
2683 3097 2723 3139 n
2769 3089 2827 3139 ct
2869 3098 2914 3149 S,

346 3182 564 3240 crescit
609 3186 863 3261 tempus,
953 3182 1230 3263 quoniam
1276 3184 1540 3261 sequitur
1583 3182 1680 3242 illa
1729 3184 2094 3252 coniuncti0‚
2144 3181 2289 3243 illud
2320 3183 2553 3242 crescit.
2641 3187 2919 3259 quattuor

347 3291 622 3363 tempora
666 3291 835 3353 sunt,
887 3292 945 3342 et
987 3284 1349 3363 asperrimus
1390 3285 1454 3344 fit
1496 3302 1729 3355 versus,
1776 3284 2192 3364 scribensque,
2241 3291 2301 3345 et
2341 3284 2484 3345 latet
2527 3300 2707 3344 causa
2752 3302 2919 3363 aspe-

490 3612 525 3659 2
576 3618 885 3671 quaerantur
928 3622 956 3657 a
1005 3608 1258 3673 positione
1294 3607 1335 3658 C
1383 3617 1653 3671 quaeratur
1689 3624 1719 3658 a
1763 3610 2016 3675 positione
2049 3608 2099 3659 B
2133 3616 2438 3672 quaerantur
2484 3564 2822 3672 atpositiouem
2853 3607 2921 3660 A.

348 3680 578 3739 fortasse
617 3688 889 3742 quaeratur
933 3693 960 3726 a
998 3678 1276 3744 positione,
1321 3680 1420 3729 nisi
1459 3679 1588 3729 dnae
1625 3680 1725 3729 sint
1770 3689 2111 3729 consonantes
2251 3680 2369 3742 quia
2413 3679 2544 3728 duae
2592 3689 2927 3747 coiisonaqtes

353 3767 446 3799 om.
480 3749 553 3811 A,
581 3749 703 3802 add.
742 3766 775 3798 a
882 3746 914 3797 6
946 3764 973 3797 e
1009 3763 1102 3801 om.
1132 3748 1251 3809 Ac,
1291 3749 1412 3798 add.
1446 3766 1481 3797 a
1585 3750 1613 3797 7
1646 3749 1798 3798 habet
1825 3766 1860 3798 x
1897 3750 2042 3800 Bc‘a
2075 3748 2225 3799 habet
2263 3764 2375 3799 nant
2409 3764 2443 3797 x
2496 3747 2608 3796 AL
2711 3747 2745 3798 9
2773 3763 2927 3810 qnare

355 3819 451 3869 hoc
486 3819 599 3867 uixi
635 3827 683 3867 et
718 3819 922 3880 quidem
953 3827 1188 3867 tractatus
1221 3819 1313 3867 sed
1349 3820 1500 3868 etiam
1537 3819 1659 3868 utile
1696 3828 1774 3868 est
1805 3820 1852 3867 in
1891 3819 1985 3869 hoc
2021 3829 2235 3869 tractatu
2273 3832 2428 3881 quare
2463 3818 2561 3868 hoc
2591 3818 2700 3867 dixi
2738 3828 2787 3866 et
2818 3819 2929 3880 qui-

355 3892 469 3939 dem
514 3897 757 3937 tractatus
791 3888 886 3937 sed
920 3888 1071 3937 etiam
1109 3888 1229 3937 utile
1264 3898 1341 3938 est
1376 3890 1427 3937 in
1470 3890 1564 3938 hoc
1605 3898 1818 3939 tractatu
1853 3905 2006 3953 quare
2041 3888 2138 3938 hoc
2177 3890 2284 3939 dixi
2316 3889 2438 3954 poni
2466 3889 2704 3952 quoniam
2743 3888 2791 3935 A

357 3970 433 4009 est
475 3958 680 4022 quidem
725 3967 989 4007 tractatum
1026 3959 1073 4007 L
1214 3958 1275 4007 11
1318 3958 1444 4008 alias
1482 3960 1664 4025 longas
1701 3969 2036 4011 consonantes
2074 3961 2184 4008 AL
2327 3958 2390 4009 13
2429 3960 2641 4008 obruere
2678 3958 2934 4021 adscrIpto

357 4033 405 4079 in
440 4044 604 4094 mar-9.
645 4028 989 4092 obstupiscere
1028 4029 1071 4076 Α
1215 4029 1280 4078 16
1316 4028 1545 4095 fungitur
1574 4030 1682 4078 loco
1718 4032 1765 4076 A
1807 4029 2050 4094 fungatur
2088 4031 2195 4078 loco
2236 4029 2281 4076 L
2319 4028 2490 4077 oflicio
2525 4027 2756 4093 fungitur
2793 4028 2933 4076 BCu

499 4100 560 4149 17
598 4107 647 4147 et
673 4113 805 4146 nuuc
841 4112 993 4163 asper
1020 4108 1095 4148 est
1127 4098 1275 4149 Bca
1307 4108 1356 4147 et
1386 4114 1489 4147 nun
1524 4114 1673 4164 asper
1705 4099 1754 4146 A
1788 4108 1834 4147 et
1863 4101 1894 4148 ιῑ
1925 4114 2109 4165 aspera
2141 4102 2189 4149 L
2223 4110 2273 4147 et
2301 4113 2435 4147 nunc
2465 4114 2618 4162 asper
2652 4107 2727 4147 est
2758 4111 2933 4145 versus

359 4171 571 4220 coniecit
614 4168 979 4217 Lindemannus
1119 4168 1184 4219 19
1225 4169 1471 4233 deperdat
1501 4170 1677 4231 aliquit
1706 4170 1772 4217 de
1811 4170 1894 4217 illa
1929 4170 2091 4234 prima
2129 4168 2309 4218 sillaba
2345 4177 2466 4232 puta
2503 4170 2548 4217 si
2577 4168 2717 4217 dicas
2748 4167 2934 4215 lexima

361 4256 512 4303 quam
550 4238 594 4287 si
627 4240 675 4288 L
842 4239 911 4287 20
956 4238 1309 4300 quodcumque
1355 4238 1481 4287 velis
1522 4239 1869 4304 Heusinger-us
1917 4241 1952 4289 l.
1990 4255 2034 4288 c.
2085 4238 2336 4301 quodcum
2375 4238 2502 4287 uelis
2542 4238 2646 4287 BC
2685 4238 2935 4301 quodcum

362 4310 514 4359 uellis
552 4309 601 4356 A
745 4306 919 4374 quam]
956 4308 1091 4371 quod
1117 4309 1158 4358 C
1293 4310 1359 4358 22
1389 4308 1552 4357 omnis
1588 4310 1636 4356 A
1776 4309 1845 4359 23
1877 4309 2151 4373 participiis
2182 4324 2295 4357 cum
2326 4310 2702 4373 coniunguntur
2736 4307 2787 4356 B
2821 4321 2938 4371 par-

698 4386 777 4415 con
1407 4386 1502 4415 cum
2358 4381 2390 4425 ᾗ

366 4430 556 4497 ticipiis
596 4444 711 4478 cum
762 4429 1040 4495 iunguntur
1073 4429 1122 4477 A
1174 4429 1453 4495 participiis
1500 4430 1874 4494 coniunguntur
1911 4430 1952 4480 C
1989 4429 2269 4496 participiis
2322 4430 2700 4494 coniunguntur
2738 4428 2800 4476 L.
2844 4428 2942 4476 nisi

362 4503 519 4566 plura
556 4507 674 4549 ante
714 4516 758 4549 v.
799 4499 874 4548 illi
911 4500 1234 4565 exciderunt,
1271 4500 1583 4550 scribendum
1617 4500 1814 4551 videtur
1853 4516 1967 4549 nam
1998 4500 2185 4549 idcirco
2225 4500 2601 4548 coniunctiones
2635 4498 2751 4546 illae
2783 4496 2940 4563 parti-

368 4572 520 4636 cipiis
554 4584 669 4619 cum
710 4569 1086 4634 coniunguntur
1190 4584 1391 4619 omnem
1430 4585 1567 4623 corr.
1618 4584 1767 4618 omne
1807 4570 1856 4618 A
1997 4570 2065 4619 24
2102 4579 2156 4618 ut
2195 4569 2382 4618 docens
2415 4570 2551 4618 AL:
2587 4578 2641 4616 ut
2676 4585 2767 4619 om.
2800 4567 2942 4616 BCa

508 4640 579 4689 2ss
614 4639 824 4704 longum
871 4649 947 4688 est
982 4640 1130 4690 BGa
1168 4639 1320 4705 longa
1358 4639 1465 4693 AL
1606 4640 1671 4690 27
1701 4640 1938 4703 quoniam
1975 4639 2204 4701 sequitur
2230 4638 2366 4687 illam
2402 4640 2589 4687 iunctio
2628 4638 2676 4685 L
2816 4636 2941 4686 illud

368 4707 574 4774 crescit]
616 4711 798 4758 iteruin
836 4710 1013 4759 crescit
1053 4712 1261 4761 coniecit
1293 4710 1663 4760 Lindemannus
1799 4709 1867 4759 28
1904 4720 1951 4758 et
1987 4711 2322 4773 asperrimum
2359 4709 2412 4757 lit
2451 4708 2656 4758 verbum
2695 4707 2944 4756 scribens·-

372 4800 488 4847 qne,
519 4779 614 4829 sed
642 4778 767 4828 latet
791 4793 943 4827 causa
972 4781 1275 4845 asperitatis,
1313 4783 1357 4831 si
1386 4781 1436 4829 in
1471 4796 1646 4831 versus
1684 4781 2060 4830 continuatione
2090 4777 2185 4828 hoc
2223 4778 2277 4828 tlt
2307 4778 2565 4829 Melelerus
2591 4779 2729 4843 apud
2763 4778 2830 4828 B.
2867 4785 2947 4828 ten

373 4850 545 4904 Bm'nk
579 4849 743 4898 Iubae
781 4848 1011 4901 Maurus.
1041 4850 1230 4915 fraym.
1263 4866 1316 4913 p,
1360 4851 1420 4902 13
1559 4850 1788 4900 scribens
1826 4850 1961 4913 qnod
2002 4850 2047 4897 L

480 4938 834 4981 cammunti
864 4940 1041 4982 mrim
1070 4941 1124 4981 v.
2506 4932 2544 4995 8
