3541 5564
1486 356 1955 420 COMMENTVM
2928 344 3057 412 265

2687 473 2729 515 p.
2755 460 2933 502 378—oe
2958 456 3008 498 1,

479 546 614 609 dico
658 548 794 623 ‘ego
840 553 900 607 et
941 554 1003 607 tu
1049 549 1299 615 eamus’‚
1345 542 1486 606 tolle
1530 545 1668 607 inde
1713 552 1790 614 et,
1839 552 1898 605 et
1940 544 2258 616 videamus,
2305 545 2356 605 si
2400 550 2517 605 stat
2558 560 2786 605 sensus,
2873 558 3052 629 quae·

480 646 663 730 riturj,
733 665 851 726 quo
905 646 1035 711 loco
1092 645 1493 710 detrahendae
1551 656 1691 709 sunt
1744 648 2211 709 coniunctiones.
2299 665 2417 708 non
2473 645 2721 725 ubique,
2780 642 2885 705 sed
2951 640 3054 707 illo

482 750 614 813 loco
660 749 1050 813 detrahuntur
1093 752 1569 820 coniunctiones,
1617 749 1716 811 ubi
1760 768 1900 830 pars
1944 748 2171 811 sublata
2216 768 2334 811 non
2380 748 2552 810 obest
2594 748 2748 828 parti
2791 744 3051 808 relictae.

482 852 596 915 hoc
640 860 839 915 autem
886 871 1005 914 non
1050 854 1335 932 contingit
1377 853 1491 914 nisi
1534 852 1596 913 in
1639 850 1931 913 sensibus.
1993 861 2246 933 possunt
2287 853 2445 914 enim
2487 857 2765 931 quattuor
2796 850 3059 929 quinque

430 970 457 1010 ⁵
484 974 616 1017 esse
659 973 889 1024 sensus,
937 962 997 1016 et
1039 974 1158 1017 uno
1201 962 1432 1017 remoto
1475 963 1727 1036 possunt
1766 963 1942 1017 stare.
2032 954 2211 1016 verba
2255 963 2450 1016 autem
2494 955 2542 1015 si
2585 953 2811 1014 suerint
2840 961 2900 1013 et
2937 969 3058 1013 non

481 1058 703 1120 suerint
745 1075 987 1130 conexa,
1035 1076 1155 1120 non
1200 1065 1316 1120 stat
1361 1057 1634 1120 elocutio.
1701 1058 1782 1120 ita
1828 1058 1892 1118 fit
1932 1065 1997 1117 ut
2039 1059 2098 1118 in
2141 1056 2388 1135 singulis
2433 1055 2811 1118 sermonibus
2852 1072 3060 1117 neces-

482 1162 634 1224 saria
677 1162 755 1223 sit
796 1159 870 1222 ad
914 1162 1301 1222 conexionem
1345 1162 1699 1223 coniunctio.
1789 1161 1850 1221 in
1896 1178 2078 1222 sensu
2131 1166 2329 1222 autem
2388 1177 2506 1221 non
2561 1176 2798 1239 semper
2854 1175 3058 1219 neces-

482 1264 635 1326 saria
680 1269 773 1325 est
815 1264 1167 1331 coniunctio,
1216 1261 1319 1325 sed
1365 1265 1416 1324 si
1459 1264 1575 1339 vis,
1625 1269 1796 1342 potes
1840 1280 2095 1342 ponere,
2141 1263 2191 1323 si
2235 1262 2337 1332 vis,
2395 1279 2531 1323 non.
2621 1267 2816 1342 potest
2852 1260 2862 1338 Ι
2902 1260 3087 1340 enim⁴

483 1367 888 1447 pronuntiatio
931 1365 1056 1445 ipsa
1103 1366 1230 1426 vice
1272 1365 1437 1443 fungi
1483 1366 1933 1429 coniunctionis.
2019 1366 2105 1426 vis
2160 1365 2314 1426 scire
2357 1364 2636 1444 quoniam
2693 1380 2905 1424 sensus
2947 1360 3062 1424 hoc

409 1490 459 1530 10
484 1469 661 1531 facit?
720 1477 995 1549 perverto
1037 1468 1232 1547 ipsum
1275 1486 1536 1536 sensum,
1584 1474 1644 1528 et
1685 1466 1818 1528 vide
1862 1468 1998 1545 quia
2041 1474 2181 1536 stat,
2231 1465 2405 1527 ‘ferte
2451 1465 2585 1537 tela,
2634 1465 2768 1526 date
2819 1463 3061 1532 faculas,

487 1572 587 1632 citi
633 1570 882 1632 classem
927 1570 1279 1632 ascendite':
1341 1587 1461 1631 non
1505 1571 1633 1650 ipso
1679 1568 1889 1632 ordine
1933 1569 2084 1639 dixi,
2137 1587 2255 1649 quo
2300 1568 2622 1647 Vergilius,
2671 1566 2777 1629 sed
2822 1564 2958 1637 alio,
3006 1576 3065 1628 et

485 1681 684 1736 tamen
716 1679 849 1735 stat.
926 1674 1259 1750 quaesitum
1306 1679 1399 1733 est
1443 1673 1598 1735 enim
1643 1672 1776 1743 hoc,
1824 1691 1942 1753 quo
1986 1680 2257 1752 tempore
2299 1668 2699 1732 detrahendae
2741 1676 2879 1732 sunt
2922 1688 3062 1730 con-

481 1777 831 1839 iunctiones.
891 1773 992 1839 illo
1021 1774 1244 1838 scilicet
1276 1783 1560 1856 tempore,
1608 1774 1845 1856 quando
1874 1793 2086 1835 sensus
2115 1774 2366 1855 perfecti
2394 1779 2552 1842 sunt,
2600 1774 2679 1836 ita
2719 1779 2787 1833 ut
2829 1769 3062 1834 sublato

484 1896 604 1943 uno
663 1877 812 1941 alter
867 1896 988 1940 non
1041 1876 1362 1940 mutiletur.
1458 1880 1520 1940 in
1579 1877 1914 1939 elocutione
1971 1877 2086 1939 hoc
2142 1895 2261 1939 non
2318 1876 2623 1957 contingit.
2727 1875 3062 1939 coniunctio

413 1996 462 2042 ιε»
487 1978 640 2055 dicta
687 1988 793 2056 est,
842 1980 1000 2060 quod
1043 1982 1350 2060 coniungit
1392 1988 1630 2045 nostras
1676 1979 2062 2042 elocutiones,

656 2083 1071 2146 Coniunctioni
1113 2085 1228 2146 tria
1271 2082 1563 2153 accidunt,
1609 2090 1872 2163 potestas
1915 2083 2102 2161 figura
2147 2080 2314 2144 ordo.
2391 2087 2652 2162 potestas
2695 2080 3062 2141 coniunctio·
3088 2091 3207 2154 418,
3232 2091 3265 2140 6

488 2203 630 2247 num
698 2184 854 2266 apud
908 2184 1147 2246 Latinos
1216 2187 1277 2248 in
1347 2187 1607 2266 quinque
1672 2186 1904 2266 species
1968 2184 2246 2247 dividitur
2335 2182 2509 2265 (apud
2581 2184 2841 2246 Graecos
2907 2183 3063 2243 enim
3090 2160 3207 2222 ⁵¹⁶²
3234 2160 3265 2210 ⁷

489 2288 647 2349 varie
698 2286 1028 2366 dividuum:
1116 2294 1255 2350 sunt
1321 2289 1479 2352 enim
1546 2286 1912 2369 copulativae
1966 2287 2348 2349 disiunctivae
2414 2284 2738 2366 expletivae
2798 2284 3067 2350 causales

489 2387 827 2451 rationales.

412 2510 465 2556 ιο
659 2491 1035 2573 Copulativae
1093 2493 1403 2565 dicuntur,
1463 2494 1618 2574 quod
1673 2501 1735 2555 et
1787 2512 2028 2557 sensum
2083 2492 2364 2574 copulant
2429 2502 2488 2555 et
2529 2492 2708 2555 verba
2767 2492 3066 2574 copulant.

489 2594 637 2674 ‘ego
696 2602 757 2656 et
810 2602 874 2657 tu
933 2602 1200 2659 eamus’:
1265 2595 1500 2676 quando
1556 2597 1690 2657 dico
1736 2597 1881 2675 ‘ego
1938 2605 1998 2659 et
2040 2604 2104 2658 tu
2148 2598 2416 2667 eamus’,
2486 2614 2608 2658 non
2652 2595 2844 2657 solum
2889 2595 3067 2657 verba

488 2715 715 2759 conexa
758 2705 922 2768 sunt,
993 2698 1096 2760 sed
1154 2701 1332 2760 etiam
1387 2718 1600 2761 sensus
1655 2718 1918 2761 conexus
1964 2706 2071 2760 est.
2160 2706 2227 2761 ut
2278 2701 2328 2760 si
2373 2699 2531 2761 dicas
2579 2699 2686 2759 ‘ite
2730 2700 2857 2771 citi,
2916 2700 3071 2761 ferte

490 2801 784 2872 flammas,
843 2801 977 2863 date
1033 2801 1146 2864 tela
1201 2813 1260 2864 et
1316 2802 1582 2864 scandite
1637 2806 1898 2873 muros’‚
1956 2804 2073 2866 iam
2118 2802 2415 2865 ‘scandite
2458 2807 2697 2865 muros’
2744 2810 2803 2863 et
2860 2803 3071 2863 s'ensus

491 2905 843 2966 coniunctus
898 2911 989 2966 est
1044 2912 1104 2966 et
1159 2905 1355 2967 verba.
1447 2903 1574 2986 [hic
1626 2905 1809 2967 verba
1862 2907 2178 2968 coniuncta
2223 2914 2391 2976 sunt,
2450 2907 2596 2984 ‘ego
2653 2913 2714 2965 et
2756 2915 2817 2966 tu
2864 2921 3070 2965 eamus

413 3021 467 3063 25
491 3006 564 3067 ad
609 3007 850 3076 sorum',
896 3005 1017 3068 illic
1059 3025 1271 3069 sensus
1316 3007 1664 3069 coniunctus
1708 3018 1802 3070 est
1847 3017 1905 3069 et
1946 3007 2180 3090 verba.]
2271 3026 2413 3088 ergo
2465 3006 2789 3088 copulativa
2832 3004 2932 3067 illa
2978 3012 3073 3066 est

492 3127 643 3189 quae
698 3115 757 3170 et
799 3108 977 3170 verba
1023 3111 1329 3188 coniungit
1385 3118 1444 3170 et
1487 3129 1729 3172 sensum
1774 3111 2094 3190 coniungit.
2184 3110 2529 3172 disiunctiva
2586 3111 2751 3172 dicta
2805 3117 2894 3171 est
2949 3125 3070 3169 non

492 3209 566 3273 ab
612 3229 702 3281 eo,
750 3210 909 3289 quod
956 3212 1270 3273 coniuncta
1314 3211 1624 3296 disiungat.
1715 3231 1852 3275 nam
1896 3215 1946 3274 si
1991 3212 2306 3293 disiungit,
2364 3214 2482 3274 iam
2536 3231 2649 3275 nec
2685 3209 2697 3295 Ι
2735 3211 3071 3274 coniunctio

493 3321 611 3374 est:
684 3311 830 3374 nihil
888 3315 1045 3376 enim
1100 3323 1220 3376 tam
1279 3315 1641 3376 contrarium
1696 3317 2098 3378 coniunctioni
2154 3334 2327 3396 quam
2394 3315 2726 3378 disiunctio.
2829 3331 2966 3375 nam
3021 3313 3073 3374 si

490 3415 626 3477 ideo
672 3414 824 3476 dicta
869 3424 958 3477 est
1001 3418 1358 3486 coniunctio,
1406 3416 1481 3478 ab
1525 3435 1597 3478 eo
1640 3417 1798 3498 quod
1843 3420 2178 3498 coniungat,
2223 3421 2334 3481 ista
2370 3427 2566 3481 autem
2600 3417 2903 3495 disiungit,
2952 3433 3072 3479 non

415 3529 467 3572 ω
494 3527 584 3579 est
629 3519 987 3580 coniunctio.
1077 3518 1182 3580 sed
1224 3538 1344 3582 non
1391 3527 1480 3581 est
1522 3518 1665 3581 hoc:
1741 3539 1878 3583 nam
1935 3523 2274 3584 coniunctio
2332 3529 2424 3584 est
2483 3529 2542 3582 et
2585 3523 2717 3583 ista.
2809 3526 2900 3580 est
2943 3518 3072 3596 qui-

490 3619 627 3681 dem
671 3621 1044 3690 coniunctio,
1094 3629 1377 3699 quantum
1420 3620 1494 3682 ad
1541 3622 1718 3683 verba
1764 3625 2054 3704 pertinet;
2119 3632 2211 3687 est
2253 3633 2449 3687 autem
2496 3622 2832 3692 disiunctio,
2882 3637 3070 3699 quan-

493 3729 617 3783 tum
660 3720 735 3783 ad
778 3739 1020 3783 sensum
1063 3723 1340 3802 pertinet.
1428 3742 1671 3804 possum
1736 3728 1892 3787 enim
1948 3729 2026 3788 ita
2071 3725 2304 3799 dicere,
2364 3730 2513 3806 ‘ego
2556 3733 2657 3788 aut
2700 3732 2763 3786 tu
2810 3726 3072 3786 eamus'.

493 3823 728 3902 quando
764 3823 906 3884 dico
951 3827 1093 3903 ‘ego
1138 3833 1238 3886 aut
1281 3833 1347 3887 tu
1391 3828 1649 3898 eamus’,
1698 3826 1957 3890 elocutio
2001 3829 2238 3910 quidem
2285 3848 2509 3892 conexa
2556 3838 2663 3899 est,
2711 3826 2818 3889 sed
2864 3843 3074 3888 sensus

492 3924 730 3987 divisus.
832 3944 967 3987 nam
1026 3926 1262 4004 quando
1316 3927 1450 3989 dico
1512 3928 1657 4007 ‘ego
1712 3938 1816 3992 aut
1870 3939 1936 3992 tu
1993 3935 2249 4007 eamus',
2311 3950 2429 3993 non
2487 3941 2807 4013 utrumque
2851 3931 3074 3992 iturum

415 4040 468 4082 ³⁵
493 4026 773 4098 ostendo,
819 4029 925 4090 sed
969 4027 1340 4102 alterutrum,
1387 4030 1478 4091 vel
1521 4029 1688 4093 illum
1731 4030 1826 4093 vel
1868 4032 2054 4096 illum.
2144 4033 2263 4096 tale
2309 4043 2399 4097 est
2440 4035 2502 4097 in
2545 4033 2648 4098 illo
2693 4051 2892 4104 sensu,
2940 4034 3078 4094 ‘aut

593 4302 603 4314 ο
636 4231 701 4284 16
725 4240 950 4299 potestas
975 4236 1551 4303 coniunctionumapud
1582 4237 1766 4290 latinos
1794 4241 1930 4306 apud
1968 4255 2180 4307 graecos
2205 4240 2339 4291 enim
2363 4242 2537 4290 uariae
2570 4239 2826 4290 diuidetur
2852 4246 3076 4304 potestas

493 4304 904 4353 coniunctionum
953 4306 1092 4370 apud
1146 4306 1330 4355 latinos
1376 4308 1427 4357 in
1477 4308 1700 4372 quinque
1748 4312 1950 4375 species
1994 4310 2249 4360 diuidetur
2294 4320 2413 4360 sunt
2448 4311 2581 4359 enim
2608 4310 2658 4360 A
2836 4309 2899 4359 17
2937 4310 3075 4374 apud

491 4386 705 4438 graecos
755 4373 888 4424 enirn
936 4378 1076 4425 varie
1118 4376 1363 4426 dividitur
1398 4392 1490 4430 om.
1525 4377 1569 4428 C
1739 4379 1808 4430 23
1844 4390 1893 4430 et
1943 4381 2172 4431 scandite
2215 4376 2408 4445 muros]
2450 4382 2607 4446 Very.
2648 4379 2781 4430 Aen.
2814 4378 2951 4428 VllII
2984 4378 3071 4434 37,

490 4458 603 4492 nam
634 4443 727 4493 hoc
760 4448 1035 4509 exetnptmu
1075 4462 1180 4496 cm
1214 4462 1273 4497 eo
1312 4449 1450 4512 quod
1480 4464 1641 4512 supra
1673 4451 1912 4515 scriptum
1948 4458 2063 4500 erat
2096 4450 2229 4502 Aen.
2261 4452 2355 4500 1111
2390 4451 2494 4502 594
2525 4451 2847 4503 coniunxisse
2882 4448 3078 4499 videtur·

486 4517 860 4579 gramaticus.
897 4524 952 4568 ut
989 4518 1039 4567 in
1079 4518 1164 4567 illo
1209 4533 1389 4569 sensus
1432 4526 1618 4568 tantum
1658 4522 1973 4582 coniunctos,
2018 4522 2070 4572 in
2114 4522 2209 4571 Ιιοο
2242 4528 2291 4571 et
2324 4536 2502 4572 sensus
2537 4529 2589 4572 ec
2620 4520 2776 4571 verba
2814 4520 3077 4572 coninua

492 4598 605 4634 esse
640 4584 860 4635 doceret.
931 4602 995 4637 ea
1035 4594 1196 4638 autem
1231 4604 1362 4654 quae
1394 4596 1686 4654 sequuntur,
1718 4589 1802 4641 bic
1837 4592 1992 4640 verba
2030 4592 2297 4643 coniuncta
2331 4600 2451 4643 sunt
2483 4600 2599 4655 etc„
2636 4592 2710 4640 ad
2741 4589 3079 4654 differentiam

491 4655 881 4715 copulamur-mn
907 4663 957 4706 et
992 4657 1397 4710 disiunceivarum
1425 4661 1813 4712 coniunctionum
1845 4663 2108 4724 pertinere
2133 4662 2363 4713 videntur·
2500 4663 2567 4712 24
2605 4659 2710 4727 hic]
2752 4658 2870 4709 huic
2904 4658 2956 4708 A

493 4722 562 4774 26
597 4723 733 4774 dicta
771 4741 863 4776 om.
900 4726 1073 4777 ABG
1242 4728 1307 4781 31
1347 4738 1592 4792 quantum
1633 4731 1698 4780 ad
1738 4730 1897 4780 uerba
1930 4729 2115 4782 Rea*
2152 4747 2251 4796 qua
2274 4773 2286 4784 .
2317 4773 2330 4786 .
2371 4732 2436 4782 ad
2461 4732 2617 4783 uerba
2653 4731 2701 4780 Α
2873 4731 3075 4795 quando

495 4793 698 4856 quando
745 4795 811 4845 ad
846 4811 1051 4847 sensum
1086 4797 1138 4847 A
1309 4798 1378 4854 33
1422 4801 1625 4865 quando
1662 4800 1776 4850 dico
1812 4815 1910 4867 ego
1951 4812 2039 4853 aut
2074 4811 2125 4851 tu
2174 4817 2350 4853 eamus
2387 4801 2603 4852 elocutio
2639 4801 2846 4865 quidem
2881 4815 3077 4855 conexa

493 4872 575 4914 est
609 4864 702 4916 sed
734 4879 918 4918 sensus
944 4866 1145 4922 divisus
1179 4884 1297 4924 nam
1332 4871 1538 4940 quando
1572 4871 1686 4922 dico
1719 4886 1818 4942 ego
1858 4880 1946 4922 aut
1981 4881 2035 4924 tu
2065 4888 2242 4926 eamus
2269 4888 2362 4930 om.
2401 4873 2523 4943 Aa,
2562 4872 2686 4927 aad.
2724 4887 2800 4929 ac
