3541 5564
595 337 730 405 602
1072 310 1083 319 ’
1714 338 2074 404 monnau

642 465 685 503 p.
716 452 830 493 2731.
860 451 911 492 82
942 449 986 493 P.

589 551 840 612 persona
885 533 945 593 in
994 550 1086 603 εις
1116 530 1547 611 diphthongum
1591 530 1850 590 liniatur.
1932 529 2036 590 sed
2082 531 2158 591 ha
2177 547 2312 590 rum
2358 529 2839 606 coniugationum
2885 528 2948 588 in
2977 528 3188 606 „prima

590 653 839 714 persona
884 634 1255 695 differentiae
1301 632 1849 713 deprehenduntur.
1939 634 2255 712 quaeritur
2315 633 2473 692 enim
2536 633 2597 691 in
2648 632 2840 709 prima
2884 631 3188 709 positione

589 736 757 796 verbi
803 739 1107 815 cuiusque.
1176 754 1325 816 quae
1373 736 1602 796 litterae
1648 733 2011 814 praecedant
2072 753 2125 795 ω
2187 732 2420 795 finalem
2464 733 2724 793 litteram
2768 731 2955 793 verbi.
3030 738 3089 790 et
3134 732 3188 789 si

588 840 887 899 inveneris
933 847 1067 899 ante
1115 858 1166 899 ω
1210 836 1254 917 β
1300 858 1351 917 φ
1395 855 1443 897 π
1489 854 1597 915 πτ,
1651 834 1859 916 λείβω
1902 830 2144 915 γράφω
2188 833 2407 915 τέρπω
2453 830 2713 914 κόπτω,
2770 836 2998 914 primae
3043 851 3187 893 con-

591 942 908 1018 iugationis
955 939 1405 1019 pronuntiabis;
1454 941 1505 1000 si
1553 947 1748 1000 autem
1802 939 2143 1017 reppereris
2185 957 2228 1017 γ
2273 957 2313 998 κ
2358 957 2429 1017 χ,
2465 933 2635 1016 λέγω
2679 931 2904 997 πλέκω
2947 931 3183 1014 τρέχω,
3245 953 3274 992 5

590 1044 911 1104 secundam
971 1042 1233 1103 vocabis:
1291 1041 1503 1121 quodsi
1563 1038 1605 1100 ὃ
1659 1043 1711 1101 θ
1753 1060 1824 1120 τ,
1882 1033 2025 1122 ᾅδω
2081 1036 2322 1120 πλήθω
2377 1033 2639 1116 ἅνύτω,
2706 1040 2943 1098 tertiam
2989 1037 3182 1097 dices:

590 1154 802 1224 quarta
847 1147 983 1215 erit,
1028 1146 1078 1204 si
1123 1143 1400 1205 habuerit
1456 1142 1487 1219 ζ
1528 1151 1628 1203 aut
1670 1143 1788 1203 (luo
1832 1155 1955 1221 σσ,
2013 1137 2240 1221 φράζω
2297 1135 2598 1220 ὀρύσσω;
2669 1142 2720 1200 si
2777 1158 2916 1200 vero
2961 1142 3188 1201 suerint

501 1322 506 1331 ·
592 1247 851 1326 liquidae
923 1246 960 1306 λ
1015 1267 1062 1327 μ
1120 1265 1163 1306 ν
1220 1267 1294 1327 ρ,
1350 1241 1583 1306 πάλλω
1639 1242 1818 1325 νέμω
1885 1246 2101 1323 κρίνω
2169 1241 2460 1323 σπείρω,
2525 1244 2793 1322 quintam
2860 1240 3185 1302 notabunt:

591 1356 751 1409 sexta
805 1350 1116 1429 profertur
1172 1341 1284 1408 διὰ
1342 1346 1656 1426 καθαροῦ
1712 1346 1835 1408 τοῦ
1883 1366 1958 1426 ω,
2005 1340 2133 1425 ρέω
2176 1338 2562 1425 θεραπεύω.
2633 1362 2750 1404 non
2796 1344 2945 1404 nulli
2989 1350 3049 1403 et
3093 1362 3187 1403 se-

590 1452 835 1528 ptimam
879 1469 1011 1511 esse
1056 1450 1373 1510 voluerunt
1416 1448 1914 1530 praecedentibus
1959 1443 1991 1521 ξ
2048 1454 2137 1526 ψ,
2183 1440 2390 1520 ἀλέξω
2446 1442 2608 1520 ἕψω.
2699 1446 2854 1525 apud
2917 1444 3181 1515 Latino&
3221 1466 3271 1508 ιο

591 1570 843 1630 quorum
905 1552 1128 1637 nullum
1188 1551 1433 1612 verbum
1490 1554 1552 1612 in
1612 1550 1845 1612 finalem
1914 1548 2196 1629 syllabam
2241 1550 2500 1609 admittit
2544 1556 2880 1617 accentum,
2951 1554 3189 1608 cessant

590 1653 962 1714 differentiae
1015 1673 1162 1733 quas
1208 1654 1360 1735 apud
1410 1652 1417 1733 Ι
1468 1654 1728 1714 Graecos
1777 1651 2191 1713 circumflexus
2251 1652 2519 1727 gravisve
2575 1651 2872 1719 fecerunt,
2930 1667 3186 1729 quorum
3249 1718 3265 1734 “

590 1755 840 1816 alterum
886 1761 948 1818 in
993 1755 1193 1817 verbis
1236 1757 1510 1826 ultimae,
1569 1757 1827 1817 alterum
1872 1753 2270 1834 paenultimae
2330 1752 2640 1813 Graeciam
2693 1752 2950 1812 diximus
2995 1751 3184 1830 depu-

510 1911 519 1919 .
589 1863 767 1919 tasse.
859 1865 1047 1920 restat
1090 1860 1277 1936 igitur
1320 1861 1381 1919 in
1428 1858 1523 1918 his
1570 1857 1847 1919 latinitati
1896 1875 2048 1917 unus
2092 1863 2399 1924 accentuS,
2447 1872 2685 1932 gravem
2731 1854 2894 1923 dice,
2941 1855 3041 1932 qui
3089 1871 3184 1911 sc·

593 1960 685 2020 lus
730 1960 991 2023 Romana
1037 1960 1219 2021 verba
1263 1963 1512 2022 sortitus
1556 1970 1675 2031 est;
1724 1960 1827 2020 sed
1873 1960 1984 2020 hoc
2029 1960 2340 2038 proprium
2386 1958 2448 2017 in
2493 1956 2692 2017 verbis
2735 1954 2939 2017 latinis
2982 1955 3181 2016 babet,
3217 1975 3268 2015 ιε)

594 2062 751 2142 quod
799 2081 912 2123 non
957 2081 1211 2142 semper,
1259 2070 1325 2123 ut
1368 2063 1523 2143 apud
1570 2063 1855 2131 Graecos,
1903 2061 2007 2122 ubi
2054 2062 2271 2130 suerit,
2330 2061 2392 2119 in
2436 2058 2858 2138 paenultimam
2902 2057 3186 2138 syllabam

589 2163 780 2233 cadit,
839 2165 944 2225 sed
1000 2183 1178 2245 saepe
1235 2172 1295 2224 et
1350 2185 1381 2226 a
1436 2166 1550 2225 line
1612 2166 1850 2226 tertiam
1906 2170 2100 2232 tenet,
2145 2168 2212 2221 ut
2258 2178 2474 2240 aggero
2519 2162 2739 2221 resero,
2827 2160 2981 2240 quod
3028 2160 3186 2239 apud

595 2265 855 2327 Graecos
898 2285 1015 2327 non
1059 2276 1256 2347 potest
1299 2269 1571 2336 evenire,
1621 2266 1775 2347 apud
1823 2283 1970 2346 quos
2015 2266 2079 2324 in
2123 2265 2422 2324 communi
2469 2264 2671 2342 lingua
2716 2264 2847 2323 fieri
2893 2281 3009 2323 nou
3053 2270 3184 2341 pot-

593 2375 710 2435 est,
770 2376 861 2439 ut,
921 2388 1054 2429 cum
1112 2369 1304 2430 ssnalis
1360 2368 1583 2449 syllaba
1641 2368 1813 2446 longa
1871 2374 1992 2437 est,
2052 2369 2266 2428 tertius
2311 2385 2342 2426 a
2388 2367 2503 2426 fine
2548 2365 2837 2426 habeatur
2880 2372 3182 2425 accentus.

590 2488 642 2529 ω
688 2478 887 2530 antem
933 2472 1287 2532 naturaliter
1333 2472 1573 2550 longum
1620 2479 1730 2531 est.
1818 2487 1960 2547 ergo
2004 2486 2326 2547 numquam
2371 2475 2650 2528 accentus
2693 2469 2756 2527 in
2801 2467 2977 2527 huius
3022 2465 3182 2525 modi
3214 2486 3270 2525 ρο

588 2571 790 2649 verbis
835 2573 991 2653 apud
1038 2573 1169 2634 illos
1213 2575 1271 2635 in
1319 2575 1559 2634 tertium
1602 2572 1853 2650 gradum
1900 2570 2257 2650 syllabarum
2304 2570 2552 2630 recedit.

288 2683 590 2734 190.146'V.
766 2674 1011 2753 Singula
1061 2684 1327 2755 tempora
1374 2693 1724 2753 graecorum
1759 2672 2077 2734 verborum
2124 2692 2240 2733 nou
2286 2673 2673 2752 simpliciter,
2722 2673 2877 2732 sicut
2919 2654 3188 2732 latinitas

381 3399 477 3446 190
502 3396 564 3449 V.

590 2777 942 2857 compendio
989 2780 1205 2849 utitur,
1253 2778 1661 2858 proferuntur.
1751 2786 1812 2838 et
1858 2784 1922 2836 ut
1965 2774 2217 2855 exempli
2266 2794 2441 2836 causa
2485 2776 2663 2836 unius
2707 2773 2875 2835 verbi
2923 2772 3183 2835 declina·

592 2882 675 2938 tin
721 2888 988 2950 notetur,
1049 2876 1277 2942 τύπτω
1334 2881 1667 2960 perfectum
1724 2879 1869 2939 facit
1912 2872 2196 2957 τέτυφα,
2252 2885 2311 2937 et
2369 2879 2641 2957 sequitur
2686 2877 2870 2937 altera
2917 2876 3186 2936 eiusdem

592 2985 878 3062 temporis
924 2982 1271 3053 declinatis),
1319 2981 1475 3063 quod
1520 2981 1784 3042 medium
1827 2981 2157 3059 perfectum
2204 2987 2444 3050 vocant,
2491 2975 2771 3039 τέτυπαε
2829 2980 2976 3039 item
3019 2978 3181 3058 plus·
3213 3001 3269 3039 ες,

591 3078 1531 3163 quampersectum‚guttim-sav,
1579 3082 1840 3144 medium
1888 3082 2530 3162 plusquamperfectum
2576 3074 2952 3141 ἑτετύπεινε
3000 3073 3184 3158 αόρί-

593 3200 758 3246 στου
802 3185 1038 3265 ἔτυψα,
1084 3180 1296 3266 μέσου
1340 3178 1659 3267 ἀορίστου
1703 3181 1980 3244 ἔτυπονε
2030 3185 2296 3244 futurum
2341 3187 2599 3264 primum
2645 3185 2788 3244 facit
2830 3178 3043 3257 τύψω,
3091 3183 3184 3242 su-

591 3296 789 3348 turum
836 3287 1165 3349 secundum
1208 3287 1417 3349 τυποῖ.
1507 3286 1793 3349 similiter
1837 3288 1898 3347 in
1946 3287 2181 3366 passivo
2226 3288 2533 3347 variantur
2579 3293 2865 3365 tempora.

762 3390 847 3451 De
903 3398 1171 3470 tempore
1225 3391 1543 3470 praesenti.
1634 3390 1996 3450 Graecorum
2055 3386 2233 3448 verba
2292 3389 2487 3448 omnia
2543 3405 2692 3466 quae
2739 3390 2802 3448 in
2848 3406 2900 3447 ω
2945 3395 3183 3455 exeunt,

591 3510 698 3551 scu
753 3494 1171 3572 perispomena
1229 3512 1333 3554 seu
1393 3491 1674 3571 barytona
1722 3492 1868 3559 sint,
1930 3491 1990 3550 in
2051 3508 2423 3570 quacumque
2469 3491 2881 3567 coniugatione
2927 3489 3183 3549 eundem
3215 3512 3268 3551 ao

593 3600 709 3653 tam
768 3595 829 3654 in
885 3595 1074 3674 prima
1132 3613 1308 3675 quam
1366 3596 1427 3653 in
1484 3593 1742 3654 secunda
1811 3610 2063 3671 persona
2135 3599 2372 3653 servant
2434 3610 2747 3653 numerum
2803 3590 3182 3671 syllabarum.

591 3698 788 3756 omnia
845 3714 987 3756 vero
1043 3699 1103 3757 in
1160 3716 1279 3778 μαι
1335 3699 1649 3757 terminata
1708 3696 1867 3754 varia
1926 3693 2288 3774 syllabarum
2358 3694 2768 3755 vicissitudine
2834 3701 3182 3773 pensantur.
3231 3703 3242 3706 '

592 3815 772 3876 porro
831 3817 1114 3879 praesens
1172 3817 1343 3860 omne
1403 3806 1636 3878 tempus
1679 3796 1838 3876 quod
1883 3798 1946 3856 in
1989 3816 2107 3877 μαι
2151 3799 2513 3857 terminatur
2558 3798 2716 3856 omni
2763 3796 2935 3857 modo
2981 3798 3041 3856 in
3087 3815 3182 3856 se·
3243 3855 3250 3860 .

591 3900 781 3961 cunda
839 3919 1096 3980 persona
1163 3919 1339 3961 unam
1394 3900 1675 3979 syllabam
1732 3901 1976 3968 minuit,
2025 3898 2354 3979 φιλοῦμαι
2399 3896 2601 3979 φιλῇ,
2659 3897 2941 3978 τιμῶμαι
2994 3897 3181 3978 τιμᾷ,

590 4001 1057 4082 στεφανοῦμαι
1103 4008 1451 4083 στεφανοῖ,
1499 3999 1773 4082 λέγομαι
1821 3996 2003 4082 λέγῃ,
2050 3997 2397 4082 γράφομαι
2425 3996 2684 4080 γράφῃ,
2730 4017 2866 4060 cum
2897 4002 2958 4059 in
2989 4002 3183 4061 activo
3212 4024 3269 4064 ar,

588 4122 763 4182 pares
818 4104 1069 4184 syllabas
1126 4114 1373 4184 utraque
1431 4122 1683 4184 persona
1740 4106 2085 4165 servaverit.
2175 4106 2318 4164 item
2375 4102 2527 4182 apud
2587 4102 2846 4163 Graecos
2898 4120 3186 4181 praesens

588 4213 822 4286 tempus
876 4209 1103 4287 primae
1161 4189 1499 4287 positionis,
1557 4206 1714 4287 quod
1773 4209 1833 4267 in
1894 4225 1946 4266 ω
2004 4208 2154 4275 exit,
2211 4204 2358 4265 alios
2405 4204 2618 4267 ,modos
2674 4203 2747 4264 de
2803 4222 2867 4264 se
2911 4212 3183 4282 generat.

588 4327 721 4368 nam
779 4311 953 4369 tertia
1011 4329 1266 4390 persona
1322 4311 1452 4370 eius
1513 4307 1783 4370 adhibito
1838 4307 1955 4369 sibi
2012 4328 2054 4368 ν
2105 4308 2247 4368 facit
2291 4326 2362 4367 ex
2408 4325 2470 4366 se
2516 4307 2873 4366 infinitivum
2919 4306 3180 4376 modum,

589 4417 776 4471 ποιεῖ
811 4417 1058 4490 ποιεῖν,
1104 4412 1259 4493 τιμᾷ
1304 4410 1527 4512 τιμᾷν,
1573 4398 1825 4490 χρυσοῖ
1860 4409 2189 4490 χρυσοῦνε
2251 4410 2423 4470 tertia
2473 4410 2631 4468 enim
2677 4409 3016 4485 coniugatio
3059 4425 3181 4468 πε-

752 4618 786 4666 2
824 4617 1269 4685 deprehendentur
1306 4619 1354 4669 Β
1526 4618 1557 4667 7
1595 4613 1661 4681 ζη
1699 4623 1786 4665 aut
1820 4616 1922 4666 dno
1958 4627 2026 4665 σσ
2055 4613 2106 4663 Ρ
2141 4611 2387 4678 ζηαυοσσ
2422 4612 2475 4662 Β
2637 4612 2671 4663 8
2700 4612 2894 4663 παλλω
2932 4611 2981 4661 Β
3015 4612 3184 4662 πωλω

586 4690 934 4750 ,superscripto
968 4688 1132 4739 nendo
1173 4688 1220 4736 Ρ
1241 4680 1438 4753 ψάλλω
1472 4703 1507 4751 ρ
1653 4686 1715 4735 12
1749 4686 2023 4751 granisque
2051 4684 2102 4732 B
2241 4683 2310 4732 20
2345 4683 2498 4747 longa
2535 4697 2674 4736 corr.
2715 4684 2919 4746 longum
2948 4682 2997 4732 B
3027 4681 3182 4745 longa

588 4759 635 4805 P
773 4757 839 4809 34
887 4773 1161 4822 τιμουμαι
1200 4760 1247 4808 P
1390 4757 1457 4806 36
1504 4770 1722 4821 persona
1756 4774 1793 4820 p
1841 4769 2087 4821 personae
2131 4754 2175 4802 P
2339 4754 2459 4802 ite-ln
2509 4767 2747 4817 praesens
2793 4760 2992 4817 tempus
3042 4751 3180 4816 apud

587 4842 766 4891 grecos
804 4828 997 4893 primae
1032 4830 1080 4875 J'
1216 4826 1285 4880 39
1312 4829 1518 4892 χρυσοῖ
1547 4826 1705 4874 lanus
1744 4839 1951 4890 χρυσον
1989 4826 2037 4874 Ρ
