3541 5564
1372 390 1847 460 COMMENTVM
2791 389 2905 458 111

2563 514 2605 557 p.
2634 505 2785 545 :ia-35
2815 502 2859 543 L.

318 584 389 647 ad
449 584 690 648 modum
746 583 903 666 apud
950 586 1236 656 Graecos,
1295 586 1353 646 id
1415 594 1503 646 est
1558 605 1592 667 y
1649 605 1756 666 pro
1815 585 2028 654 vocali,
2090 603 2118 645 Ζ
2165 603 2272 664 pro
2320 584 2556 664 duplici.
2647 585 2751 645 sed
2798 584 2910 645 boc

315 691 569 749 interest
611 690 767 749 inter
811 707 840 747 z
888 695 947 748 et
991 707 1044 758 x,
1093 688 1248 768 quod
1296 706 1333 747 x
1376 696 1577 749 nostra
1626 707 1863 767 semper
1908 687 2126 767 duplex
2173 695 2230 746 et
2274 707 2383 767 pro
2429 685 2656 747 duabus
2701 705 2906 747 conso-

316 790 597 851 nantibus
651 789 928 860 habetur;
989 810 1019 849 Ζ
1064 810 1214 859 nou,
1274 791 1378 850 sed
1436 789 1751 869 aliquando
1806 808 1917 869 pro
1976 789 2194 869 duplici
2249 788 2530 859 habetur,
2592 789 2907 868 aliquando

312 911 424 971 pro
481 892 752 972 simplici.
840 894 1140 952 invenitur
1196 892 1441 971 duplex,
1499 893 1851 953 ‘Mezenti
1911 892 2122 954 ducis
2179 894 2549 959 exuvias'3
2616 893 2908 951 invenitur

262 993 597 1073 ssimplex,
647 999 1076 1054 ‘nemorosa
1122 993 1595 1074 Zacynthos'.
1669 996 1827 1053 varie
1870 996 2129 1072 ponitur.
2223 991 2335 1053 boc
2359 996 2625 1054 ‘interest
2669 994 2825 1052 inter
2870 1012 2906 1052 x

314 1104 372 1155 et
416 1115 464 1154 Ζ.
527 1094 689 1156 unde
745 1096 810 1155 fit
867 1102 932 1155 ut
985 1094 1139 1155 xvn
1195 1103 1482 1174 putentur
1538 1095 1789 1156 litterae.
1882 1095 2019 1155 tolle
2079 1098 2237 1156 enim
2285 1115 2460 1156 unam
2508 1093 2804 1173 duplicem
2850 1114 2904 1162 x,

312 1196 451 1256 tolle
510 1197 669 1258 illam
728 1216 902 1258 unam
956 1198 1331 1274 aspirationis
1386 1206 1581 1258 notam
1628 1197 1702 1267 h,
1751 1197 1893 1257 tolle
1941 1198 1976 1258 k
2024 1207 2080 1257 et
2125 1217 2190 1277 q,
2240 1215 2386 1274 quas
2431 1197 2762 1276 superfluas
2808 1215 2905 1257 vo·

311 1307 480 1367 cant,
532 1297 689 1376 tolle,
723 1297 870 1360 duas
916 1315 1162 1376 graecas
1206 1320 1239 1379 y
1290 1306 1348 1359 et
1391 1318 1448 1368 z,
1499 1306 1557 1359 et
1600 1298 1753 1361 xvll
1799 1308 2126 1361 remanent.

478 1402 591 1460 Vni
638 1403 849 1480 cuique
895 1400 1124 1460 litterae
1170 1403 1279 1462 tria
1328 1400 1622 1472 accidunt,
1670 1420 1890 1462 nomen
1937 1402 2120 1479 figura
2167 1408 2446 1481 potestas.
2525 1420 2743 1461 nomen
2790 1409 2898 1469 est,
2926 1413 3045 1475 478,
3074 1416 3104 1463 5
3151 1419 3160 1428 “

238 1520 282 1558 ιο
312 1511 373 1562 ut
418 1505 600 1572 sciaS,
648 1522 768 1581 quo
814 1504 1054 1562 nomine
1102 1511 1357 1573 vocatur,
1407 1522 1436 1562 a
1484 1502 1520 1563 b
1568 1523 1628 1572 c,
1679 1503 1791 1564 hoc
1840 1512 1929 1564 est
1973 1522 2211 1564 nomen.
2267 1501 2272 1584 f
2324 1513 2379 1562 et
2423 1520 2644 1581 genere
2691 1509 2903 1563 neutro

308 1604 565 1682 legimus
611 1605 857 1666 litteras
947 1603 1170 1682 legistis
1213 1607 1273 1664 in
1323 1605 1610 1666 Cicerone
1656 1612 1721 1664 ut
1765 1623 1953 1683 usque
2000 1606 2244 1666 alteram
2292 1623 2320 1664 r
2363 1604 2617 1665 litteram
2652 1622 2767 1664 non
2801 1604 2902 1663 de·

308 1707 499 1767 clinis.
592 1706 749 1767 unde
806 1705 950 1767 illud
1008 1709 1069 1766 in
1127 1708 1530 1784 quaestionem
1586 1709 1777 1775 venit,
1825 1709 2070 1786 sigmata
2117 1709 2335 1784 sigma,
2384 1708 2681 1784 ‘Sigmatis
2726 1706 2905 1766 habet

305 1810 558 1887 figuram
579 1814 615 1869 '.
678 1809 866 1886 figura
913 1818 1031 1879 est,
1079 1827 1193 1887 qua
1239 1807 1537 1878 scribitur,
1587 1817 1650 1868 ut
1692 1817 1836 1888 puta
1869 1829 1900 1869 a
1933 1812 2011 1870 ita
2043 1810 2125 1877 fit,
2175 1809 2212 1868 b
2244 1811 2321 1868 ita
2367 1809 2459 1876 fit3
2512 1808 2627 1869 sed*
2662 1809 2901 1869 interim

306 1930 423 1990 quo
469 1911 649 1971 modo
695 1929 804 1971 nos
849 1909 1117 1988 legimus
1210 1919 1508 1981 ceterum,
1556 1911 1695 1990 quid
1756 1920 1845 1971 est
1900 1913 2124 1989 ligura?
2181 1913 2229 1971 si
2290 1910 2430 1970 velis
2478 1928 2680 1970 verum
2728 1912 2900 1978 scire,

239 2029 285 2067 15
308 2014 539 2073 invenis
605 2011 759 2073 aliud
814 2030 1078 2091 pragma.
1179 2011 1279 2073 illa
1337 2011 1447 2073 alia
1503 2015 1653 2073 ratio
1711 2023 1817 2073 est.
1918 2021 2176 2092 potestas
2234 2021 2353 2080 est,
2414 2021 2477 2071 ut
2531 2014 2710 2082 sciaS,
2760 2012 2900 2091 quid

308 2114 501 2174 valent
547 2114 803 2183 litterae,
850 2123 990 2193 puta
1048 2116 1097 2174 si
1145 2103 1367 2174 vocalis¹
1405 2121 1522 2183 est,
1571 2118 1620 2176 si
1667 2134 2031 2184 consonans,
2080 2117 2131 2174 si
2175 2111 2576 2183 semivocalis,
2624 2114 2673 2173 si
2719 2122 2899 2183 muta,

308 2217 357 2275 si
401 2217 581 2276 aliam
629 2234 1062 2295 quamcumque
1105 2225 1461 2296 potestatem
1505 2216 1738 2278 habeat.

1366 2388 1463 2449 DE
1508 2387 1843 2449 SYLLABA

475 2504 712 2585 Syllaba
758 2514 848 2567 est
891 2506 1045 2567 dicta
1091 2506 1165 2566 de
1209 2523 1453 2584 graeco:
1514 2526 1546 2566 a
1592 2525 1806 2584 graeco
1854 2505 2145 2586 appellata
2193 2514 2280 2566 est
2325 2503 2564 2584 syllaba,
2613 2526 2644 2566 a
2691 2524 2900 2585 graeca
2925 2523 3044 2586 423,
3075 2525 3133 2571 11

235 2610 760 2688 insignificatione,
809 2609 868 2668 id
915 2617 1004 2669 est
1050 2626 1081 2669 a
1127 2618 1421 2687 conceptu
1453 2607 1815 2677 litterarum;
1863 2606 2081 2687 syllaba
2129 2608 2279 2667 dicta
2328 2627 2361 2667 a
2407 2616 2700 2688 conceptu
2744 2607 2901 2669 litte-

304 2730 526 2773 rarum.
591 2711 986 2772 Terentianus
1030 2709 1178 2771 illud
1225 2712 1519 2791 expressit
1563 2709 1901 2789 diligenter,

612 2813 985 2874 vinculum
1034 2831 1197 2873 nam
1246 2815 1497 2891 signat
1539 2815 1685 2873 ista
1733 2812 2191 2892 congregale
2239 2812 2491 2873 dictio.

306 2917 419 2976 ista
462 2916 644 2975 dictio
691 2915 830 2994 quid
879 2914 1204 2993 significat?
1251 2914 1550 2975 vinculum
1597 2914 1951 2977 litterarum.
2017 2934 2159 2993 ergo
2205 2916 2339 2975 ideo
2385 2917 2435 2974 si
2480 2914 2633 2975 dicta
2668 2923 2755 2975 est
2783 2898 2897 2995 syl-

307 3016 471 3085 laba,
529 3017 589 3077 id
648 3026 812 3077 esta
868 3025 1164 3095 conceptu
1221 3015 1585 3088 litterarum,
1644 3020 1886 3097 proprie
1945 3016 2045 3078 illa
2102 3017 2318 3078 dicitur
2376 3017 2627 3098 syllaba,
2690 3033 2839 3094 quae
2888 3018 2895 3097 ff

231 3139 280 3177 25
306 3119 521 3181 multas
567 3119 746 3180 habet
790 3118 1046 3188 litteraS,
1093 3126 1160 3180 ut
1203 3127 1345 3198 puta
1391 3138 1553 3199 prae.
1641 3121 1786 3179 istae
1832 3118 2112 3180 collectae
2160 3127 2297 3179 sunt
2328 3128 2386 3178 et
2414 3120 2688 3179 fecerunt
2719 3137 2895 3178 unam

301 3220 606 3302 syllabam.
709 3238 851 3298 ergo
892 3223 1146 3300 -proprie
1205 3221 1359 3282 dicta
1434 3229 1523 3281 est
1577 3219 1830 3300 syllaba,
1901 3221 2036 3300 quia
2095 3223 2341 3282 conexio
2399 3228 2487 3281 est
2540 3220 2896 3281 litterarum.

306 3334 501 3384 tamen
550 3323 727 3382 etiarn
773 3322 1013 3382 abusive
1059 3323 1309 3383 dicimus
1364 3321 1613 3401 syllabas
1668 3322 1741 3383 de
1785 3322 2032 3401 singulis
2079 3322 2373 3384 vocalibus
2428 3322 2641 3392 saetas»,
2703 3331 2767 3383 ut
2812 3330 2900 3382 est

304 3445 365 3486 a:
412 3444 601 3493 amor,
663 3442 799 3485 ecce
856 3444 889 3485 a
947 3423 1141 3485 littera
1197 3433 1314 3494 est,
1375 3433 1432 3485 et
1486 3436 1681 3485 tamen
1739 3433 1934 3504 potest
1988 3424 2210 3504 syllaba
2268 3426 2413 3493 dici,
2472 3423 2575 3484 sed
2634 3422 2894 3484 abusive.

302 3545 419 3587 non
467 3534 560 3587 est
606 3527 764 3586 enim
810 3535 1135 3605 conceptus
1180 3526 1539 3596 litterarum;
1601 3527 1705 3588 sed
1762 3528 1876 3587 hoc
1933 3525 2192 3587 abusive.
2241 3526 2337 3587 illa
2383 3527 2627 3606 proprie
2670 3524 2893 3605 syllaba

232 3638 422 3698 west,
471 3645 626 3705 quae
673 3627 745 3688 de
790 3627 992 3689 multis
1035 3628 1245 3689 litteris
1289 3630 1380 3699 fit,
1437 3627 1535 3689 illa
1590 3627 1862 3697 abusive,
1921 3647 2072 3708 quae
2117 3629 2191 3689 de
2248 3646 2360 3688 uua
2410 3627 2593 3687 vocali
2641 3634 2891 3688 constat.

439 3854 471 3900 4
514 3847 751 3916 Mezenti]
805 3852 962 3915 Vergy.
998 3853 1129 3902 Aen.
1170 3849 1239 3899 Xl
1281 3851 1312 3898 7
1490 3852 1703 3901 exuuias
1752 3851 1857 3899 uidi
1906 3852 2162 3900 inuenitur
2199 3849 2417 3915 simplex
2453 3850 2501 3899 B
2539 3850 2753 3898 exuuias
2787 3850 2895 3897 uidi

302 3922 522 3986 simplex
563 3920 607 3970 C
774 3923 806 3969 5
844 3912 1133 3985 n'emorosa]
1184 3922 1339 3985 Ver-q.
1378 3921 1512 3975 Aen,
1556 3923 1619 3970 ΙΙΙ
1659 3922 1763 3969 270
1939 3920 2272 3970 zancliiuthos
2309 3921 2359 3968 A
2409 3920 2688 3968 zat-huntos
2728 3919 2777 3967 B
2810 3935 2894 3967 za-

303 3991 514 4055 chyntos
555 3991 598 4040 C
771 3989 833 4041 10
880 4000 929 4039 et
976 4005 1163 4055 genere
1212 4003 1386 4041 neutro
1439 3992 1488 4040 in
1528 3994 1758 4040 cicerone
1798 3989 1960 4056 figura
1998 4007 2097 4053 qua
2132 3992 2369 4039 scribitur
2404 3991 2468 4043 L.
2508 3994 2558 4039 in
2597 3991 2896 4053 reliquorum

303 4065 449 4110 eliam
485 4061 729 4111 librorum
761 4060 1021 4123 scriptura
1059 4064 1301 4122 conplura
1328 4078 1360 4109 a
1396 4061 1621 4111 librariis
1657 4064 1837 4110 omissa
1875 4077 1984 4110 esse
2021 4062 2263 4112 videntur.
2298 4076 2408 4109 nam
2447 4062 2538 4110 hoc
2571 4061 2897 4123 praecepisse

300 4132 497 4181 videtur
529 4132 901 4195 yrammate‘cus,
939 4133 1131 4181 nomina
1162 4133 1444 4181 litterarum
1480 4141 1655 4180 neutro
1683 4147 1871 4195 ,qenere
1909 4132 2012 4181 dici
2039 4139 2088 4180 et
2121 4137 2294 4192 aptota
2329 4147 2455 4190 esse,
2481 4133 2622 4181 sicut
2656 4131 2897 4180 Varrone

301 4210 509 4253 auctore
554 4201 834 4250 docuerunt
875 4203 1177 4251 Priscianus
1223 4202 1240 4248 l
1273 4218 1330 4264 p.
1371 4201 1431 4262 7,
1470 4203 1535 4249 27
1582 4209 1631 4250 ee
1677 4202 1878 4250 Probus
1913 4204 2064 4250 instit.
2113 4210 2212 4250 art.
2254 4217 2307 4264 p,
2349 4202 2441 4260 48,
2495 4200 2580 4253 36.
2642 4201 2895 4249 Ciceronis

302 4262 638 4321 testbnoniam‘
672 4271 804 4319 unde
836 4275 1036 4332 petitum
1071 4273 1155 4330 sit,
1192 4271 1308 4319 milti
1335 4286 1431 4320 non
1466 4278 1677 4324 constat.
1715 4273 1886 4321 eodem
1924 4278 2083 4320 aulem
2107 4274 2368 4332 pertinere
2402 4271 2636 4319 videnlur
2667 4285 2796 4335 quae
2832 4270 2894 4315 de

300 4344 471 4389 eadem
508 4357 569 4390 re
602 4356 674 4389 ex
711 4340 947 4391 Cicer-one
982 4341 1260 4403 adscripsit
1292 4341 1556 4391 Cledonius
1592 4356 1647 4404 p.
1687 4341 1817 4391 1881
1855 4350 1905 4389 ee
1942 4339 2088 4391 1883.
2131 4342 2193 4389 de
2223 4345 2413 4391 nomine
2450 4345 2650 4389 litterae
2675 4342 2832 4402 sigma
2860 4354 2893 4385 a

296 4411 637 4474 yrammutieis
672 4413 942 4474 quaesitam
978 4426 1090 4460 esse
1111 4412 1372 4460 adnotavit
1402 4410 1599 4460 Probus
1631 4414 1791 4460 inseit-
1831 4419 1932 4460 art.
1971 4425 2023 4472 p.
2068 4411 2183 4469 121,
2227 4409 2294 4459 20
2404 4411 2463 4461 11
2507 4424 2720 4471 utusque
2750 4407 2895 4456 ABG

302 4494 573 4542 mutusque
615 4498 649 4530 a
789 4482 999 4529 alterurn
1031 4481 1084 4530 B
1223 4482 1387 4529 littera
1423 4496 1485 4530 no
1528 4495 1626 4530 non
1664 4483 1842 4531 deletis
1881 4497 1944 4530 no
1981 4481 2160 4529 litteris
2200 4479 2250 4528 A
2393 4481 2607 4529 declinis
2644 4477 2754 4527 AB
2807 4478 2893 4526 de-

300 4551 457 4599 clines
498 4550 539 4600 0
680 4550 743 4599 14
781 4565 873 4599 nos
908 4566 999 4600 om.
1046 4550 1087 4599 G
1192 4550 1254 4600 15
1293 4549 1381 4597 illa
1416 4566 1505 4600 om.
1545 4551 1613 4607 A,
1654 4552 1775 4600 add.
1800 4567 1833 4599 a
1943 4550 2006 4599 18
2042 4550 2261 4613 explecit
2298 4551 2587 4599 subnotatio
2627 4549 2690 4597 de
2729 4547 2892 4596 littera

302 4620 535 4669 feliciter.
588 4619 728 4669 ικοιιῗ
772 4636 835 4669 οε
884 4635 1104 4671 sumas
1143 4621 1191 4668 A
1227 4636 1370 4672 exer..
1413 4634 1719 4670 suanorum
1756 4636 1822 4669 ns
1861 4620 1972 4669 mi
2009 4619 2097 4669 1Νὸ
2131 4635 2195 4668 ns
2233 4635 2453 4669 sverans
2492 4618 2542 4668 B
2681 4619 2749 4666 20
2789 4618 2892 4681 syl-

304 4690 415 4738 laba
444 4690 580 4738 dicta
616 4705 645 4737 a
681 4701 921 4754 conceptu
962 4690 1238 4739 liiterarum
1276 4706 1366 4742 om.
1398 4690 1466 4748 A,
1506 4691 1627 4742 add.
1654 4707 1687 4739 a
1798 4691 1862 4739 21
1905 4686 2256 4755 Terentianus]
2299 4707 2344 4741 v.
2389 4688 2519 4740 1317
2625 4688 2693 4736 22
2720 4687 2894 4753 signat

302 4758 449 4810 Boo
489 4760 752 4823 significat
788 4760 836 4808 A
861 4761 931 4823 (ἲ)
1041 4770 1352 4823 congregata
1381 4760 1423 4810 0
1526 4762 1592 4807 23
1630 4756 1694 4823 si]
1733 4760 1806 4809 sic
1841 4759 2009 4809 ABG
2113 4761 2179 4809 ‘25
2218 4775 2335 4822 prae
2363 4775 2455 4810 om.
2487 4756 2557 4813 A,
2591 4757 2714 4809 add.
2753 4775 2785 4806 a

304 4828 369 4877 30
405 4840 605 4879 constat
636 4844 767 4891 quae
805 4844 903 4878 non
941 4840 1040 4877 tam
1068 4831 1263 4892 syllaba
1293 4828 1504 4878 dicenda
1540 4837 1617 4877 est
1648 4844 1799 4891 qnam
1827 4831 1953 4878 ratio
1993 4838 2274 4893 temporum
2304 4830 2499 4895 syllaba
2537 4827 2669 4876 enim
2707 4828 2891 4877 dicitur

303 4916 336 4949 a
371 4914 494 4949 cons
522 4939 534 4952 .
563 4941 573 4951 .
601 4939 614 4950 .
646 4909 698 4947 at
734 4899 915 4948 sillaba
946 4914 1070 4966 ergo
1103 4900 1306 4965 proprie
1344 4899 1408 4948 de
1441 4914 1543 4949 uua
1578 4898 1740 4948 uocali
1774 4909 1970 4949 constat
2005 4899 2186 4948 sillaba
2224 4916 2348 4968 ergo
2384 4899 2592 4964 proprie
2628 4897 2814 4948 dicitur
2839 4900 2888 4947 A
