3541 5564
1437 352 1582 415 Ans
1638 352 1662 413 1
1709 357 1766 416 6.
1816 356 1851 415 7
2811 347 2940 415 455

419 476 460 516 p.
488 464 601 503 2152.
628 463 680 503 53
709 461 753 502 P.
2582 470 2624 512 p.
2653 460 2739 499 161.
2765 459 2816 499 62
2846 458 2888 498 1„

366 544 497 603 volo
543 543 701 605 volas
744 542 1029 604 velivolus
1087 540 1274 620 (unde
1322 545 1550 601 ‘mare
1596 538 2094 619 velivolum’),
2153 559 2185 601 a
2231 541 2441 618 frango
2485 539 2806 616 naufragus
2850 537 2937 597 vel

367 648 724 724 navifraguS.
814 647 876 705 in
935 661 1032 719 um
1092 662 1324 723 quoque
1383 643 1472 702 vel
1529 644 1593 702 in
1652 660 1811 710 rum,
1871 649 1934 701 ut
1991 641 2138 701 vado
2196 639 2363 722 [boc]
2413 642 2624 702 vadum
2676 639 2797 720 [vel
2841 640 2938 700 hic

366 766 466 808 vas
507 748 690 808 huius
733 744 960 825 vadis],
1019 745 1218 823 scalpo
1274 744 1600 823 scalprum,
1660 743 1839 804 fulcio
1899 743 2185 811 fulcrum,
2247 745 2425 820 iungo
2480 746 2704 821 iugum.
2793 742 2938 803 liunt

366 858 425 910 et
468 869 503 909 o
547 849 706 910 finali
762 855 991 908 tantum
1048 848 1271 907 reiecta
1330 847 1402 907 de
1459 845 1658 905 verbis
1712 847 1950 905 nomina
1997 846 2058 904 in
2106 862 2172 902 er
2217 844 2575 915 desinentia,
2623 852 2764 929 uta
2810 843 2938 903 fero

315 968 340 1005 5
368 950 455 1011 vel
500 969 644 1029 gero
711 951 1016 1030 conposita
1071 949 1285 1009 lucifer
1340 949 1639 1025 corniger.
1728 950 1901 1016 item,
1949 948 2217 1027 quamvis
2261 965 2422 1017 rara,
2472 948 2858 1008 fiunt2tamen
2907 964 2936 1005 a

366 1053 565 1113 verbis
609 1054 873 1121 nomina,
921 1069 1072 1130 quae
1119 1051 1474 1129 inceptivam
1518 1048 1917 1129 paenultimae
1962 1050 2053 1110 vel
2100 1049 2636 1128 antepaenultimae
2683 1047 2936 1127 syllabae

366 1154 530 1214 verbi
588 1161 1009 1215 consonantem
1067 1159 1200 1212 ante
1257 1151 1579 1212 clausulam
1636 1151 1858 1212 babent
1916 1153 2250 1221 nominum,
2307 1160 2371 1212 ut
2430 1153 2491 1211 in
2544 1169 2619 1211 en
2665 1158 2723 1210 et
2767 1152 2827 1210 in
2874 1168 2940 1208 os

366 1266 440 1337 61,
469 1259 531 1318 in
578 1274 648 1316 ex
697 1263 758 1316 et
801 1257 862 1316 in
909 1273 1017 1334 eps
1062 1262 1120 1315 et
1164 1256 1225 1314 in
1285 1273 1350 1314 es
1399 1252 1486 1333 [et
1531 1256 1592 1314 in
1639 1272 1747 1313 cen
1794 1260 1853 1313 et
1897 1255 1958 1314 in
2005 1273 2112 1332 pos
2155 1261 2215 1313 et
2260 1255 2319 1314 in
2366 1272 2477 1332 pex
2526 1259 2586 1312 et
2631 1253 2692 1311 in
2736 1251 2833 1310 fex
2880 1258 2940 1310 et

367 1362 427 1419 in
473 1378 612 1438 ceps
657 1360 807 1418 etin
860 1356 969 1417 box
1016 1365 1074 1417 et
1120 1359 1180 1416 in
1227 1353 1351 1433 ses]
1402 1355 1753 1423 desinentia,
1804 1362 1868 1414 ut
1911 1374 1942 1414 a
1989 1373 2137 1416 cano
2183 1356 2482 1425 cornicen,
2532 1354 2734 1415 liticen
2781 1353 2938 1414 tubi-

293 1478 474 1521 meen
523 1461 737 1521 fidicen
784 1457 1038 1527 tibicen,
1088 1477 1117 1518 a
1164 1476 1320 1536 pono
1364 1476 1632 1537 compos,
1695 1457 1768 1518 ab
1826 1458 2049 1535 aspicio
2109 1475 2357 1535 auspex,
2417 1476 2449 1518 a
2509 1456 2662 1516 facio
2722 1457 2939 1515 artifex

368 1564 594 1642 opifex,
643 1582 674 1622 a
717 1562 884 1639 capio
930 1562 1238 1638 municeps
1280 1561 1578 1638 particeps
1621 1577 1865 1638 auceps,
1914 1558 1988 1618 ab
2032 1558 2228 1619 obicio
2272 1558 2457 1629 obex;
2502 1560 2588 1619 sic
2629 1557 2940 1637 praesideo

369 1684 637 1744 praeseS,
685 1663 921 1724 resideo
968 1680 1160 1729 reseS‚
1209 1660 1452 1721 desideo
1497 1661 1696 1731 deseS,
1745 1662 1987 1740 quiesco
2031 1661 2219 1739 quies

535 1767 582 1828 A
628 1766 954 1844 praeterito
999 1781 1231 1843 quoque
1275 1764 1542 1842 perfecto
1589 1762 1676 1822 vel
1724 1764 1912 1840 magis
1942 1762 2016 1823 ab
2048 1763 2338 1833 infinitivo
2369 1762 2568 1822 futuro
2599 1762 2941 1824 derivantur

366 1867 679 1941 generales
721 1866 963 1945 quidem
1010 1865 1459 1924 terminationes
1504 1864 1641 1934 hae,
1700 1867 1759 1925 in
1805 1864 2031 1933 culum,
2079 1866 2140 1924 in
2194 1872 2484 1932 mentum,
2543 1866 2604 1924 in
2650 1882 2817 1933 men,
2877 1866 2938 1924 in

296 1988 341 2025 15
372 1969 534 2037 bilis,
585 1971 645 2028 in
691 1970 804 2037 tio,
856 1969 913 2027 in
963 1973 1083 2035 tor,
1133 1969 1193 2026 in
1239 1968 1383 2036 trix,
1432 1967 1496 2026 in
1540 1967 1719 2035 tivus,
1768 1968 1829 2026 in
1871 1968 1991 2034 sio,
2037 1967 2099 2025 in
2131 1984 2260 2034 sor,
2311 1967 2370 2026 in
2417 1964 2642 2035 sibilis,
2690 1967 2750 2025 in
2796 1965 2937 2034 tilis,

368 2073 426 2130 in
476 2072 674 2130 ticius.
747 2077 806 2130 et
850 2076 984 2129 ante
1031 2076 1155 2128 tum
1199 2067 1440 2147 quidem
1486 2068 1762 2135 infinitivi
1808 2070 1998 2147 posita
2044 2067 2262 2127 vocalis
2307 2067 2397 2127 vel
2442 2085 2771 2127 consonans
2814 2086 2939 2128 ser-

368 2181 539 2233 vatur
585 2173 764 2232 etiam
811 2172 870 2230 in
918 2169 1417 2239 derivationibuS,
1478 2171 1536 2229 in
1584 2170 1813 2239 culum,
1875 2172 1935 2230 in
1988 2177 2282 2238 mentum,
2340 2171 2398 2229 in
2458 2188 2623 2238 men,
2683 2171 2742 2228 in
2802 2169 2941 2230 bilis

368 2253 794 2334 desinentibus·
827 2271 1171 2332 nominibus
1215 2274 1538 2333 mutatione
1584 2280 1707 2332 tum
1740 2270 1999 2351 syllabae
2044 2273 2107 2330 in
2151 2289 2252 2330 eas
2295 2270 2477 2339 sacta,
2526 2278 2591 2331 ut
2633 2270 2937 2332 oraculum

367 2376 722 2437 miraculum
765 2374 1303 2455 propugnaculum,
1353 2372 1801 2434 fundamentum
1836 2370 1860 2453 Η
1893 2379 2305 2434 ornamentum
2349 2379 2780 2432 sacramentum
2811 2391 2937 2432 mu-

290 2498 341 2536 20
371 2480 697 2538 nimentum
755 2477 1101 2537 alimentum
1159 2477 1621 2546 incrementum,
1679 2476 1945 2537 solamen
2012 2476 2279 2535 foramen
2345 2491 2669 2553 purgamen
2728 2474 2937 2536 flamen

366 2580 662 2660 liquamen
710 2586 1010 2639 certamen
1061 2575 1300 2655 [agmen
1346 2574 1644 2655 fragmen]
1694 2594 1941 2637 acumen
1995 2578 2297 2637 munimen
2344 2576 2594 2646 llumen;
2651 2577 2737 2636 sic
2782 2595 2937 2638 ama-

367 2692 491 2743 tum
538 2684 626 2741 ire
682 2678 984 2749 amabilis,
1047 2677 1344 2765 laudatum
1401 2677 1748 2747 laudabiliS,
1808 2685 2023 2739 statum
2081 2677 2344 2749 stabilis,
2401 2684 2625 2739 motum
2684 2676 2937 2747 mobiliS,

370 2793 570 2845 notum
628 2782 876 2852 nobiliS,
934 2780 1199 2843 auditum
1257 2779 1557 2843 audibilis.
1649 2782 1709 2841 in
1766 2780 2015 2860 reliquis
2073 2789 2269 2840 autem
2327 2782 2387 2841 in
2445 2782 2529 2841 tio
2586 2779 2678 2840 vel
2734 2781 2794 2841 in
2846 2789 2940 2842 tor

370 2885 460 2945 vel
507 2887 569 2945 in
612 2886 731 2945 trix
787 2884 879 2944 vel
932 2885 996 2944 in
1051 2885 1208 2944 tivus
1262 2883 1352 2942 vel
1398 2885 1460 2944 in
1517 2886 1607 2944 sio
1661 2883 1752 2943 vel
1811 2885 1873 2943 in
1918 2901 2016 2943 sor
2074 2881 2162 2941 vel
2210 2884 2270 2943 in
2325 2881 2521 2943 sibilis
2574 2882 2664 2942 vel
2708 2884 2770 2943 in
2815 2883 2939 2943 tilis

294 3007 344 3044 25
373 2987 463 3047 vel
518 2987 580 3046 in
635 2986 813 3046 ticius
868 2984 1279 3046 desinentibus
1332 2982 1675 3046 nominibus
1729 2994 1863 3046 ante
1909 2985 2231 3046 clausulam
2287 2986 2591 3046 nominum
2640 2985 2940 3046 invenitur

370 3087 588 3148 vocalis
633 3087 721 3148 vel
767 3105 1126 3157 consonans,
1185 3103 1334 3166 quae
1390 3094 1524 3147 ante
1583 3095 1704 3147 tum
1761 3086 1854 3147 vel
1910 3105 2039 3147 sum
2088 3088 2148 3147 in
2204 3087 2406 3147 futuro
2452 3087 2727 3147 infinitivi
2772 3086 2938 3147 verbi

369 3197 526 3259 erat,
567 3191 908 3249 'mutatione
964 3207 1060 3249 um
1107 3185 1371 3268 syllabae
1427 3190 1490 3247 in
1536 3188 1873 3266 praedictas
1924 3189 2075 3249 facta
2133 3189 2627 3269 terminatiolnes,
2688 3196 2750 3249 ut
2802 3207 2938 3267 pro·

367 3291 532 3352 batio
585 3291 876 3350 invocatio
933 3290 1191 3352 laudatio
1246 3288 1542 3367 obrigatio
1597 3290 1849 3350 elevatio
1904 3291 2209 3369 usurpatio
2273 3291 2546 3369 aequatio
2602 3289 2940 3351 observatio

366 3391 659 3453 exhibitio
715 3394 966 3456 munitio
1032 3392 1213 3452 dictio
1280 3391 1456 3452 lectio
1522 3391 1779 3461 auditio;
1826 3394 1967 3452 item
2025 3392 2279 3453 bellator
2336 3391 2638 3461 bellatrix,
2698 3400 2941 3453 venator

289 3494 663 3562 mvenatrix,
721 3493 904 3553 fultor
959 3492 1193 3562 fultrix,
1253 3495 1442 3554 victor
1485 3495 1727 3563 victrix,
1788 3497 2007 3572 petitor
2051 3495 2323 3573 petitrix‚
2382 3494 2617 3554 auditor
2661 3495 2937 3565 auditrix,

367 3598 625 3657 nutritor
671 3597 872 3655 nutrix
917 3598 1115 3655 minus
1162 3613 1273 3655 una
1306 3593 1531 3674 syllaba
1560 3602 1806 3674 propter
1836 3594 2221 3675 euphoniam,
2269 3597 2413 3656 item
2445 3596 2652 3657 doctor
2684 3597 2935 3668 doctrix,

505 3798 528 3847 l
570 3798 704 3847 unde
725 3814 817 3851 om.
841 3797 920 3847 P:
960 3799 1112 3863 Ver-9.
1141 3799 1271 3850 Aen.
1301 3800 1317 3848 l
1358 3800 1460 3849 224
1570 3797 1849 3865 naufragus
1876 3799 1957 3848 661
1994 3799 2292 3866 nauifragus
2319 3815 2352 3857 ς
2388 3798 2669 3868 naufragus
2702 3803 2783 3852 661
2817 3817 2937 3852 nau·

367 3869 400 3917 f·
413 3868 560 3934 agius
587 3869 635 3917 P
665 3868 943 3933 naufragus
981 3869 1058 3916 uel
1098 3866 1375 3933 naufragus
1398 3870 1448 3918 B
1471 3870 1769 3935 nanifragus
1801 3869 2131 3937 fnaufragus
2155 3887 2259 3919 cum
2279 3873 2452 3936 yloasa
2477 3871 2557 3920 uel
2593 3871 2893 3938 nauifragus
2922 3881 2942 3924 t

503 3940 535 3987 2
579 3938 658 3987 vel
695 3938 746 3986 in
790 3952 898 3985 rum
938 3951 1030 3987 om.
1067 3938 1138 4002 P,
1173 3938 1294 3991 add.
1330 3941 1490 3990 tsine
1528 3941 1577 3988 in
1614 3955 1725 3989 rum
1763 3942 1833 3994 al.
1868 3956 1929 3991 m.
1968 3942 2090 3991 add.
2130 3942 2180 3990 B
2321 3942 2454 3989 uado
2493 3943 2773 4004 (super-scr.
2818 3942 2940 4006 boe)

369 4008 552 4058 uadum
585 4009 635 4058 B
774 4006 807 4056 3
849 4007 1005 4072 iungo
1039 4016 1058 4057 t
1095 4008 1216 4073 ingo
1254 4024 1390 4062 corr.
1432 4010 1588 4075 iungo
1626 4009 1676 4059 B
1708 4011 1833 4077 iugo
1869 4012 1946 4063 Ρ.·
1975 4019 2044 4071 ct.
2077 4027 2135 4075 p.
2177 4008 2314 4062 2190
2430 4012 2462 4059 5
2495 4011 2673 4061 lucifer
2706 4013 2941 4078 corniger

367 4077 558 4142 ignifer
596 4077 799 4144 dapifer
837 4074 1066 4126 fructifer
1101 4075 1301 4126 annifer
1337 4078 1525 4130 aurifer
1560 4087 1581 4128 t
1717 4081 1750 4131 6
1783 4080 2093 4145 penultimae
2131 4081 2211 4130 uel
2250 4081 2678 4145 antepenultimae
2715 4082 2937 4147 syllabae

365 4148 508 4196 uerbi
544 4149 581 4210 f
609 4147 920 4213 penultimae
964 4147 1191 4211 syllabae
1240 4149 1377 4198 uerbi
1427 4157 1475 4198 et
1530 4151 1958 4215 antepenultimae
2005 4150 2230 4214 syllabae
2268 4151 2318 4200 B
2361 4151 2670 4216 penultimae
2715 4152 2939 4216 syllabae

367 4217 508 4266 uerbi
549 4219 597 4267 Ρ
701 4217 735 4266 8
772 4226 821 4265 61
855 4217 905 4265 in
944 4232 998 4267 es
1029 4244 1098 4254 —-
1135 4227 1185 4266 et
1222 4219 1270 4266 in
1314 4234 1397 4268 ses
1433 4235 1525 4272 om.
1558 4218 1604 4267 B
1711 4218 1777 4268 lo
1812 4235 1840 4268 a
1875 4233 2008 4285 pono
2042 4234 2251 4286 compos
2286 4221 2451 4284 impos
2488 4221 2530 4269 B
2649 4221 2712 4269 ab
2742 4222 2939 4286 aspicio

369 4287 490 4340 ml·
518 4287 579 4335 ab
616 4287 843 4352 auspicio
870 4287 964 4341 Ρς
998 4301 1028 4336 a
1067 4288 1242 4352 specio
1271 4290 1478 4338 coniecit
1500 4288 1872 4338 Lindemannua
1982 4290 2040 4340 11
2080 4289 2262 4339 obiicio
2290 4291 2341 4339 P
2447 4288 2509 4339 14
2548 4291 2597 4339 in
2632 4305 2745 4339 men
2774 4292 2822 4339 in
2861 4291 2938 4340 sio

366 4357 416 4404 iu
454 4356 524 4405 tio
551 4357 601 4404 in
639 4364 718 4406 tor
748 4356 828 4407 661
866 4357 917 4406 in
950 4357 1052 4412 trix
1090 4359 1138 4406 in
1173 4372 1259 4407 sor
1292 4359 1341 4406 in
1379 4360 1516 4407 tiuus
1554 4359 1604 4406 in
1642 4358 1762 4408 bilis
1796 4360 1849 4408 in
1886 4359 1997 4409 silis
2035 4359 2083 4408 in
2123 4360 2205 4408 ilis
2242 4361 2293 4409 in
2330 4359 2459 4408 icius
2496 4368 2547 4408 et
2579 4367 2693 4409 ante
2718 4361 2767 4409 B
2875 4361 2939 4411 18

366 4426 641 4475 mutatione
668 4435 771 4476 tum
798 4426 1024 4490 syllabae
1058 4427 1110 4476 in
1141 4442 1227 4477 eas
1260 4425 1395 4477 sacta
1418 4442 1506 4478 oro
1533 4427 1786 4478 oraculum
1812 4436 1832 4478 t
1937 4444 2020 4477 um
2046 4428 2123 4477 uel
2152 4435 2255 4478 tum
2285 4428 2506 4492 syllabae
2536 4428 2587 4479 B
2690 4428 2822 4479 sacta
2845 4445 2936 4480 om.

367 4495 477 4545 BP
613 4495 681 4545 20
709 4497 998 4547 alimentum
1036 4497 1367 4547 solamentum
1406 4498 1766 4547 incrementum
1798 4497 2025 4548 foramen
2046 4498 2096 4546 P
2128 4498 2423 4548 alimentum
2460 4507 2769 4549 momentum
2806 4501 2937 4549 sola-

370 4579 481 4614 men
509 4563 733 4615 foramen
762 4567 812 4616 B
846 4566 926 4616 alo
953 4566 1246 4617 alimentum
1286 4568 1454 4618 increo
1485 4566 1566 4616 uel
1590 4569 1819 4618 incresco
1852 4569 2213 4619 incrementum
2245 4569 2381 4618 solor
2405 4567 2633 4619 solamen
2666 4569 2773 4620 foro
2805 4569 2938 4619 fora-

371 4643 528 4684 ment
632 4636 694 4685 21
736 4644 987 4688 certamen
1025 4653 1207 4689 numen
1249 4638 1432 4688 flumen
1462 4638 1512 4687 B
1548 4648 1793 4687 terramen
1830 4636 1975 4704 frago
2014 4638 2271 4704 fragamen
2304 4652 2514 4688 acumen
2553 4641 2735 4690 flumen
2775 4641 2935 4690 muni-

368 4719 481 4754 men
519 4705 730 4754 lenimen
763 4715 782 4755 t
881 4711 947 4758 22
987 4709 1059 4758 ire
1094 4724 1184 4758 om.
1222 4708 1274 4756 Ρ
1372 4710 1439 4758 24
1473 4716 1523 4759 61
1557 4709 1605 4757 in
1632 4709 1707 4757 sio
1746 4716 1795 4757 et
1833 4709 1882 4757 in
1919 4725 2004 4760 sor
2030 4710 2078 4758 in
2115 4709 2247 4759 ibilis
2281 4710 2331 4758 in
2368 4708 2481 4759 silis
2518 4718 2567 4759 et
2604 4711 2653 4759 in
2685 4710 2765 4759 ilis
2802 4721 2849 4759 et
2890 4712 2936 4759 iu

369 4774 497 4822 icius
533 4773 582 4822 B
711 4777 775 4826 27
812 4778 860 4827 in
900 4779 1179 4843 praedictas
1208 4778 1432 4843 syllabas
1458 4778 1592 4828 faeta
1616 4779 1966 4828 terminatione
1990 4780 2041 4830 P
2172 4780 2238 4830 28
2272 4777 2545 4846 obrigatio]
2583 4781 2866 4846 obiurgatio
2904 4795 2937 4838 ς

366 4843 594 4910 irrigatio
623 4847 661 4908 Ι·
767 4847 1046 4915 usurpatio]
1085 4850 1339 4900 susuratio
1379 4848 1428 4897 B
1567 4847 1634 4898 30
1666 4849 1869 4900 auditor
1910 4849 2131 4900 auditrix
2166 4865 2259 4905 om.
2297 4852 2347 4900 P
