3541 5564
500 349 628 415 254
1634 349 1943 412 ΡΟΜΡΕΙΙ

551 473 594 514 p.
622 460 799 501 354-56
826 460 869 500 L.
906 454 922 477 ‘

499 541 718 601 facere.
807 558 939 600 nam
986 558 1136 620 quae
1183 540 1333 599 ratio
1379 546 1469 597 est
1510 539 1571 597 in
1617 539 1856 607 metris,
1907 537 2110 598 eadem
2161 544 2249 598 est
2293 546 2352 598 et
2395 539 2455 597 in
2500 556 2676 617 prosa
2724 535 2881 616 apud
2930 535 3084 596 bene

499 641 847 703 scribentes.
939 660 1081 720 ergo
1126 641 1174 701 si
1221 640 1292 701 ad
1341 640 1535 701 locum
1582 641 1903 719 significaS,
1962 639 2289 700 secundum
2336 643 2763 714 accusativum,
2823 639 2896 699 de
2952 637 3082 698 loco

501 743 827 805 secundum
874 744 1220 823 septimum,
1267 749 1334 801 ut
1378 742 1621 803 Romam
1669 741 1846 811 vado,
1894 740 2079 803 Roma
2125 742 2313 803 venio.
2387 742 2435 801 si
2480 743 2541 801 in
2586 740 2717 802 loco
2765 740 3080 818 significas,

499 856 641 908 tunc
698 845 1024 908 secundum
1081 845 1450 922 genetivum,
1511 862 1644 904 cum
1702 845 2095 905 nominativus
2148 842 2464 921 singularis
2519 862 2586 903 us
2630 842 2720 903 vel
2763 862 2864 903 um
2909 841 3084 902 fuerit

499 951 883 1016 terminatus,
931 954 996 1008 ut
1037 946 1395 1008 Adrumetus
1441 946 1840 1007 Beneventum
1884 945 2075 1007 Ilium.
2141 943 2484 1006 adverbium
2529 943 2641 1006 loci
2685 946 2747 1005 in
2793 944 2922 1005 loco
2967 962 3082 1023 quo
3109 963 3136 1002 5

500 1049 675 1110 modo
721 1050 897 1111 facit?
943 1050 1263 1110 Beneventi
1309 1049 1424 1117 Γαί,
1482 1047 1790 1110 Adrumeti
1835 1048 1948 1117 sui,
2006 1046 2097 1109 Ilii
2142 1049 2243 1108 Γαί.
2335 1048 2384 1108 si
2445 1054 2637 1108 autem
2687 1047 3085 1107 nominativus

503 1171 696 1234 neque
740 1154 799 1212 in
847 1170 918 1211 us
965 1169 1155 1230 neque
1200 1152 1260 1210 in
1308 1169 1406 1210 um
1454 1151 1680 1219 exierit,
1728 1152 1843 1209 iam
1890 1149 2218 1211 secundum
2265 1149 2523 1210 dativum
2571 1150 2736 1211 dicis.
2825 1148 2928 1210 sed
2976 1147 3084 1207 has

501 1250 1017 1336 praepositiolneS,
1066 1271 1211 1332 quas
1254 1250 1622 1312 detrahimus
1667 1251 2006 1312 nominihus
2051 1253 2380 1320 civitatum,
2431 1251 2703 1313 addimus
2747 1248 3085 1312 nominibus

501 1357 958 1435 provinciarum.
1046 1373 1162 1415 non
1221 1352 1410 1414 debeo
1467 1353 1665 1414 dicere
1710 1352 2002 1427 ‘Africam
2047 1359 2295 1433 pergo’:
2355 1354 2814 1432 ‘Karthaginem
2859 1356 3083 1433 pergo'

501 1458 654 1519 bene
711 1458 875 1527 dico,
935 1457 1071 1536 quia
1131 1474 1346 1516 nomen
1404 1463 1492 1516 est
1546 1456 1824 1524 civitatis:
1895 1456 2000 1516 ‘ad
2057 1457 2314 1517 Africam
2360 1460 2599 1535 pergo’,
2670 1464 2729 1516 et
2770 1456 2882 1516 hoc
2929 1455 3082 1516 bene
3110 1471 3159 1509 10

503 1560 668 1628 dico,
725 1561 860 1638 quia
917 1576 1133 1620 nomen
1192 1566 1283 1617 cst
1340 1536 1696 1637 provinciae:
1788 1559 1838 1617 si
1894 1558 2054 1620 dicas
2111 1559 2462 1639 ‘Campania
2519 1561 2743 1627 venio',
2813 1559 3083 1619 vitiosum

504 1670 608 1722 est.
672 1666 692 1697 ‘
708 1664 771 1722 in
818 1660 1013 1723 Sicilia
1059 1664 1222 1721 sum'
1268 1659 1422 1720 bene
1466 1659 1629 1728 dico:
1675 1659 1723 1719 si
1769 1666 1831 1719 tu
1877 1658 2019 1721 velis
2063 1660 2263 1721 dicere
2321 1658 2589 1721 ‘Sidliae
2633 1679 2763 1721 sum
2780 1665 2820 1729 ’,
2869 1668 2927 1720 et
2968 1660 3081 1720 boc

504 1765 771 1824 vitiosum
818 1771 923 1824 est.
1015 1780 1157 1843 ergo
1214 1761 1556 1823 nominibus
1610 1763 2049 1840 provinciarum
2101 1762 2386 1824 debemus
2430 1761 2650 1823 addere
2695 1763 3082 1842 praepositio-

502 1884 627 1927 nes.
704 1883 778 1926 ne
825 1873 883 1925 te
929 1864 1089 1925 sallat
1131 1863 1228 1926 illa
1273 1880 1399 1925 res:
1447 1862 1699 1942 legimus
1743 1863 1899 1943 apud
1947 1864 2299 1943 Vergilium,
2348 1872 2408 1925 et
2450 1866 2511 1924 in
2559 1866 2793 1942 antiqua
2842 1863 3082 1924 historia

500 1968 614 2027 hoc
677 1969 998 2037 invenitur,
1067 1986 1174 2027 nec
1236 1967 1501 2027 invenies
1566 1964 1705 2026 alibi
1773 1967 1942 2027 istam
2009 1967 2527 2045 significationem,
2598 1969 2756 2027 ‘aut
2822 1966 3085 2026 Cretae
3112 1978 3162 2018 15

502 2070 728 2131 iussit
785 2058 1188 2130 considere
1242 2065 1556 2148 Apollo’.
1650 2076 1709 2127 et
1763 2066 2052 2128 debuerat
2117 2068 2317 2129 dicere
2372 2067 2564 2148 ‘apud
2620 2069 2853 2130 Cretam
2915 2068 3087 2128 iussit

501 2170 708 2250 Apollo
756 2170 1064 2231 considere
1082 2175 1119 2239 ',
1166 2188 1302 2231 cum
1348 2172 1816 2250 praepositione,
1867 2176 1926 2230 et
1970 2177 2166 2231 tamen
2210 2171 2294 2231 sic
2340 2189 2482 2231 usus
2515 2177 2603 2230 est
2633 2170 2871 2238 Cretae,
2919 2188 2987 2229 ac
3034 2170 3084 2230 si

502 2274 728 2334 diceret
772 2273 1034 2357 Capuae,
1097 2272 1155 2332 id
1203 2279 1295 2333 est
1354 2273 1518 2352 quasi
1564 2290 1784 2332 nomen
1832 2280 1986 2332 esset
2030 2274 2295 2333 civitatiS.
2389 2280 2448 2333 et
2493 2271 2630 2349 quid
2677 2273 2977 2332 invenitur
3022 2272 3083 2330 in

503 2376 744 2454 antiqua
788 2374 1069 2435 historia?
1112 2375 1370 2435 maiores
1416 2376 1606 2435 nostri
1639 2393 1709 2435 ex
1741 2373 2084 2435 nominibus
2130 2393 2328 2435 rerum
2362 2373 2579 2435 dabant
2623 2374 2796 2435 etiam
2844 2372 3083 2432 nomina

502 2477 642 2556 ipsis
686 2476 947 2555 oppidis:
3110 2488 3161 2528 20

804 2580 1277 2658 inmanisque
1323 2576 1495 2640 Gela
1539 2577 1755 2639 fluvii
1801 2579 2241 2656 cognomine
2288 2578 2507 2639 dicta.

505 2681 556 2740 si
601 2680 674 2739 de
720 2680 951 2740 civitate
1007 2679 1246 2758 loquor,
1311 2678 1499 2740 debeo
1555 2678 1662 2740 tibi
1707 2679 1906 2741 dicere
1951 2678 2166 2741 ‘Gelae
2211 2681 2365 2749 sui’3
2412 2683 2461 2741 si
2506 2679 2580 2740 de
2624 2680 2803 2742 fluvio
2846 2678 3081 2756 loquor,

503 2801 621 2843 non
688 2799 928 2862 possum
997 2782 1196 2844 dicere
1259 2781 1472 2844 ‘Gelae
1535 2782 1673 2852 Γαῖ’,
1741 2780 1845 2843 sed
1906 2781 2095 2862 ‘apud
2151 2781 2354 2843 Gelam
2413 2785 2551 2844 fui’.
2645 2782 2716 2844 (13
2781 2782 3084 2843 bominem

504 2885 894 2955 nescientem,
944 2893 1003 2945 et
1045 2891 1212 2965 putat
1256 2903 1350 2945 me
1381 2886 1441 2945 in
1475 2883 1755 2947 alterutra
1790 2883 2124 2945 elocutione
2168 2885 2380 2947 secisse
2425 2871 2861 2948 soloecismum.
2930 2885 3085 2961 siqui

502 2986 610 3047 tibi
656 2987 812 3048 dicat
856 2986 1073 3048 ‘Gelae
1116 2987 1255 3057 Γαῖ’,
1304 2986 1435 3047 dico
1481 2986 1594 3056 illi,
1656 2987 1929 3048 vitiosum
1974 2995 2081 3048 est.
2173 3006 2282 3067 qua
2328 2989 2593 3048 ratione?
2652 2988 2928 3068 quoniam
2973 2985 3082 3046 flu·
3110 3001 3161 3041 25

504 3090 628 3148 vius
675 3097 765 3148 est
808 3088 981 3159 Gela,
1042 3096 1099 3149 et
1143 3077 1321 3149 debet
1365 3087 1586 3150 habere
1630 3089 2163 3168 praepositionem,
2225 3098 2283 3149 et
2327 3096 2390 3149 tu
2439 3089 2739 3150 exclusisti
2783 3089 3084 3168 praeposi-

502 3188 760 3273 tiolnem.
825 3192 1025 3253 nescio
1073 3210 1145 3252 an
1191 3189 1289 3251 ille
1319 3209 1382 3251 se
1413 3190 1717 3252 referatet
1767 3191 1951 3260 dicat,
2001 3190 2103 3252 sed
2152 3199 2242 3252 est
2286 3192 2516 3261 civitaS,
2564 3191 2622 3252 id
2670 3197 2760 3252 est
2804 3188 3085 3250 habuisse

505 3310 720 3353 nomen
768 3292 882 3353 tale
928 3295 1251 3361 civitatem,
1301 3300 1359 3352 et
1401 3291 1626 3352 idcirco
1671 3293 1757 3352 sic
1787 3310 1959 3353 usum
1993 3310 2149 3362 esse,
2200 3292 2277 3353 de
2301 3295 2540 3354 nomine
2571 3294 2817 3354 civitatis
2848 3292 3081 3361 dixisse,

506 3413 623 3454 non
679 3394 751 3455 de
809 3395 1046 3455 nomine
1101 3393 1386 3464 fluminiS,
1447 3394 1602 3455 unde
1659 3396 1785 3474 ipsa
1842 3395 2048 3455 civitas
2108 3394 2458 3457 vocabulum
2517 3396 2859 3486 adsumpsit.
2949 3392 3082 3453 ideo

504 3512 646 3573 ergo
700 3498 749 3556 si
805 3495 961 3558 dicat
1013 3497 1092 3556 ita
1148 3496 1396 3567 dixisse,
1452 3498 1537 3557 sic
1592 3516 1656 3558 se
1709 3497 1942 3575 integre
1998 3497 2178 3558 fuisse
2235 3495 2493 3559 locutum
2554 3495 2848 3577 probabit.
2941 3497 3081 3555 item
3109 3508 3161 3547 ³0

503 3598 751 3676 legimus
795 3598 949 3678 apud
998 3599 1346 3660 Ciceronem
1392 3597 1773 3679 ‘Olympus
1817 3601 1892 3659 in
1937 3600 2355 3660 inmensum
2404 3599 2705 3660 editus'.
2799 3598 3082 3678 Olympus

501 3719 675 3762 mons
732 3708 819 3761 est
873 3708 931 3761 et
992 3702 1212 3762 civitas,
1305 3719 1423 3778 quo
1479 3699 1655 3761 modo
1700 3698 1884 3761 babes
1929 3700 2167 3760 dicere?
2229 3702 2279 3761 si
2322 3699 2582 3762 volueris
2627 3700 2897 3781 ‘Olympi
2942 3700 3080 3768 Γαῖ’,

502 3803 616 3863 tale
673 3811 762 3863 est
828 3820 897 3863 ac
951 3805 1000 3863 si
1057 3802 1221 3863 dicas
1285 3803 1466 3864 ‘Naxi
1522 3803 1671 3871 Γαί’;
1740 3803 2071 3881 significare
2131 3801 2315 3863 babes
2373 3804 2683 3864 civitatem.
2776 3804 2827 3863 si
2886 3810 3082 3862 autem

502 3905 661 3965 dicas
717 3904 910 3984 ‘apud
957 3904 1267 3984 Olympum
1312 3905 1448 3979 Γαῖ’,
1506 3905 1837 3983 significare
1892 3904 2076 3965 habes
2132 3913 2413 3966 montem.
2505 3923 2647 3983 ergo
2700 3908 2857 3967 scire
2911 3905 3084 3965 debes

502 4009 776 4087 quoniam
824 4013 963 4068 sunt
1005 4005 1197 4086 aliqua
1241 4005 1511 4084 ambigua
1555 4008 1617 4067 in
1662 4008 1933 4076 nomine,
1997 4014 2056 4067 et
2097 4025 2282 4067 unum
2331 4016 2420 4067 est
2464 4007 2795 4086 significare
2842 4014 2899 4068 et
2942 4025 3080 4086 pro·
3108 4020 3160 4059 ³⁵

503 4111 751 4170 vinciam
807 4111 995 4190 ipsam
1055 4117 1112 4169 et
1167 4110 1460 4169 civitatem
1514 4110 1854 4188 provinciae
1921 4111 2123 4189 ipsiuS.
2215 4109 2373 4196 ergo
2413 4110 2746 4189 significare
2800 4108 3083 4170 habemus

643 4349 706 4399 15
748 4355 833 4397 aut
869 4345 1066 4412 Cretae]
1112 4349 1271 4412 Vera.
1314 4347 1447 4401 Aen.
1492 4349 1560 4396 111
1602 4348 1699 4399 162
1844 4347 1909 4399 16
1952 4349 2227 4398 consedere
2266 4349 2430 4398 ABG
2569 4351 2630 4401 17
2666 4349 2941 4399 consedere
2979 4347 3086 4397 Ac

640 4419 701 4468 21
739 4414 1078 4484 inmanisque]
1132 4418 1289 4484 Very.
1326 4418 1458 4468 Aen.
1501 4419 1561 4467 [ΙΙ
1599 4418 1700 4469 702
1828 4420 1894 4470 27
1931 4419 2013 4468 ille
2047 4435 2103 4470 se
2129 4435 2222 4473 om.
2264 4418 2339 4479 A,
2377 4420 2499 4472 add.
2539 4436 2601 4470 a:
2631 4421 2862 4483 fortasse
2895 4418 2979 4467 ille
3015 4416 3081 4467 ud

503 4489 731 4554 regulam
769 4504 823 4538 se
861 4487 1047 4537 referat
1149 4486 1218 4537 29
1256 4488 1556 4539 uocabulum
1594 4488 1881 4553 adsumpsit
1904 4489 1955 4537 A
1993 4489 2295 4539 uocabulum
2332 4490 2524 4555 accepit
2550 4490 2635 4540 Ga
2670 4503 2855 4539 nomen
2890 4487 3082 4552 accepit

501 4560 552 4609 B
676 4558 744 4610 30
778 4559 997 4608 locutum
1033 4557 1266 4622 probabit
1290 4574 1324 4608 a
1358 4559 1606 4608 elocutum
1644 4559 1879 4624 probauit
1910 4560 2013 4609 AB
2046 4559 2266 4610 locutum
2295 4560 2531 4624 probauit
2555 4561 2596 4610 C
2726 4558 2790 4610 31
2831 4560 3082 4611 ciceronis

513 4645 683 4680 nomen
720 4630 792 4679 ad
816 4630 1093 4692 exemplum
1128 4645 1162 4678 a
1195 4628 1431 4679 Cledom‘o
1460 4645 1517 4692 p.
1553 4629 1685 4680 1922
1720 4630 2030 4693 adscriptum
2064 4631 2163 4680 ‘ad
2188 4630 2497 4679 Messanam'
2528 4645 2620 4696 pro
2649 4629 2932 4679 Messanam
2959 4643 3082 4691 per·-

500 4702 658 4750 einere
683 4701 897 4752 videtur.
931 4713 1061 4764 quae
1093 4707 1383 4764 sequuntur,
1421 4699 1667 4766 Olympus
1701 4700 1751 4748 in
1788 4700 2072 4750 inmensum
2113 4701 2308 4761 editus,
2345 4701 2393 4748 in
2420 4699 2562 4750 libris
2590 4698 2844 4749 Ciceronis
2879 4701 2966 4764 qui
2998 4714 3085 4748 su-

495 4778 711 4834 persunt
737 4786 836 4821 non
871 4772 1119 4834 leguntur.
1153 4767 1348 4835 Olympi
1371 4770 1511 4819 urbis
1531 4771 1816 4820 mentionem
1836 4771 1964 4834 fecie
1989 4772 2164 4822 Cicero
2200 4772 2250 4820 in
2291 4771 2341 4819 V
2341 4785 2443 4820 err.
2472 4778 2569 4823 act.
2599 4785 2701 4838 aec.
2737 4772 2757 4819 l
2793 4770 2878 4830 21,
2906 4768 2973 4820 56

405 4877 416 4887 .
502 4839 569 4892 34
607 4842 736 4890 scire
774 4839 929 4890 debes
958 4855 1050 4890 om.
1085 4838 1252 4890 ABG
1386 4839 1454 4891 36
1491 4839 1734 4889 habemus
1770 4843 1814 4889 si
1851 4842 1981 4890 inter
2019 4840 2185 4890 ABG
