3541 5564
541 334 669 401 380
1023 368 1026 369 ⁷
1632 333 2041 397 CONSENTII

590 458 632 500 p.
658 445 861 487 ποστ-69
887 441 937 483 ι).

542 532 949 599 terminatam,
988 517 1002 606 1
1050 528 1115 587 in
1159 525 1305 586 alias
1350 542 1467 584 non
1513 530 1852 592 transeunt,
1900 530 1964 583 ut
2008 541 2256 604 quaeso:
2303 542 2421 584 non
2468 526 2627 585 enim
2673 525 2929 587 dicimus
2973 528 3115 587 intio

540 633 675 693 iulis
717 632 877 701 infit,
925 647 1145 709 quaeso
1189 629 1426 707 quaesis
1469 628 1723 706 quaesit.
1800 634 1859 686 et
1903 626 2144 706 quidem
2190 626 2263 687 de
2308 628 2569 706 quinque
2615 625 2940 704 generibus
2984 645 3112 688 ver-

538 733 749 795 borum
797 730 990 793 facilis
1033 730 1369 791 intellectus
1413 735 1530 797 est,
1589 734 1655 789 ut
1700 746 1810 807 per
1863 746 2149 807 personas
2193 747 2399 789 eorum
2444 728 2760 789 declinatio
2804 730 3110 807 figuretur.

534 843 762 898 tantum
819 836 932 895 hoc
988 831 1341 893 admonendi
1395 849 1628 901 sumuS,
1688 833 1750 891 in
1805 830 1900 890 his
1954 833 2215 910 quinque
2270 830 2805 909 significationibus
2859 834 3110 911 primam

533 957 850 1019 personam
895 954 1035 997 casu
1082 954 1198 995 non
1244 951 1450 1011 egere,
1500 932 1815 992 admittere
1861 938 2058 993 tamen
2103 934 2567 993 nominativum:
2638 933 2897 994 dicimus
2951 936 3107 994 enim
3135 947 3161 986 5

534 1041 820 1102 verberor
885 1042 1201 1105 innocenS,
1270 1037 1463 1095 servio
1528 1037 1618 1094 vir
1681 1036 1876 1095 fortis,
1965 1053 2143 1115 quem
2198 1053 2401 1096 casum
2457 1034 2642 1095 trahit
2699 1036 2881 1096 etiam
2935 1037 3108 1095 tertia

534 1162 815 1223 persona;
878 1142 1132 1201 dicimus
1188 1140 1346 1198 euim
1403 1135 1756 1197 verberatur
1813 1140 2129 1207 innoccnS,
2189 1139 2373 1197 servit
2427 1140 2520 1198 vir
2574 1138 2765 1197 fortis,
2854 1137 3109 1198 secunda

533 1263 784 1324 persona
831 1243 1015 1303 trahit
1058 1259 1258 1301 casum
1302 1240 1662 1300 vocativum:
1722 1239 1977 1299 dicimus
2031 1241 2192 1299 enim
2235 1239 2577 1300 verberaris
2620 1241 2935 1309 innocens,
2984 1258 3108 1299 ser-

529 1349 619 1406 vis
660 1349 753 1406 vir
796 1346 990 1406 fortis.

697 1448 856 1508 Haec
903 1446 974 1506 de
1020 1446 1295 1525 personis
1338 1445 1497 1503 circa
1542 1444 1804 1522 quinque
1835 1461 2057 1521 genera
2087 1443 2402 1505 verborum
2448 1442 2948 1505 dixisse.abunde
2994 1451 3101 1504 est.
3134 1458 3183 1495 10

528 1550 600 1610 de
665 1548 1026 1628 inpersonali
1093 1564 1310 1625 genere
1377 1544 1579 1615 verbi,
1647 1545 1806 1624 quod
1861 1545 2083 1606 nullam
2137 1547 2379 1607 omnino
2434 1563 2748 1625 personam
2814 1544 3102 1622 designat,

527 1652 671 1712 illud
719 1653 870 1711 scire
917 1648 1232 1718 dehemus,
1281 1647 1437 1728 quod
1484 1666 1599 1707 non
1646 1647 1822 1707 aliter
1864 1665 1973 1726 per
2020 1649 2335 1707 varietates
2377 1665 2770 1726 personarum
2814 1646 3100 1708 declinari

527 1760 749 1833 potest,
798 1754 913 1813 nisi
961 1752 1209 1811 adiectis
1251 1751 1670 1829 pronominum
1716 1748 1953 1810 casibus
1996 1751 2402 1829 numerisque.
2468 1752 2567 1829 qui
2614 1767 2757 1827 ergo
2800 1752 3101 1829 pronomi-

522 1875 662 1916 num
718 1873 890 1916 casus
942 1856 1044 1914 uni
1102 1855 1317 1933 cuique
1375 1851 1557 1912 verbo
1616 1858 2069 1931 repraesentent
2121 1854 2382 1931 speciem
2435 1870 2858 1931 personarum,
2925 1870 3100 1931 quam

524 1958 872 2018 brevissime
918 1963 1125 2034 potero
1170 1953 1503 2015 declarabo,
1592 1971 1661 2013 ea
1718 1972 1869 2032 quae
1914 1955 1978 2014 in
2022 1956 2073 2013 it
2116 1962 2334 2014 exeunt
2377 1954 2572 2015 dativo
2616 1972 2758 2014 casu
2801 1953 3098 2014 discrimi·
3130 1969 3179 2007 1⁵

522 2067 769 2123 uantur,
825 2064 894 2117 ut
948 2058 1240 2134 contingit
1295 2057 1442 2117 mihi
1500 2055 1611 2115 tibi
1670 2054 1779 2115 illi.
1870 2073 2020 2134 quae
2065 2073 2207 2115 vero
2260 2058 2323 2115 in
2369 2064 2427 2116 at
2472 2063 2718 2125 exeunt,
2766 2057 3100 2117 accusativo

521 2179 661 2221 casu
707 2160 1228 2227 discriminantur,
1277 2166 1342 2218 ut
1385 2160 1548 2218 iuvat
1591 2175 1684 2217 me
1732 2163 1789 2216 te
1836 2156 2003 2218 illum
2047 2176 2155 2218 nos
2199 2176 2301 2218 vos
2343 2157 2495 2218 illos
2554 2157 2858 2218 interdum
2900 2165 3099 2218 tamen

521 2263 891 2341 interpositis
935 2261 1026 2321 vel
1069 2260 1441 2328 nominibuS,
1500 2266 1566 2320 ut
1608 2261 1658 2319 si
1707 2257 1872 2319 dicas
1917 2263 2068 2319 ‘stat
2112 2261 2459 2329 sententia',
2523 2260 2610 2319 vel
2654 2259 2856 2319 verbis
2898 2261 3094 2320 inlini·

519 2366 626 2433 tis,
673 2370 740 2424 ut
785 2364 836 2424 si
881 2362 1045 2423 dicas
1090 2361 1271 2422 ‘stat
1313 2379 1532 2422 casus
1575 2378 1948 2421 renovare
1994 2363 2298 2430 omnes',
2345 2380 2636 2441 personae
2682 2380 2790 2440 per
2835 2361 3093 2422 dativum

516 2465 1032 2534 discriminantur,
1080 2470 1146 2525 ut
1191 2471 1306 2525 stat
1348 2465 1642 2524 sententia
1688 2464 1835 2523 mihi
1882 2462 1994 2523 tibi
2039 2463 2123 2524 illi
2156 2462 2331 2524 nobis
2358 2463 2526 2524 vobis
2567 2463 2717 2532 illis,
2766 2470 2881 2524 stat
2924 2481 3095 2524 casus
3120 2479 3171 2518 20

514 2585 800 2628 renovare
846 2566 993 2626 mihi
1038 2565 1150 2625 tibi
1194 2565 1282 2625 illi
1328 2563 1501 2625 nobis
1545 2563 1716 2624 vobis
1759 2563 1900 2625 illis.
1962 2584 2111 2644 quae
2157 2567 2219 2626 in
2266 2572 2328 2625 et
2367 2573 2614 2635 exeunt,
2663 2565 2952 2646 quaedam
2996 2583 3092 2627 ac-

514 2670 776 2729 cusativo
832 2685 971 2727 casu
1026 2667 1542 2734 discriminantur,
1602 2671 1668 2725 ut
1722 2665 1895 2726 decet
1937 2685 2031 2727 me
2085 2674 2141 2727 te
2199 2666 2364 2727 illum
2409 2685 2517 2727 nos
2559 2685 2662 2727 vos
2706 2667 2864 2737 illos,
2911 2686 3089 2748 quae-

514 2770 646 2832 dam
693 2769 917 2839 dativo‚
978 2775 1045 2829 ut
1098 2768 1249 2829 libet
1304 2768 1450 2828 mibi
1508 2766 1619 2828 tibi
1667 2767 1753 2828 illi
1802 2767 1977 2830 nobis
2021 2768 2191 2830 vobis
2235 2767 2376 2829 illis.
2465 2787 2534 2830 ea
2579 2776 2775 2831 autem
2819 2772 3087 2850 inperse-

511 2874 667 2934 nalia
712 2891 863 2952 quae
907 2875 971 2932 in
1018 2878 1116 2932 tur
1172 2878 1392 2932 exeunt
1435 2871 2010 2932 discriminationem
2067 2889 2458 2950 personarum
2501 2871 2706 2933 multis
2750 2873 2942 2933 modis
2986 2892 3089 2933 ex-

508 2978 842 3054 periuntur.
932 2992 1068 3033 nam
1122 2992 1277 3034 nunc
1334 2972 1652 3033 ablativum
1708 2972 1985 3041 trahunt,
2032 2979 2099 3033 ut
2151 2975 2382 3050 geritur
2427 2993 2459 3034 a
2503 2993 2596 3035 me
2643 2993 2675 3034 a
2718 2981 2777 3033 te
2824 2973 2897 3034 ab
2944 2973 3043 3034 illo
3071 2996 3086 3046 ;
3114 2994 3165 3036 25
3242 2962 3246 2967 ⁴

508 3094 665 3137 nunc
696 3078 1093 3137 accusativum
1137 3093 1271 3136 cum
1315 3076 1789 3155 praepositione,
1836 3081 1904 3135 ut
1946 3076 2178 3153 geritur
2220 3094 2330 3155 per
2375 3093 2469 3135 me
2511 3094 2621 3155 per
2666 3084 2723 3135 te
2767 3094 2875 3155 per
2920 3076 3086 3137 illum

506 3197 614 3257 per
660 3196 767 3238 nos
811 3196 921 3256 per
957 3195 1060 3237 vos
1104 3196 1212 3256 per
1242 3167 1421 3245 illos,
1478 3185 1546 3237 ut
1589 3176 1911 3237 Terentius
1956 3177 2126 3257 ‘per
2170 3195 2380 3257 quem
2424 3196 2547 3239 res
2591 3184 2897 3255 geretur
2942 3197 3083 3238 ma-

506 3282 748 3349 xime',
798 3286 857 3339 et
886 3277 1144 3361 Plaultus
1188 3281 1380 3339 ‘itur
1425 3279 1508 3339 ad
1557 3271 1699 3349 te’';
1746 3297 1903 3339 nunc
1936 3278 2227 3349 dativum,
2261 3286 2325 3339 ut
2371 3278 2591 3340 dicitur
2635 3280 2781 3340 mihi
2828 3279 2941 3340 tihi
2972 3279 3079 3342 mi.

268 3397 385 3459 382,
416 3400 479 3447 10
674 3382 1023 3459 Coniugatio
1083 3388 1172 3442 est
1227 3382 1498 3443 collectio
1552 3382 1874 3461 quaedam,
1932 3400 2108 3461 quam
2154 3380 2366 3440 Graeci
2413 3376 2720 3461 σύστημα
2764 3382 3081 3461 appellant,

502 3482 818 3543 verborum
863 3483 1043 3543 simili
1090 3482 1484 3544 declinatione
1530 3485 1920 3544 currentium.
1991 3483 2438 3561 coniugationes
2492 3491 2687 3543 autern
2746 3491 2884 3544 sunt
2937 3492 3075 3552 tres,
3104 3504 3157 3545 80

501 3587 693 3664 prima
748 3585 1006 3646 secunda
1060 3587 1269 3656 tertia,
1328 3584 1546 3665 quibus
1590 3586 1862 3647 ordinem
1907 3587 2146 3645 numeri
2189 3585 2524 3645 litterarum
2571 3587 2633 3646 in
2679 3585 2897 3666 quibus
2939 3604 3076 3665 per-

498 3690 833 3766 spiciuntur
889 3687 1034 3747 ordo
1090 3687 1419 3748 distribuit.
1508 3688 1721 3748 harum
1777 3688 2014 3765 regulas
2070 3690 2120 3748 si
2180 3687 2500 3765 diligenter
2546 3688 2945 3758 attendamus,
2992 3688 3075 3748 lo-

496 3783 717 3868 que‘ndi
764 3789 1099 3850 emendatio
1144 3789 1559 3869 subsequetur.
1623 3797 1682 3849 et
1726 3791 1985 3868 primum
2029 3789 2172 3850 illud
2218 3791 2371 3851 scire
2419 3809 2526 3851 nos
2570 3791 2873 3860 convenit,
2921 3790 3074 3868 quod

494 3891 751 3951 litteram
800 3910 950 3970 quae
997 3893 1474 3969 coniugationem
1521 3891 1783 3952 declarat
1828 3892 2146 3952 indicativo
2192 3893 2367 3953 modo
2412 3894 2697 3972 temporis
2739 3894 3076 3970 praesentis

493 3995 728 4053 numeri
787 3992 1107 4070 singularis
1164 3995 1226 4052 in
1283 4011 1534 4071 persona
1591 3991 1850 4053 secunda
1908 3995 2223 4071 requirere
2281 3993 2595 4064 debemus,
2654 3993 2868 4054 deinde
2914 3995 3070 4073 quod
3099 4017 3149 4055 35

492 4097 749 4154 activum
806 4103 866 4153 et
921 4094 1189 4154 neutrale
1251 4093 1496 4154 verbum
1558 4093 1787 4154 similes
1842 4112 2079 4174 semper
2133 4096 2370 4174 regulas
2422 4100 2484 4157 in
2552 4094 3071 4174 coniugationibus

629 4267 655 4315 l
697 4265 815 4315 intio
853 4265 897 4313 is
932 4266 969 4313 it
1009 4272 1094 4315 aut
1130 4279 1314 4328 quesso
1349 4279 1406 4314 as
1451 4274 1501 4314 at
1538 4264 1633 4316 M.-
1671 4264 1781 4314 infit
1818 4281 1911 4319 om.
1952 4266 2064 4316 BL
2237 4268 2267 4317 5
2307 4281 2458 4316 casus
2491 4267 2606 4316 BL
2782 4269 2811 4316 7
2848 4267 3068 4316 secunda

487 4349 608 4384 uero
645 4349 866 4400 persona
906 4350 1079 4384 casum
1119 4334 1270 4383 trahit
1304 4336 1595 4384 uocatiuum
1628 4334 1736 4385 BL
1846 4335 1907 4386 vll
1941 4336 2004 4385 de
2043 4336 2385 4401 inpersonalis
2414 4353 2603 4403 genere
2638 4337 2785 4398 (add.
2825 4339 2873 4385 in
2905 4352 3064 4400 mare.

486 4405 682 4469 autem)
714 4406 763 4454 L
793 4411 855 4454 de
887 4405 1240 4469 impersonalis
1277 4414 1443 4455 autem
1477 4421 1665 4471 genere
1701 4406 1752 4455 B
1932 4407 1997 4457 15
2040 4416 2248 4472 potuero
2287 4406 2348 4456 M
2524 4408 2587 4457 16
2625 4408 2695 4456 illi
2735 4407 2903 4456 euenit
2943 4406 3063 4455 mihi

484 4475 573 4524 tibi
600 4475 671 4523 illi
713 4477 789 4524 L:
823 4478 991 4524 euenit
1028 4476 1078 4523 in
1110 4491 1266 4539 mar-9.
1294 4477 1416 4526 add.
1446 4476 1514 4525 Μ
1617 4476 1679 4526 17
1719 4484 1772 4523 ut
1805 4474 1946 4525 iuuat
1974 4475 2287 4526 Sic-hardus:
2330 4485 2381 4526 ut
2413 4492 2502 4527 om.
2541 4477 2662 4526 BM
2683 4478 2727 4525 L
2849 4475 2908 4526 19
2942 4473 3059 4610 stat}

493 4546 653 4610 Very.
690 4545 819 4599 Aen,
863 4547 903 4594 11
948 4545 1051 4596 750
1156 4543 1357 4610 omnes]
1391 4560 1549 4597 nouos
1578 4545 1861 4595 Sic-hardus
1981 4549 2047 4595 22
2079 4542 2242 4611 decet]
2285 4547 2452 4595 taedet
2479 4546 2532 4596 B
2670 4548 2734 4595 27
2763 4560 2855 4612 per
2887 4560 3033 4608 quem

492 4617 688 4667 Terent.
730 4616 928 4668 Phor-m.
956 4617 1088 4677 prol.
1129 4615 1197 4665 28
1337 4617 1532 4680 geritur
1570 4616 1635 4665 M
1803 4618 1872 4667 28
1909 4617 2022 4680 itur]
2064 4619 2231 4667 Plane.
2272 4616 2453 4666 Pseud.
2497 4618 2517 4665 1
2556 4617 2617 4672 5,
2654 4614 2722 4665 38
2760 4621 2829 4676 (v.
2865 4616 2967 4665 452
2994 4617 3064 4676 R)

581 4700 714 4733 nune
741 4700 831 4751 per
856 4686 1079 4735 datiuum
1107 4693 1160 4734 ut
1193 4685 1379 4735 dicitur
1402 4684 1679 4737 sichardus
1712 4701 1843 4736 nunc
1872 4703 1962 4752 per
1992 4688 2219 4736 datiuum
2253 4686 2434 4736 dicitur
2458 4687 2621 4736 BML
2723 4685 2791 4735 29
2826 4700 3063 4736 crcxuau

484 4753 594 4801 BL
631 4769 854 4804 cvcmua
884 4771 1016 4807 corr.
1056 4769 1294 4806 cvcxuna
1345 4754 1406 4802 M
1450 4755 1724 4822 συζυγίαν
1760 4756 2037 4806 Sic-hardus
2213 4756 2282 4806 30
2323 4755 2416 4805 hae
2463 4763 2630 4806 autem
2674 4757 3062 4821 coniugationes

482 4832 584 4871 tres
627 4835 741 4874 sunt
782 4825 890 4872 BL
1034 4824 1101 4872 :33
1143 4825 1440 4885 exsequitur
1469 4839 1606 4872 corr.
1641 4825 1966 4889 subsequitur
2004 4828 2071 4876 M
