3541 5564
614 368 739 431 218
1750 373 2056 436 ΡΟΜΡΕΠ

666 491 709 532 p.
737 480 915 520 274—76
946 480 987 519 1..

614 578 746 620 rum
801 562 1188 639 apertissime,
1280 580 1415 622 nam
1470 563 1519 621 si
1575 560 1718 622 dicis
1773 564 2081 643 participia
2149 582 2277 624 esse
2343 560 2661 631 declinata,
2731 560 2952 623 debent
3018 566 3191 624 etiam

613 670 882 742 tempora
925 666 1204 725 retinere.
1297 665 1413 724 duo
1458 672 1595 724 sunt
1635 665 1943 744 participia
1988 667 2115 736 ista,
2163 684 2344 727 unum
2391 667 2685 734 futurum,
2729 683 2915 726 unum
2960 675 3190 745 praete-

612 767 811 825 ritum.
901 763 1136 844 legendi
1182 767 1297 827 erit
1338 768 1521 827 futuri
1566 768 1974 847 participium,
2021 766 2273 846 legendo
2316 768 2503 828 l'uturi
2545 769 2943 847 participium,
2990 765 3191 846 legen·

613 868 753 928 dum
809 869 990 928 futuri
1033 870 1436 948 participium;
1499 868 1715 930 lectum
1762 872 1879 930 iam
1923 871 2227 950 praeteriti
2271 870 2646 948 participium
2693 870 2821 930 erit.
2915 886 3058 946 ergo
3102 871 3193 929 l'ac

616 962 1042 1038 elocutione'rm
1101 970 1398 1031 videamus
1451 973 1500 1032 si
1557 978 1673 1032 stat
1717 970 1989 1033 elocutio.
2080 984 2223 1052 puta
2270 970 2556 1049 ‘legendo
2603 970 2848 1031 didici':
2878 944 2889 965 ⁶
2924 970 3061 1051 quid
3108 979 3243 1033 ests

614 1071 904 1150 ‘legendo
950 1071 1205 1132 didici'?
1259 1070 1318 1132 id
1368 1082 1456 1134 est
1498 1073 1672 1133 ‘dum
1719 1073 1883 1152 lego,
1931 1074 2165 1144 didici’‚
2213 1092 2332 1135 non
2378 1071 2731 1150 ‘legendum
2775 1072 2920 1133 mihi
2966 1081 3087 1143 est,
3133 1082 3197 1134 ut

615 1174 895 1235 discam'.
988 1173 1302 1252 legendum
1357 1177 1732 1256 participium
1792 1185 1881 1237 est
1924 1177 2108 1238 futuri
2154 1178 2466 1255 temporiS,
2515 1177 2563 1235 si
2608 1175 2758 1235 dicis
2802 1178 2971 1236 istam
3002 1175 3195 1236 decli·

615 1278 913 1337 nationem
961 1275 1099 1337 inde
1146 1276 1527 1338 descendere.
1620 1297 1764 1357 ergo
1811 1277 2044 1358 quando
2090 1278 2223 1338 dico
2269 1277 2558 1356 ‘legendo
2618 1277 2793 1338 didici
2811 1284 2847 1348 ',
2909 1297 3028 1339 non
3086 1278 3197 1339 hoc

616 1379 779 1448 dico,
829 1378 999 1438 ‘ideo
1030 1377 1240 1447 didici,
1275 1380 1550 1457 quoniam
1584 1379 1754 1458 legi’,
1790 1380 1895 1441 sed
1928 1381 2040 1441 erit
2071 1379 2212 1450 hoc,
2258 1383 2532 1460 ‘possum
2564 1380 2822 1451 discere,
2869 1383 2919 1441 si
2951 1380 3193 1459 legam’.

617 1491 677 1541 et
719 1483 871 1541 ratio
915 1479 1030 1542 hoc
1075 1481 1309 1542 refutat.
1371 1501 1505 1542 nam
1552 1482 1790 1561 quando
1836 1482 1968 1542 dico
2013 1481 2363 1542 ‘scribendo
2411 1482 2589 1543 didici
2607 1484 2650 1551 ’,
2700 1482 2992 1542 ‘natando
3036 1484 3192 1552 feci',
3224 1499 3271 1536 ιο

616 1586 733 1644 iam
766 1585 851 1643 sic
896 1583 1059 1653 dico,
1108 1586 1273 1661 quasi
1305 1583 1378 1643 de
1409 1602 1474 1644 re
1505 1586 1768 1664 perfecta
1804 1593 1862 1645 et
1892 1587 2059 1664 quasi
2090 1584 2163 1645 de
2193 1603 2262 1646 re
2295 1592 2605 1647 transacta.
2669 1602 2812 1662 ergo
2855 1604 2971 1665 quo
3021 1585 3195 1645 modo

615 1687 835 1766 poterit
876 1703 1086 1746 sensus
1133 1704 1264 1746 esse
1319 1685 1654 1766 perfectus,
1715 1705 1849 1747 cum
1910 1689 1984 1747 sit
2039 1687 2412 1767 participium
2472 1685 2664 1747 adhuc
2719 1687 3021 1747 futurum?
3078 1706 3193 1747 non

619 1789 909 1866 congruit.
980 1806 1117 1848 ecce
1162 1806 1273 1867 qua
1330 1789 1560 1849 ratione
1606 1789 1827 1849 sactum
1875 1796 1962 1849 est
2007 1796 2072 1849 ut
2116 1807 2235 1849 non
2282 1789 2548 1849 dicantur
2595 1770 2924 1868 participia.
3015 1790 3197 1868 parti·

619 1891 770 1970 cipia
814 1891 1008 1951 omnia
1055 1909 1376 1968 numquam
1423 1892 1805 1951 inveniuntur
1849 1893 1909 1951 in
1952 1910 1989 1951 u
2037 1892 2218 1951 exire.
2306 1889 2541 1969 legendi
2586 1889 2837 1968 legendo
2878 1890 3196 1968 legendum

616 1992 835 2052 lectum
880 1991 1065 2052 lectu:
1112 1994 1161 2053 si
1202 1994 1581 2073 participium
1630 2002 1742 2063 est,
1794 2010 1945 2070 quae
1992 1990 1999 2075 1
2051 2000 2140 2054 est
2182 1995 2293 2054 ista
2340 1991 2691 2053 declinatio?
2757 1996 2807 2053 si
2856 1995 3013 2053 enim
3060 2012 3196 2073 par·
3225 2009 3276 2048 15

618 2095 883 2174 ticipium
931 2101 1112 2164 esset,
1159 2095 1222 2155 in
1268 2114 1303 2154 o
1350 2097 1511 2156 exire
1559 2095 1832 2166 deberet,
1879 2115 1998 2156 non
2043 2096 2104 2155 in
2149 2114 2209 2155 u.
2285 2102 2375 2156 est
2418 2096 2595 2155 etiam
2637 2097 2812 2157 tertia
2857 2113 2956 2156 res
3000 2094 3196 2155 valen-

618 2196 870 2265 tissima,
929 2204 1135 2257 contra
1182 2215 1356 2275 quam
1402 2215 1521 2258 non
1578 2206 1748 2277 potes
1793 2197 2191 2277 respondere,
2242 2206 2302 2258 et
2344 2204 2435 2257 cst
2477 2195 2642 2257 illud.
2731 2196 2905 2276 quale
2953 2204 3041 2257 est
3086 2196 3197 2256 hoc

617 2300 1030 2378 participium?
1074 2301 1364 2379 passivum
1411 2306 1513 2369 est,
1562 2298 1796 2378 legendi
1826 2301 2201 2379 participium
2232 2301 2522 2380 passivum
2556 2306 2671 2368 est,
2721 2307 2781 2359 et
2824 2298 3013 2360 lectus
3058 2317 3196 2378 par-

617 2403 885 2481 ticipium
941 2402 1234 2480 passivum
1293 2408 1400 2461 est.
1492 2402 1587 2463 hic
1644 2409 1843 2462 autem
1901 2401 2112 2462 modus
2170 2401 2423 2480 gerundi
2468 2401 2725 2462 trahitur
2772 2399 2951 2481 [non]
2998 2408 3119 2461 tam
3164 2419 3194 2460 a

617 2505 1042 2583 significatione
1087 2505 1316 2583 passiva
1360 2523 1534 2584 quam
1580 2523 1613 2564 a
1656 2505 2083 2582 significatione
2127 2506 2332 2564 activa.
3225 2522 3279 2561 eo

724 2689 727 2693 ¹
920 2604 1247 2683 frigidus
1291 2608 1362 2666 in
1407 2608 1654 2686 pratis
1698 2605 2067 2666 cantando
2112 2607 2489 2686 rumpitur
2536 2606 2833 2683 anguiS,

617 2708 914 2769 cantando
967 2710 1296 2788 rumpitur:
1345 2707 1485 2789 quid
1533 2715 1621 2768 est
1665 2708 1995 2769 cantando?
2059 2709 2198 2769 dum
2246 2710 2298 2768 ei
2344 2710 2697 2769 incantatur.
2787 2727 2927 2768 ecce
2972 2709 3197 2788 passiva

616 2813 963 2890 significatio
1022 2821 1113 2872 est
1164 2810 1265 2871 illo
1320 2811 1468 2871 loco.
1561 2793 1964 2872 ‘cantando
2032 2819 2104 2872 tu
2171 2810 2434 2881 illum',
2505 2828 2644 2872 ecce
2690 2810 2790 2871 illo
2837 2809 2966 2870 loco
3012 2811 3196 2871 activa

616 2914 963 2993 significatio
1010 2921 1115 2974 est.
1182 2912 1333 2992 elige
1376 2913 1582 2984 modo,
1631 2913 1785 2992 quod
1833 2916 1919 2974 vis
1964 2933 2093 2974 esse
2136 2907 2558 2994 participium·
2596 2914 2646 2973 si
2690 2912 2848 2973 dicas
2892 2911 2965 2971 ab
3012 2912 3198 2972 activa

618 3035 747 3077 esse
790 3016 1246 3094 significatione,
1294 3018 1354 3075 in
1400 3014 1503 3076 illo
1548 3015 1678 3076 loco
1722 3016 2108 3077 soloecismus
2155 3017 2294 3086 erit,
2341 3023 2406 3076 ut
2451 3014 2611 3075 dicas
2657 3013 2985 3075 ‘cantando
3032 3033 3194 3074 rum·
3225 3035 3281 3075 85

619 3120 775 3198 pitur
820 3120 1081 3197 anguis',
1130 3120 1410 3195 quoniam
1454 3117 1572 3179 illic
1617 3111 1802 3197 aequa
1850 3127 1938 3179 est
1980 3119 2345 3198 significatio.
2408 3119 2457 3178 si
2489 3117 2649 3178 dicas
2678 3119 2970 3197 passivam
3014 3118 3192 3195 signi·

617 3222 975 3290 ficationem,
1036 3222 1178 3280 item
1236 3218 1624 3281 soloecismus
1681 3221 1794 3280 erit
1834 3222 1895 3280 in
1941 3218 2042 3280 illo
2098 3219 2257 3287 loco,
2316 3219 2640 3280 ‘cantando
2687 3227 2749 3279 tu
2796 3216 3029 3288 illum’;
3079 3236 3197 3278 non

620 3321 797 3383 debet
840 3323 1188 3400 significatio
1235 3324 1419 3382 activa
1468 3324 1666 3383 venire
1712 3340 1745 3382 a
1789 3324 2103 3402 participio
2160 3323 2409 3402 passivo.
2500 3339 2635 3382 nam
2680 3321 2777 3381 hic
2822 3319 3034 3380 modus
3077 3327 3198 3381 tam

602 3443 651 3484 1a
694 3425 926 3504 passivo
981 3422 1162 3484 verbo
1219 3443 1392 3503 quam
1450 3424 1525 3485 31)
1569 3425 1756 3484 activo
1805 3443 1915 3484 una
1962 3426 2189 3485 ratione
2236 3423 2580 3485 declinatur.
2668 3421 2920 3501 gerundi
2965 3421 3195 3492 modus,

618 3534 759 3606 puta
804 3525 1068 3605 legendi,
1127 3525 1201 3587 ab
1257 3527 1445 3586 activo
1501 3533 1588 3586 est
1642 3534 1702 3586 et
1756 3529 2002 3607 passivo.
2094 3526 2253 3587 unde
2296 3544 2610 3606 possumus
2653 3525 2768 3586 hoc
2811 3526 3197 3586 confirmare?
3227 3548 3282 3587 ω

620 3647 695 3689 ne
740 3628 898 3689 dicas
943 3628 1114 3698 mihi,
1165 3628 1474 3688 confusum
1522 3636 1641 3696 est,
1693 3635 1751 3688 et
1801 3631 1806 3706 Ι
1857 3647 1973 3688 non
2019 3628 2330 3706 intellego,
2379 3612 2642 3689 dicamus
2685 3646 2719 3687 a
2765 3625 3015 3688 neutrali
3063 3635 3121 3686 et
3164 3643 3195 3685 a

618 3730 956 3810 deponenti.
1049 3748 1079 3790 a
1127 3728 1379 3789 neutrali
1421 3730 1602 3790 verbo
1648 3733 2024 3792 manifestum
2071 3740 2159 3792 est
2202 3732 2478 3811 quoniam
2525 3749 2644 3791 non
2690 3736 2779 3790 est
2818 3730 3048 3809 passiva
3095 3727 3198 3789 de·

619 3835 885 3901 clinatio,
943 3842 1002 3894 et
1056 3835 1118 3892 in
1174 3832 1494 3912 deponenti
1550 3831 1729 3894 verbo
1788 3833 2165 3894 manifestum
2223 3843 2312 3894 est
2365 3834 2643 3910 quoniam
2701 3849 2819 3892 non
2879 3837 2986 3890 est·
3010 3832 3195 3890 activa

619 3935 951 3997 declinatio.
1043 3951 1184 4013 ergo
1228 3936 1276 3994 si
1321 3953 1440 3994 non
1486 3943 1680 4015 potest
1724 3935 1798 3995 31)
1842 3944 2093 4015 utraque
2137 3944 2305 4015 parte
2352 3936 2580 4008 venire,
2645 3940 2874 3994 constat
2918 3933 3197 4010 quoniam

619 4037 694 4099 ab
738 4045 989 4114 utraque
1040 4044 1209 4117 parte
1253 4036 1524 4098 similiter
1579 4039 1854 4099 nascitur.
1948 4056 2086 4098 ecce
2144 4036 2411 4105 natandi,
2462 4034 2649 4118 [ecce]
2698 4043 2833 4096 nato
2879 4033 3197 4095 declinatio
3226 4057 3282 4098 35

621 4147 737 4209 est,
798 4139 903 4199 sed
960 4146 1186 4202 tantum
1242 4139 1419 4200 modo
1476 4142 1692 4208 activa;
1750 4142 1893 4200 item
1941 4138 2245 4220 loquendi,
2306 4139 2521 4216 loquor
2567 4138 2880 4199 declinatio
2927 4144 3045 4204 est,
3093 4134 3198 4197 sed

620 4251 846 4304 tantum
903 4241 1079 4302 modo
1132 4245 1380 4323 passiva.
1473 4244 1520 4303 si
1577 4250 1635 4302 et
1690 4241 1930 4303 natandi
1984 4242 2234 4302 dicimus
2289 4249 2346 4302 et
2403 4240 2682 4321 loquendi
2727 4240 3009 4310 dicimus,
3059 4256 3200 4299 ecce

620 4365 735 4406 una
779 4343 1096 4406 declinatio
1129 4353 1243 4416 est,
1293 4321 1548 4406 natando
1576 4343 1904 4424 loquendo,
1936 4344 2259 4408 natandum
2289 4342 2682 4422 loquendum,
2730 4348 2931 4402 natatu
2978 4340 3198 4402 locutu.

757 4584 789 4636 3
830 4583 1045 4650 legendo
1076 4611 1137 4618 —
1172 4586 1202 4633 4
1241 4583 1396 4633 futuri
1432 4583 1753 4648 participium
1793 4601 1884 4634 om.
1925 4582 2061 4646 AB,
2098 4582 2220 4633 add.
2258 4599 2292 4632 a
2396 4581 2429 4631 8
2468 4580 2773 4631 descendere
2810 4580 2861 4630 B
2897 4579 3197 4629 discendere

620 4657 699 4707 Cn
735 4656 1024 4705 discernere
1052 4654 1100 4702 A
1281 4654 1344 4704 12
1383 4670 1493 4702 curn
1534 4663 1582 4704 et
1616 4654 1937 4718 participium
1977 4654 2114 4703 BCa
2149 4669 2262 4702 cum
2303 4652 2620 4716 participium
2662 4649 2709 4698 A
2883 4649 2949 4700 1ss
2981 4664 3064 4699 res
3101 4665 3195 4699 ont.

621 4725 783 4776 ABG
887 4714 898 4724 ⁸
923 4725 985 4775 17
1021 4722 1192 4790 quam]
1237 4724 1371 4788 quod
1409 4725 1450 4774 C
1556 4733 1724 4791 potest
1758 4724 1862 4773 AC
1980 4733 2033 4772 ut
2062 4732 2139 4772 est
2173 4724 2300 4772 illud
2335 4723 2507 4772 Bau:
2543 4731 2597 4771 ut
2632 4721 2755 4770 illud
2782 4718 2831 4768 A
2949 4720 3009 4769 21
3055 4718 3200 4784 frig-i·

620 4794 738 4862 dus]
787 4798 941 4859 Ver-q.
976 4793 1132 4844 buc-ol.
1176 4798 1226 4850 ⁸,
1266 4796 1328 4846 71
1385 4788 1391 4793 ’
1475 4796 1664 4859 paratis
1701 4810 1838 4843 corr.
1877 4795 2034 4857 pratis
2066 4794 2112 4840 Α
2253 4794 2320 4842 22
2358 4793 2610 4857 rumpitur
2642 4807 2676 4839 a
2711 4789 2895 4853 rumpit
2932 4789 3098 4839 ABG

622 4867 743 4931 quid
785 4874 863 4915 est
893 4880 987 4919 om.
1023 4865 1087 4931 A,
1120 4867 1241 4919 add.
1275 4883 1308 4916 a
1448 4864 1515 4916 23
1552 4861 1823 4932 cantando]
1874 4865 2031 4928 Vero.
2074 4862 2236 4914 bucol.
2270 4863 2320 4923 3,
2360 4863 2426 4912 25
2566 4863 2632 4912 24
2665 4860 2868 4911 modum
2898 4858 3066 4912 ABG
