3541 5564
557 325 643 389 44
1364 378 1365 381 η
1684 327 2032 388 (ΣΒΕΠΟΝΙΙ

612 450 651 489 p.
683 438 794 477 1899.
822 439 898 477 900
926 435 971 476 r.

560 515 695 576 huic
741 525 833 577 est
873 515 1110 587 infelix,
1158 534 1306 595 quae
1353 523 1442 578 est
1483 518 1674 596 prima
1705 517 2038 595 conpositio
2082 513 2372 596 [infelix];
2423 515 2680 576 secunda
2725 534 3004 577 essenon
3036 535 3138 595 po-

558 626 699 687 test,
763 618 820 679 id
879 626 970 680 est
1026 637 1144 679 non
1204 620 1341 680 facit
1394 618 1689 688 ininfelix,
1750 637 1825 678 ne
1871 617 2135 680 videatur
2179 618 2249 679 ad
2301 620 2560 698 primum
2603 637 2840 679 sensum
2887 619 3142 679 nominis

322 729 439 790 377,
473 729 532 778 13
557 720 841 801 simplicis
890 739 1180 782 remeare.
1212 755 1296 764 —
1341 719 1466 782 Vel
1511 721 2282 782 senatusconsultum:
2333 723 2725 781 nominativus
2757 720 2870 782 boc
2905 719 3138 782 consul·

556 831 707 893 tum,
753 830 992 884 senatus
1019 826 1323 903 genetivus
1354 832 1442 883 est
1475 826 1705 884 numeri
1734 823 2070 902 singularis.
2150 842 2291 903 ergo
2321 823 2892 885 senatusconsultum
2926 826 3037 894 sic,
3072 841 3140 882 ac

556 927 605 985 si
639 925 862 987 diceret
889 925 1474 1006 patrumconsultum.
1499 962 1582 971 —
1605 927 1853 987 Nomina
1884 929 2125 1006 propria
2157 929 2398 988 omnino
2423 945 2540 987 non
2564 934 2812 1006 possunt
2842 927 3137 1005 componi.
3166 936 3191 976 ⁵

366 1035 536 1086 15.16
732 1029 955 1090 Casus
1011 1036 1180 1090 sunt
1232 1048 1383 1090 sex:
1441 1047 1609 1089 casus
1664 1048 1695 1089 a
1752 1028 2018 1090 cadendo
2075 1029 2232 1091 dicti.
2292 1064 2376 1075 —
2432 1030 2525 1090 Ex
2583 1029 2693 1089 his
2752 1028 2891 1089 duo
2947 1030 3143 1088 recti

555 1130 1061 1212 appellantur:
1128 1130 1455 1192 secundum
1526 1133 1798 1209 antiquos
1862 1134 2012 1192 recti
2068 1132 2343 1212 appellati
2396 1139 2562 1201 sunt,
2632 1122 2749 1191 non
2816 1131 3141 1191 secundum

553 1242 926 1313 praesentem
971 1251 1161 1294 usum.
1239 1232 1311 1293 de
1363 1235 1721 1294 nominativo
1778 1253 1913 1295 casu
1973 1233 2299 1306 dubitatur,
2361 1235 2491 1314 quia
2539 1252 2659 1294 non
2714 1240 2935 1314 potest,
2993 1235 3143 1293 sicut

556 1336 693 1407 alii,
749 1338 1143 1397 nominativus
1186 1334 1430 1405 cadere,
1489 1342 1551 1397 ut
1603 1336 1700 1396 hic
1748 1345 1949 1397 noster
1993 1358 2028 1397 0
2072 1345 2292 1400 noster.
2342 1373 2425 1382 —
2469 1337 2681 1398 Recti
2739 1337 3139 1396 nominati-

556 1458 685 1499 vus
743 1447 813 1499 et
869 1439 1274 1500 vocativus:
1342 1439 1491 1499 recti
1534 1447 1696 1508 sunt,
1755 1442 1889 1519 quia
1934 1438 2263 1519 analogiam
2310 1447 2669 1520 sequuntur,
2728 1437 2952 1518 obliqui
2995 1449 3219 1512 non.10

560 1540 1001 1621 [ablativum
1031 1536 1059 1625 11
1090 1541 1354 1603 Graeci
1409 1560 1550 1601 non
1608 1540 1940 1621 habent]
2016 1544 2162 1603 recti
2209 1561 2381 1603 casus
2422 1548 2561 1602 sunt
2605 1542 2996 1602 nominativus
3033 1548 3044 1616 Ι
3085 1549 3144 1601 et

558 1646 854 1705 vocativus
897 1646 958 1703 in
1002 1645 1190 1723 prima
1236 1645 1409 1705 tertia
1453 1651 1660 1724 quarta
1706 1651 1764 1705 et
1792 1646 1994 1723 quinta
2027 1643 2445 1713 declinatione;
2494 1654 2758 1704 ceterum
2789 1646 2849 1703 in
2881 1641 3139 1704 secunda

559 1765 676 1808 non
720 1764 1039 1826 numquam
1084 1728 1390 1809 vocativus
1430 1745 1683 1826 oblique,
1730 1754 1795 1807 ut
1835 1745 1931 1806 hic
1973 1745 2178 1808 doctus
2221 1766 2255 1807 o
2296 1746 2485 1807 docte.
2533 1764 2884 1826 quamquam
2916 1747 3140 1823 antiqui

559 1851 735 1910 etiam
764 1850 960 1929 ipsum
993 1866 1193 1909 casum
1238 1858 1466 1910 rectum
1508 1848 1832 1920 faciebant,
1881 1859 1947 1911 ut
1988 1858 2075 1912 est
2114 1848 2258 1910 illud
2306 1849 2460 1930 apud
2491 1848 2831 1927 Vergilium,

862 1951 999 2011 duc
1044 1952 1145 2012 ait
1189 1959 1259 2012 et
1302 1950 1613 2013 Rutulos
1658 1954 1977 2032 equitem
2024 1953 2402 2032 Messapus
2445 1954 2517 2013 in
2564 1953 2811 2025 armis,
3166 1958 3219 2001 ¹⁵

467 2060 533 2107 20
558 2054 616 2114 id
676 2061 764 2114 est
820 2072 855 2112 o
899 2054 1198 2133 Messapus
1253 2072 1362 2133 pro
1420 2066 1489 2114 e'o
1545 2054 1703 2135 quod
1760 2063 1847 2116 est
1902 2075 1935 2115 o
1982 2056 2264 2136 Messape.
2311 2090 2396 2099 —-
2440 2056 2673 2116 Etiam
2743 2055 3135 2134 septimum

559 2175 829 2217 casum:
879 2162 969 2216 est
1013 2163 1071 2217 et
1113 2163 1351 2218 octavus
1395 2176 1564 2218 casus
1609 2158 1804 2218 dativo
1847 2157 2084 2227 similis,
2132 2160 2230 2238 qui
2275 2176 2384 2237 per
2413 2157 2804 2218 accusativum
2835 2157 3139 2235 profertur

562 2267 620 2320 et
665 2257 1055 2321 elocutionem
1100 2259 1265 2328 sacit,
1315 2266 1382 2319 ut
1427 2262 1797 2340 ‘propinquo
1843 2263 2069 2331 muro',
2118 2261 2229 2320 boc
2276 2267 2365 2320 est
2408 2259 2481 2319 ad
2527 2277 2786 2319 murum.
2864 2260 3133 2320 nomina-

558 2363 707 2420 tivus
750 2370 807 2421 et
846 2364 1134 2441 septimus
1165 2380 1282 2423 non
1324 2381 1642 2442 numquam
1674 2361 1927 2423 similem
1974 2364 2311 2443 exprimunt
2341 2380 2612 2431 sensum,
2661 2370 2724 2421 ut
2755 2360 2985 2422 doctior
3015 2359 3134 2430 illo,
3215 2353 3223 2373 ⁴

466 2469 531 2517 23
559 2463 787 2524 doctior
829 2481 1010 2539 quam
1054 2468 1155 2524 ille
1201 2484 1234 2513 υ
1282 2462 1356 2526 ab
1399 2462 1501 2524 illo
1546 2472 1859 2544 praesente
1885 2468 2155 2546 suscepi.
2207 2500 2281 2509 —
2329 2464 2511 2525 Sunt
2565 2472 2798 2524 autem
2856 2463 3136 2523 formae
3163 2470 3216 2512 2⁰

559 2564 897 2626 casuales
953 2584 1108 2626 sex:
1169 2567 1392 2626 formae
1447 2568 1591 2628 istae
1647 2567 1936 2628 casuales‘
1968 2587 2075 2648 per
2120 2586 2288 2629 casus
2345 2573 2773 2647 agnoscuntur,
2833 2574 2899 2625 ut
2952 2566 3140 2645 possit

559 2667 764 2746 regula
832 2670 1139 2729 nominum
1211 2668 1622 2730 demonstrari.
1728 2672 2257 2752 quotienscumque
2328 2689 2546 2732 nomen
2610 2671 2670 2730 in
2739 2668 3138 2730 declinatione

559 2791 728 2834 casus
766 2768 775 2854 Ι
814 2770 1148 2854 superfluos
1189 2769 1491 2842 babuerit,
1538 2779 2015 2852 sequestrantur,
2065 2781 2124 2835 et
2154 2780 2296 2855 quot
2326 2773 2746 2842 remanserint,
2795 2770 2972 2833 talem
3015 2772 3136 2832 sor-

560 2895 715 2936 mam
746 2875 997 2943 saciunt;
1046 2876 1096 2935 si
1126 2882 1274 2943 tres,
1324 2877 1677 2945 ternariam,
1725 2878 1775 2936 si
1807 2883 2108 2956 quattuor,
2157 2878 2610 2957 quaternariam.
2675 2876 2900 2936 formae
2931 2894 3136 2935 casua-

560 2977 644 3038 les
688 2978 1090 3056 significantur
1134 2979 1412 3038 varietate
1458 2975 1872 3040 declinationis
1926 2981 1986 3039 in
2047 2979 2266 3040 ultimis
2322 2978 2588 3059 syllabis,
2647 2986 2711 3038 ut
2763 2977 2860 3038 hic
2904 2977 3213 3037 Aeneas²5
3263 3029 3270 3035 .

559 3081 732 3140 buius
774 3081 1008 3141 Aeneae
1053 3078 1189 3140 huic
1234 3081 1466 3140 Aeneae
1511 3078 1667 3142 bunc
1713 3084 1951 3142 Aenean
1997 3103 2032 3142 o
2077 3085 2274 3143 Aenea
2331 3081 2405 3143 ab
2458 3082 2571 3141 hoc
2616 3081 2830 3140 Aenea.
2907 3067 3135 3139 formae

560 3182 775 3244 latinae
821 3180 1190 3262 appellantur
1234 3183 1331 3252 ita,
1381 3184 1542 3243 unita
1590 3181 1819 3245 binaria
1868 3186 2125 3246 ternaria
2174 3185 2548 3262 quaternaria
2581 3183 2855 3263 quinaria
2883 3183 3132 3242 senaria.

561 3287 721 3346 unita
778 3293 892 3354 est,
960 3284 1194 3363 quande
1251 3304 1456 3346 omnes
1511 3305 1681 3347 casus
1736 3286 1960 3347 similes
2010 3286 2127 3346 sibi
2181 3294 2344 3355 sunt,
2405 3294 2469 3347 ut
2522 3286 2619 3346 bic
2664 3302 2917 3362 nequam
2961 3283 3137 3344 buius

561 3405 811 3467 nequam
859 3394 917 3447 et
966 3385 1214 3466 reliqua.
1289 3387 1513 3448 binaria
1559 3388 1807 3459 dicitur,
1868 3391 2142 3469 quotiens
2196 3397 2321 3450 tres
2365 3407 2533 3449 casus
2577 3387 2742 3464 longi
2787 3394 2953 3455 sunt,
3013 3394 3136 3446 tres

561 3487 799 3559 breves,
854 3490 915 3549 in
962 3488 1304 3550 nominibus
1350 3490 1577 3551 scilicet
1620 3490 2163 3560 indeclinabilibuS,
2221 3498 2286 3551 ut
2328 3489 2440 3550 boc
2486 3507 2673 3550 cornu
2717 3507 2752 3548 o
2798 3507 3015 3556 cornu,
3077 3487 3132 3548 id
3162 3493 3213 3535 ³⁰

562 3598 650 3651 est
693 3592 1085 3651 nominativus
1131 3595 1491 3653 accusativus
1538 3601 1595 3653 et
1639 3596 1935 3654 vocativus
1980 3595 2238 3673 correpti
2283 3600 2444 3661 sunt,
2489 3593 2791 3669 genetivus
2823 3590 3048 3650 datIvus
3080 3597 3138 3649 et

561 3691 848 3753 ablativus
892 3694 1185 3773 producti.
1262 3696 1516 3755 ternaria
1577 3704 1667 3756 est
1720 3697 1938 3765 forma,
2008 3699 2280 3776 quotiens
2336 3696 2728 3756 nominativus
2780 3693 3140 3754 accusativus

701 3934 824 3987 eod.
864 3935 1023 3986 Ber-n.
1061 3935 1154 3983 VII
1190 3934 1363 3986 5—6.
1520 3935 1545 3985 1
1591 3934 1845 3985 secundae
1896 3949 2008 3984 ease
2158 3938 2189 3985 4
2234 3932 2456 3999 numeri]
2496 3937 2645 3986 modo
2797 3931 2829 3983 5
2864 3933 3138 3996 patrisum-

562 4004 821 4055 consultus
919 4004 1155 4071 componi
1186 4003 1334 4054 casus
1369 4020 1399 4054 a
1437 4005 1664 4056 cadendo
1699 4005 1821 4055 dicti
1858 4019 2004 4054 casus
2040 4014 2156 4054 sunt
2192 4020 2285 4054 sex
2321 4021 2384 4055 ex
2421 4003 2502 4053 bis
2603 4004 2637 4056 9
2664 4003 2767 4054 alia
2872 4001 2944 4052 10
2965 4001 3141 4051 analo-

560 4075 648 4139 gia
753 4072 818 4125 13
855 4088 1180 4139 nonnumqua
1217 4074 1418 4138 oblique
1521 4077 1587 4127 14
1634 4091 1806 4125 casum
1846 4090 2010 4125 rerum
2053 4074 2302 4126 faciebant
2347 4075 2458 4124 illut
2503 4083 2626 4141 aput
2738 4075 2799 4125 17
2840 4080 2889 4122 et
2924 4083 3001 4122 est

566 4143 629 4194 18
665 4141 760 4210 eat]
790 4160 845 4194 es
990 4146 1052 4196 19
1080 4156 1129 4194 et
1164 4160 1255 4199 om.
1399 4154 1452 4194 ut
1491 4146 1682 4195 doctior
1722 4145 1809 4194 illo
1848 4145 2043 4195 doctior
2087 4148 2150 4195 ab
2191 4146 2275 4195 illo
2417 4147 2478 4195 21
2517 4143 2631 4209 sex]
2676 4161 2742 4195 ex
2882 4141 2949 4193 23
2992 4139 3132 4208 quot]

564 4214 698 4278 quod
801 4215 868 4266 25
904 4217 1196 4266 uarietatem
1301 4214 1370 4266 26
1402 4215 1521 4266 huic
1558 4230 1716 4265 aenea
1739 4215 1840 4265 huc
1877 4230 2065 4266 aenean
2172 4215 2240 4266 29
2276 4213 2491 4281 reliqua]
2533 4217 2675 4281 regio
2778 4215 2840 4266 31
2880 4221 3140 4278 correptae

703 4423 765 4473 11
797 4420 1073 4474 ablatiuum
1111 4421 1287 4473 Graeci
1324 4437 1422 4471 non
1460 4420 1643 4471 habent
1666 4424 1740 4472 ad
1768 4422 1920 4472 verba
1944 4424 2133 4472 Donati
2160 4423 2225 4473 ab
2261 4425 2536 4485 interprete
2570 4421 2837 4487 adscripta
2866 4422 3137 4483 pertinent.

562 4499 611 4541 ee
644 4490 873 4551 sortasse
906 4493 1032 4543 haec
1067 4509 1172 4543 cum
1203 4495 1266 4543 iis
1299 4507 1429 4557 quae
1464 4493 1763 4543 antecedunt
1797 4496 1868 4543 ila
1901 4493 2250 4554 cohaerebant,
2281 4499 2336 4541 ut
2368 4493 2461 4543 hoe
2493 4494 2768 4541 continuum
2795 4495 2963 4542 lemma
2982 4506 3139 4553 prae-

560 4564 798 4628 scriptum
843 4570 1001 4625 esset,
1048 4564 1171 4614 recti
1224 4563 1564 4612 nominativus
1606 4573 1653 4612 et
1698 4565 1986 4625 vocativus,
2017 4564 2210 4627 ,reliqui
2255 4560 2471 4624 obliqui:
2521 4561 2794 4612 ablativum
2830 4562 3001 4629 graeci
3039 4576 3139 4611 uon

563 4630 747 4682 habent
889 4634 952 4683 14
990 4633 1126 4699 apud
1164 4629 1467 4698 Vergilium]
1509 4633 1634 4682 Aen.
1674 4631 1745 4683 XI
1784 4633 1884 4684 46⁴
2029 4635 2092 4685 15
2132 4633 2213 4682 dic
2241 4629 2510 4682 Puucleius
2647 4634 2841 4695 equites
2875 4631 3143 4681 Putsclzt'ua

704 4702 767 4753 18
800 4704 1029 4765 sortasse
1066 4703 1407 4753 nominativus
1454 4702 1705 4752 ablativus
1749 4713 1798 4751 et
1833 4705 2080 4768 septimus
2129 4717 2226 4752 non
2265 4716 2538 4762 numquam
2583 4703 2799 4752 similem
2849 4702 3141 4768 exprimunt

562 4785 784 4833 sensum,
827 4782 878 4821 ut
924 4773 1119 4822 doctior
1153 4788 1302 4836 quam
1341 4772 1441 4829 ille,
1483 4773 1677 4822 doctior
1712 4773 1819 4835 illo,
1858 4774 2054 4823 doctior
2087 4774 2149 4823 ab
2177 4773 2282 4825 illo.
2328 4772 2423 4821 sed
2456 4771 2636 4822 deinde
2664 4773 2910 4838 quaedam
2937 4772 3003 4828 de
3039 4770 3142 4833 dif-

555 4841 779 4904 ferentia
810 4843 1017 4895 ablatim'
1045 4852 1093 4894 et
1124 4844 1317 4911 septimi
1346 4857 1494 4892 casus
1521 4843 1822 4893 caeciderunt
