3541 5564
636 371 762 442 586
1492 374 1744 439 Dvssns
1792 378 1887 438 DE
1934 376 2346 438 NOMINIBVS

687 502 726 539 p.
755 491 817 526 91.
846 488 896 526 92
931 486 981 525 Η.

802 565 983 626 Orbis
1037 568 1276 643 generis
1333 564 1670 630 masculini,
1737 573 1800 625 ut
1844 566 2050 627 Cicero
2111 563 2324 642 (somn.
2375 565 2536 640 Scip.
2584 561 2654 633 3,
2706 561 2811 644 16)
2862 565 3071 643 ‘quern
3119 582 3230 622 vos

640 668 845 729 orbem
892 669 1148 728 lacteum
1193 668 1606 746 nuncupatis'.

802 770 1024 830 Pumex
1067 770 1307 847 generis
1352 768 1694 836 masculini,
1741 776 1808 828 ut
1850 768 2135 847 Virgilius
2182 769 2516 831 ‘latebroso
2561 771 2621 829 in
2669 770 2904 849 pumice
2949 768 3169 848 pepli'.

799 873 1004 934 Pelves
1046 873 1287 948 generis
1332 872 1634 938 seminini,
1685 877 1748 929 ut
1792 870 2014 931 Vallius
2058 872 2392 951 ‘perfusam
2440 872 2668 951 pelvem
2693 874 2729 930 ’.

796 975 1071 1053 Parapsis
1117 975 1356 1051 generis
1398 973 1703 1042 feminini,
1751 979 1819 1032 ut
1862 972 2224 1034 Prudentius
2272 972 2478 1051 (steph.
2523 974 2732 1049 praef.
2774 970 2865 1033 16.
2919 969 3015 1052 18)
3065 974 3218 1032 ‘nec
3248 993 3276 1031 5

630 1095 767 1138 aere
815 1077 954 1136 defit
1001 1075 1255 1153 expolita
1303 1075 1489 1154 pelvis
1533 1076 1844 1153 gravisque
1890 1081 1950 1134 et
1993 1076 2183 1155 ampla
2231 1083 2510 1154 argentea
2557 1085 2647 1137 est
2693 1077 3016 1155 parapsis'.

797 1179 1228 1238 Peristromum
1271 1179 1510 1254 generis
1559 1179 1792 1245 neutri;
1855 1177 1958 1237 sed
2007 1177 2214 1237 Cicero
2264 1177 2435 1254 (Phil.
2487 1177 2538 1237 11
2581 1174 2684 1247 27,
2731 1176 2832 1256 67)
2882 1177 3217 1256 elegantius

631 1281 781 1341 dixit
824 1279 936 1339 hoc
981 1281 1335 1358 peristroma
1383 1287 1442 1338 et
1485 1279 1630 1338 haec
1676 1280 2111 1357 peristromata.

795 1382 1000 1442 Paries
1076 1383 1318 1459 generis
1393 1380 1733 1450 masculini,
1812 1382 1951 1460 quia
2029 1381 2307 1441 dixerunt
2379 1381 2536 1441 hunc
2611 1383 2897 1461 parietem
2968 1390 3027 1442 et
3101 1381 3215 1440 hos

625 1486 904 1564 parietes,
3243 1505 3293 1542 ιο

799 1582 808 1666 Ι
856 1586 1266 1646 Pavimentum
1310 1585 1548 1661 generis
1591 1585 1821 1654 neutri,
1870 1585 2239 1662 ‘pavimenta
2284 1584 2522 1647 multa'.

795 1687 1090 1765 Pulpitum
1137 1688 1376 1763 generis
1420 1689 1644 1756 neutri,
1695 1694 1759 1747 ut
1802 1686 2162 1747 Prudentius
2210 1684 2416 1764 (steph.
2457 1683 2551 1756 10,
2585 1683 2729 1768 221)
2779 1688 3036 1766 ‘cygnus
3079 1695 3209 1747 stu-

627 1808 799 1870 prosa
846 1795 1053 1868 peccat
1099 1791 1256 1848 inter
1299 1788 1579 1867 pulpita’.
1907 1858 1913 1864 v

796 1890 1070 1950 Porticus
1124 1891 1363 1967 generis
1418 1891 1723 1959 seminini,
1783 1897 1848 1948 ut
1893 1890 2219 1969 Cyprianus
2276 1890 2389 1968 (ep.
2442 1889 2495 1970 1)
2556 1891 2965 1970 ‘pampineam
3018 1893 3209 1971 porti·
3310 1895 3347 1910 ‘

626 2013 760 2054 cum
819 1992 1064 2053 frondea
1121 1999 1273 2052 tecta
1330 1993 1669 2060 fecerunt’;
1729 1999 1790 2051 et
1845 1991 2174 2053 Hieremias
2229 1991 2374 2052 altas
2428 1994 2689 2071 porticos
2733 1994 2901 2053 dixit.
2992 1992 3094 2052 sed
3144 1996 3210 2052 in
3244 2015 3295 2052 ιε,

627 2094 928 2172 evangelio
976 2092 1085 2172 (Io.
1139 2091 1234 2162 10,
1279 2089 1382 2174 23)
1432 2093 1738 2172 ‘porticu’
1787 2093 2039 2169 legimus
2082 2094 2500 2154 ‘Salomonis'.

799 2197 968 2257 Putei
1014 2197 1254 2273 generis
1300 2195 1640 2263 masculini,
1690 2202 1753 2255 ut
1798 2196 1939 2256 Cato
1984 2204 2044 2255 ct
2087 2195 2289 2255 Varro.

797 2301 975 2360 Panis
1033 2299 1268 2375 generis
1326 2297 1664 2366 masculini,
1723 2296 1902 2357 huius
1956 2299 2157 2375 pauis;
2204 2295 2511 2375 pluraliter
2555 2299 2874 2375 genitivum
2922 2301 3064 2359 facit
3114 2298 3208 2378 [id

629 2401 748 2481 est]
797 2402 1008 2461 horum
1055 2419 1290 2480 panum.
1336 2422 1374 2458 s
1432 2408 1569 2462 sunt
1614 2406 1673 2458 et
1717 2397 2046 2477 panuculae
2091 2402 2151 2457 in
2201 2399 2472 2459 lanificio.

796 2501 1100 2562 Palumbis
1170 2505 1409 2579 generis
1476 2502 1780 2571 feminini,
1864 2509 1927 2561 ut
1993 2500 2275 2577 Virgilius
2351 2498 2434 2579 (b.
2491 2504 2558 2570 3,
2618 2499 2729 2581 69)
2800 2505 3043 2562 ‘aereae
3105 2515 3293 2580 pai-m

625 2604 911 2667 lumbes’.

794 2705 972 2765 Palus
1017 2705 1256 2782 generis
1303 2705 1607 2774 feminini,
1657 2711 1722 2765 ut
1751 2703 2091 2764 Alexander
2138 2704 2340 2784 ‘palus
2383 2712 2512 2764 erat
2556 2706 2767 2765 sicca’.

801 2810 1064 2887 Papaver
1093 2809 1334 2884 generis
1366 2810 1597 2876 neutri,
1648 2816 1709 2867 ut
1741 2807 2080 2867 Lactantius
2127 2805 2367 2885 (phoen.
2406 2803 2544 2887 127)
2594 2809 2776 2886 ‘quae
2819 2810 2939 2868 sert
2968 2817 3210 2885 agreste

638 2912 946 2992 papaver'.
1024 2909 1300 2968 dixerunt
1343 2918 1402 2969 et
1447 2909 1547 2969 alii
1579 2927 1813 2986 *genere
1861 2907 2217 2978 masculino,
2263 2915 2329 2968 ut
2372 2909 2554 2971 Varro
2602 2910 2910 2970 ‘infriasse
2956 2930 3213 2990 papave-

635 3016 816 3074 rem’.
907 3011 1192 3089 Virgilius
1239 3008 1316 3088 (q.
1363 3010 1390 3070 Ι
1436 3007 1531 3089 78)
1581 3010 1732 3070 dixit
1777 3011 2050 3090 ‘perfusa
2096 3029 2387 3091 papavera
2433 3029 2638 3071 somno
2656 3013 2694 3073 ².
3238 3036 3293 3074 25

767 3235 799 3286 3
847 3249 1032 3299 pumex
1077 3232 1229 3284 Prob.
1268 3231 1389 3291 209,
1424 3230 1488 3281 16
1525 3230 1669 3284 Serv.
1717 3232 1766 3279 in
1812 3233 1969 3296 Verq.
2015 3235 2143 3284 Aen.
2184 3230 2275 3280 xl!
2316 3232 2415 3281 587
2458 3232 2581 3297 Cap.
2621 3234 2758 3283 2249
2898 3234 2928 3281 5
2971 3235 3212 3298 parapsis

630 3307 784 3356 Char.
823 3304 942 3366 106,
972 3305 1037 3354 10
1146 3303 1208 3352 17
1251 3302 1385 3365 putei
1424 3300 1551 3350 Non.
1584 3303 1685 3351 216
1793 3301 1855 3350 18
1887 3303 2033 3368 panis
2070 3302 2198 3352 Non.
2239 3301 2341 3352 218
2378 3301 2528 3351 Char.
2569 3302 2654 3364 90,
2693 3304 2741 3355 5.
2784 3304 2895 3360 141.
2935 3303 3002 3351 20
3038 3300 3208 3354 Prisc,

631 3377 749 3430 353,
787 3375 820 3425 9
963 3374 1027 3423 19
1065 3371 1347 3435 panuculae
1379 3371 1506 3419 Non.
1551 3371 1645 3421 149
1681 3370 1837 3419 Char.
1879 3371 1996 3432 105,
2029 3370 2063 3421 8
2103 3371 2267 3419 Prisc.
2311 3372 2422 3433 115,
2464 3374 2527 3422 15
2666 3373 2735 3421 20
2769 3373 3019 3437 palumbis
3051 3372 3209 3421 Char.

632 3444 747 3505 106,
788 3447 869 3493 24.
911 3442 1026 3498 1⁴0,
1067 3442 1132 3492 14
1169 3441 1294 3491 Non.
1327 3440 1429 3491 219
1464 3441 1627 3489 Pm'sc.
1673 3440 1787 3500 169,
1824 3440 1888 3490 16
2027 3442 2093 3489 22
2126 3443 2272 3505 palus
2305 3440 2431 3492 Non.
2463 3442 2563 3492 219
2702 3442 2768 3490 23
2799 3457 3023 3507 papaver
3050 3442 3207 3495 Char.

627 3516 714 3575 83,
751 3514 820 3563 26
858 3513 984 3563 Non.
1022 3512 1128 3561 220
1158 3511 1318 3564 Prisc.
1354 3510 1469 3571 170,
1510 3508 1572 3560 13

809 3739 829 3787 l
872 3737 980 3786 orbi
1020 3750 1136 3800 gen.
1170 3733 1224 3782 1ῖί
1263 3732 1326 3782 Μ
1362 3734 1468 3782 orbi
1505 3748 1556 3798 g.
1599 3735 1696 3780 neii
1738 3734 1789 3781 V
1927 3733 1958 3781 3
1998 3748 2179 3798 pomex
2218 3734 2407 3783 MVL
2554 3727 2816 3800 Virgilius]
2856 3734 2982 3783 Aen.
3023 3734 3065 3782 V
3104 3735 3208 3785 214

633 3809 881 3857 latebroso
917 3809 966 3855 in
1001 3806 1198 3871 pumice
1233 3804 1354 3864 nidi,
1393 3802 1488 3851 xu
1526 3802 1626 3852 587
1666 3802 1914 3851 latebroso
1956 3805 2003 3852 iu
2050 3805 2248 3867 pumice
2288 3813 2476 3867 pastor.
2520 3811 2637 3852 ante
2667 3804 2803 3870 pepli
2844 3805 2996 3853 aliam
3029 3803 3207 3852 obser·-

625 3881 867 3927 vacionem
893 3876 1146 3926 eaecidisse
1165 3875 1375 3923 coniecit
1401 3873 1652 3936 Hauptius
1757 3873 1946 3921 latebro
1986 3876 2034 3922 in
2065 3872 2127 3920 M
2232 3875 2422 3937 pomice
2451 3873 2517 3921 M
2534 3873 2586 3919 V
2684 3875 2717 3923 4
2744 3874 2948 3939 generis
2975 3872 3210 3922 seminini

627 3949 886 4013 Hauptius
925 3962 1041 4013 gen.
1085 3946 1139 3993 ιιῑ
1171 3944 1234 3992 M
1268 3958 1385 4008 gen.
1429 3944 1525 3991 nesi
1570 3944 1624 3991 V
1649 3958 1768 4007 geu.
1810 3951 1942 3994 neut.
1985 3944 2033 3992 L
2174 3943 2389 4008 Valgius
2425 3944 2631 3992 coniecit
2656 3944 2907 4006 Hauptius
3028 3942 3209 4007 prosu-

628 4034 735 4066 snm
773 4022 852 4068 vel
886 4030 1178 4081 percussam
1221 4015 1281 4063 R.
1326 4016 1561 4077 anerus
1601 4013 1665 4061 de
1701 4013 1849 4076 ναῖς.
1897 4028 2053 4074 poem.
2089 4028 2144 4075 p.
2186 4012 2280 4062 191
2394 4015 2425 4062 5
2462 4015 2694 4077 parapsis
2735 4015 2986 4078 Haupti'us
3025 4014 3208 4077 parab-

629 4089 754 4136 sidis
794 4088 982 4137 MVL
1089 4085 1409 4151 pruidvntius
1442 4082 1507 4130 M
1640 4082 1674 4132 6
1703 4097 1788 4130 ere
1822 4082 1881 4131 M
1918 4099 2065 4132 aerea
2102 4084 2157 4131 V
2255 4083 2510 4148 expoliata
2548 4084 2613 4131 M
2715 4084 2888 4149 pelues
2918 4098 3210 4149 grauesque

633 4159 764 4207 MV
868 4156 1154 4222 parabsidis
1191 4154 1257 4204 M
1281 4155 1331 4201 V
1468 4156 1495 4200 7
1535 4153 1808 4217 eligantius
1852 4152 1979 4202 MV
2113 4152 2146 4202 9
2179 4154 2349 4202 dicunt
2396 4155 2444 4202 V
2479 4153 2580 4202 d'd'
2622 4152 2684 4202 M
2819 4152 2911 4202 hos
2947 4154 3209 4219 parientes

632 4228 695 4277 M
805 4229 863 4277 12
900 4227 1149 4293 pulpitum
1186 4232 1304 4273 ante
1328 4223 1669 4289 pavimentum
1716 4222 1787 4273 L:
1829 4221 2086 4287 pulpetum
2119 4223 2176 4271 M
2199 4226 2250 4271 V
2285 4226 2504 4287 pulpitus
2542 4214 2766 4288 θυμὲλη
2807 4238 2922 4275 exe.
2964 4223 3114 4275 char.
3148 4238 3208 4284 p.

631 4301 750 4357 55⁶2,
793 4299 855 4348 la
997 4305 1258 4361 sti-oprosa
1296 4292 1360 4341 M
1384 4294 1438 4342 V
1573 4291 1636 4342 13
1667 4293 1874 4358 pulpeta
1914 4292 1977 4341 M
1997 4296 2050 4342 V
2187 4295 2250 4343 14
2288 4294 2494 4358 generis
2533 4290 2757 4342 seminini
2797 4291 3049 4355 Hauptiaecs
3086 4308 3207 4357 gen.

629 4371 681 4418 ffi
718 4369 783 4417 M
814 4383 932 4433 gen.
975 4368 1022 4414 fn*
1063 4366 1131 4428 (ἲ)
1177 4367 1230 4415 V
1261 4378 1378 4430 gen,
1415 4371 1547 4412 nent,
1579 4362 1626 4410 L
1735 4362 1799 4411 15
1839 4359 2135 4427 Hieremias]
2177 4365 2262 4423 51,
2293 4362 2361 4413 58
2398 4373 2446 4412 et
2477 4373 2649 4426 portae
2686 4363 2794 4412 eins
2832 4363 3061 4413 excelsae
3096 4363 3209 4428 igni

630 4439 969 4488 conburentur
1070 4436 1135 4485 16
1170 4431 1389 4501 porticu]
1433 4434 1679 4497 porticum
1716 4432 1781 4481 Μ
1881 4433 1943 4482 17
1985 4433 2187 4481 Poteum
2228 4448 2347 4498 gen.
2388 4441 2523 4484 neut.
2552 4432 2626 4482 L:
2659 4435 2793 4497 putei
2826 4437 2874 4483 in
2909 4433 3114 4482 Catonis
3145 4433 3213 4480 de

629 4509 940 4573 agricultura
974 4506 1103 4556 libro
1137 4521 1231 4554 non
1266 4507 1468 4567 leyitur:
1508 4505 1647 4566 apud
1673 4503 1956 4551 Varronem
1978 4511 2195 4567 praeter
2222 4507 2378 4554 locum
2410 4520 2436 4551 e
2464 4502 2611 4552 Gallo
2644 4505 2721 4551 ve!
2749 4504 3012 4553 Fundanio
3046 4519 3079 4550 a
3106 4502 3211 4550 Νο-

629 4583 710 4629 m‘o
746 4578 1052 4639 adscriptum
1090 4585 1268 4640 puteos
1298 4576 1480 4639 Ieffl'eur
1517 4588 1564 4621 r.
1605 4590 1650 4621 r.
1695 4576 1712 4621 1
1751 4573 1847 4631 57,
1880 4575 1941 4629 2,
1978 4584 2157 4637 puteus
2190 4575 2253 4622 de
2289 4576 2325 4626 l.
2364 4575 2399 4625 l.
2440 4572 2485 4620 V
2518 4573 2583 4621 25
2615 4589 2671 4635 p.
2710 4573 2774 4622 41
2807 4572 2895 4635 Sp.
2945 4574 3011 4620 Vl
3045 4572 3112 4622 84
3150 4587 3208 4633 p.

630 4648 732 4699 262
763 4646 852 4713 Sp.
1004 4647 1065 4697 19
1110 4648 1335 4695 lacunam
1371 4644 1585 4694 indicavi
1604 4681 1617 4701 ,
1657 4658 1755 4707 qua
1792 4643 2074 4692 observatio
2112 4643 2174 4692 de
2209 4658 2371 4707 panus
2396 4642 2644 4707 *vocabulo
2682 4644 2891 4705 emeidit,
2926 4644 3054 4691 sicut
3088 4644 3215 4690 vidie

635 4719 883 4779 Haupa'us
987 4715 1055 4767 20
1087 4731 1234 4764 aerae
1273 4715 1338 4764 M
1465 4715 1530 4762 22
1570 4713 1716 4777 palus
1754 4740 1820 4749 —
1856 4713 1991 4761 sicca
2023 4720 2140 4775 post
2175 4728 2400 4779 papaver
2434 4739 2501 4747 —-
2538 4726 2713 4761 somno
2750 4713 2899 4762 habet
2931 4712 3022 4764 M:
3061 4713 3211 4776 palus

631 4787 751 4851 ligni
780 4802 896 4851 geu.
931 4802 1084 4838 masc,
1116 4785 1260 4849 palus
1296 4785 1381 4833 luti
1422 4798 1537 4848 gen,
1575 4783 1691 4831 l'em.
1726 4785 1766 4832 L
1879 4778 2184 4848 Alexander]
2233 4786 2460 4845 sortasse
2493 4784 2543 4831 in
2577 4781 2788 4832 historia
2816 4784 3110 4832 Alexandri

632 4856 700 4906 23
731 4871 948 4921 papaver
969 4863 1085 4917 post
1111 4856 1286 4920 perdix
1313 4856 1454 4915 ponit
1479 4853 1526 4901 L
1634 4869 1730 4915 quo
1766 4853 2044 4916 reragreste
2076 4854 2133 4900 M
2158 4855 2210 4902 V
2313 4855 2381 4903 24
2410 4850 2730 4918 papaverem]
2764 4854 3059 4917 papauerim
3081 4852 3203 4901 MV
