3541 5564
1084 422 1478 483 Excsstu‘TA
1527 421 1871 483 PARtStNA
1921 422 2298 484 xlx-xxl
2848 416 2974 480 625

2584 542 2624 581 p.
2652 531 2765 570 2763.
2798 531 2848 569 64
2879 527 2921 569 r.

406 628 513 689 pro
570 609 641 668 ad
708 608 1200 688 respondendum.
1291 618 1515 689 ponunt
1571 620 1629 669 et
1688 629 1793 691 pro
1849 612 2165 690 participio
2222 615 2581 689 praesentis:
2673 610 2857 669 Varro
2912 612 2971 668 in

407 710 680 771 Scaevola
725 710 835 771 ‘et
881 720 955 771 ut.
1001 720 1301 772 matrem
1348 712 1601 772 audivi
1649 712 1962 781 dicere',
2025 712 2233 773 Cicero
2291 714 2349 772 in
2395 712 2638 772 Verrem
2686 711 2970 771 ‘Chari-

407 814 686 874 demum
777 813 1036 874 Chium
1125 816 1640 876 testimonium
1711 815 1963 875 dicere
2022 815 2381 875 audistis'
2463 833 2572 893 pro
2657 814 2970 873 dicentem.

405 925 541 975 eant
586 934 740 976 nunc
786 918 885 995 qui
933 918 1163 977 infinito
1208 917 1639 978 caluminantur
1683 926 1740 977 et
1787 917 2031 978 verbum
2078 936 2192 979 uon
2239 937 2367 977 esse
2413 916 2792 983 contendunt,
2842 934 2972 975 cum

356 1028 380 1066 ⁵
408 1038 514 1099 pro
559 1018 833 1079 omnibus
876 1020 1001 1078 sere
1050 1019 1213 1079 verbi
1258 1019 1448 1081 modis
1494 1019 1780 1100 probetur
1824 1019 2115 1081 adhiberi.

1320 1212 1412 1266 ΠΕ
1460 1220 2058 1269 INPERSONALIBVS

2630 1278 2640 1305 l

576 1343 727 1404 Sunt
782 1346 1178 1424 inpersonalia
1234 1346 1476 1405 Graecis
1532 1345 1875 1424 Latinisque
1934 1348 2293 1412 communia,
2353 1352 2486 1403 suut
2545 1350 2767 1404 tantum
2836 1361 2973 1401 cou-
3007 1357 3097 1405 ιω
3123 1357 3186 1403 V.

409 1466 574 1507 cessa
622 1447 916 1507 latinitati.
1008 1447 1179 1506 decet
1223 1465 1315 1506 me
1363 1456 1418 1506 te
1465 1448 1627 1508 illum
1672 1466 1781 1508 nos
1830 1468 1927 1507 vos
1971 1447 2104 1507 illos
2148 1447 2516 1526 inpersonale
2574 1455 2694 1513 est;
2770 1444 2870 1503 sed
2920 1452 2977 1503 et

410 1550 619 1608 Graeci
667 1549 776 1608 hoc
823 1548 1003 1608 verbo
1049 1549 1325 1609 similiter
1372 1558 1633 1619 utuntur,
1682 1546 1918 1628 πρέπει
1976 1544 2118 1628 ἐμοὶ
2178 1545 2284 1609 σοὶ
2330 1544 2565 1628 ἐκείνῳ
2607 1540 2771 1627 ἡμῖν
2815 1538 2977 1625 ὑμῖν
3065 1624 3070 1631 ι

332 1677 381 1715 ιο
411 1646 708 1721 ἐκείνοις.
802 1651 912 1709 hoc
973 1660 1166 1710 autem
1224 1652 1597 1730 iupersouale
1671 1654 1933 1711 nascitur
1992 1671 2022 1710 a
2093 1651 2273 1710 verbo
2330 1650 2511 1710 dccco
2579 1650 2753 1708 deees
2807 1648 2977 1708 decet

407 1755 675 1812 decamus
719 1754 933 1812 dec-etis
976 1754 1202 1821 decmzt,
1248 1748 1477 1832 πρέπω
1524 1747 1797 1831 πρέπεις
1841 1749 2076 1831 πρέπει
2120 1748 2459 1832 πρέπομεν
2505 1747 2786 1830 πρέπετε
2816 1743 2974 1827 πρέ-

408 1866 684 1923 πρυσιν;
755 1854 1000 1914 ‘decent
1067 1855 1300 1915 domum
1357 1856 1727 1923 columnae’,
1788 1851 2160 1933 πρέπουσιν
2227 1855 2306 1934 τῇ
2375 1850 2552 1934 οἰκίᾳ
2609 1848 2677 1911 οἱ
2737 1851 2973 1922 κίονες.

404 1937 632 2035 τ’[ιΙειωΙῑ
689 1956 835 2017 mihi
892 1957 1101 2015 lectio’
1163 1956 1404 2016 verbum
1463 1965 1569 2026 est,
1622 1958 1650 2030 .‘
1669 1957 1861 2035 placet
1917 1956 2064 2016 mihi
2121 1957 2354 2033 legere'
2416 1954 2786 2034 inpersonale
2857 1960 2974 2012 est:

409 2060 485 2117 ita
534 2066 591 2115 et
637 2059 789 2137 apud
837 2060 1093 2118 Graecos
1140 2054 1404 2136 ἀρέσκει
1448 2078 1559 2138 μοι
1603 2053 1642 2137 ἡ
1687 2051 2066 2135 ἀνάγνωσις
2098 2057 2168 2116 ad
2215 2076 2526 2136 personam
2571 2057 2821 2117 relatum
2870 2063 2976 2123 est,

334 2184 379 2221 ιε)
407 2152 674 2238 ἀρέσκει
729 2179 840 2239 μοι
906 2154 1438 2238 ἀναγιγνώσκειν
1509 2161 1882 2239 inpersonale
1952 2169 2040 2219 est
2097 2181 2132 2214 a
2202 2161 2492 2235 contingit
2560 2177 2651 2218 me
2723 2160 2975 2217 venisse.

412 2262 687 2321 similiter
733 2263 892 2340 apud
939 2263 1191 2322 Graecos
1236 2256 1486 2340 συνέβη
1531 2281 1643 2341 μοι
1685 2255 1724 2340 ἡ
1777 2258 1963 2334 ἐλπίς
2006 2262 2419 2322 declinationis
2450 2267 2557 2328 est,
2606 2254 2855 2337 συνέβη
2899 2278 2979 2338 με

411 2358 817 2443 ἐληλυθέναι
873 2364 1246 2442 inpersouale
1294 2374 1401 2423 est.
1471 2366 1735 2442 poenitet
1780 2383 1870 2423 me
1917 2365 2026 2424 hoc
2072 2371 2161 2423 est
2204 2363 2358 2441 quod
2405 2362 2558 2441 apud
2607 2361 2738 2421 illos
2781 2380 2978 2440 μετα-

406 2460 589 2544 μέλει
643 2485 774 2544 μοι.
864 2466 1260 2544 inpersoualia
1316 2467 1469 2546 apud
1516 2468 1772 2526 Graecos
1816 2485 1921 2546 per
1967 2473 2228 2545 tempora
2276 2485 2390 2525 uon
2435 2466 2781 2525 ssectuutur:
2848 2482 2977 2523 nam

410 2568 864 2646 iupersonaliter
910 2562 1204 2646 τρέχεται
1249 2569 1706 2645 περιπατεῐται
1751 2587 1922 2628 nemo
1968 2568 2125 2628 dicit.
2215 2567 2439 2627 nullum
2500 2564 2874 2644 inpersouale
2920 2566 2979 2624 iu

333 2696 383 2732 κο
411 2669 656 2749 pluralis
702 2670 936 2729 numeri
993 2670 1179 2729 forma
1239 2671 1566 2730 invenitur:
1630 2690 1761 2732 nam
1811 2670 1995 2730 ebene
2041 2669 2258 2747 legitur
2307 2666 2558 2747 [liber]'
2607 2666 2978 2746 inpersonale

410 2780 515 2840 est,
564 2769 773 2832 ‘libri’
820 2779 1015 2832 autem
1059 2769 1307 2852 ‘[l›eue]
1357 2773 1670 2850 leguntur'
1719 2772 1974 2833 elocutio
2020 2780 2109 2833 est
2139 2791 2385 2849 graecae
2420 2769 2626 2832 similis
2659 2764 2734 2828 ac
2756 2766 2980 2847 βίβλοι

409 2865 1003 2951 ἀναγινώσκονται.

988 3056 1081 3103 ΒΕ
1125 3057 1379 3106 FORMIS
1425 3059 1561 3105 VEL
1607 3057 1977 3105 SPECIEBVS
2025 3056 2399 3104 VERBORVM

583 3179 687 3239 llis
733 3178 1168 3258 subiunguntur
1212 3201 1362 3260 quae
1411 3183 1723 3242 verborum
1772 3185 1994 3242 formae
2018 3182 2129 3270 ‚vel
2164 3182 2388 3259 species
2420 3183 2821 3246 nominantur,
2859 3200 2978 3240 me·
3011 3198 3103 3244 170
3131 3196 3192 3244 v,

338 3281 654 3342 25ditativa
711 3282 1036 3342 inchoativa
1097 3286 1524 3362 frequentativa
1581 3294 1639 3343 et
1695 3287 2054 3363 usurpativa.
2142 3303 2290 3362 (litae
2348 3291 2482 3342 suut
2540 3284 2664 3342 l'ere
2711 3282 2981 3360 propriae

415 3383 737 3452 latinitatis,
786 3384 921 3443 lieet
967 3385 1362 3446 meditativam
1410 3389 1586 3446 etiam
1632 3387 1841 3446 Graeci
1888 3386 2105 3445 habere
2151 3392 2452 3464 putantur.

580 3485 663 3544 De
708 3487 1065 3547 meditativa.
1130 3496 1219 3546 est
1264 3496 1459 3547 autem
1508 3488 1842 3547 meditativa
1890 3506 2038 3566 (luae
2083 3489 2378 3563 siguificat
2422 3486 2862 3545 meditationem
2897 3487 2980 3544 rei
3015 3504 3099 3549 171
3135 3501 3192 3552 v,

413 3589 580 3646 cuius
627 3589 891 3648 imminet
938 3599 995 3648 et
1042 3599 1314 3667 speratur
1359 3590 1629 3658 effectuS,
1680 3597 1742 3648 ut
1787 3592 2082 3668 parturio,
2132 3588 2286 3668 quod
2330 3597 2420 3648 est
2451 3606 2661 3666 parere
2710 3588 2978 3663 meditor,

413 3691 641 3758 esurio,
691 3709 818 3749 esse
866 3690 1153 3759 meditor;
1202 3699 1260 3750 et
1306 3700 1439 3751 suut
1471 3710 1707 3771 semper
1739 3693 1950 3750 tertiae
1984 3692 2418 3767 ecmiugatiouis
2450 3689 2793 3768 productae.
2843 3688 2978 3747 lmic

336 3791 625 3853 aosimitis
680 3794 741 3851 iu
795 3791 1028 3869 graecis
1082 3811 1314 3872 quoque
1374 3792 1567 3852 verbis
1622 3795 1925 3853 iuvenitur
1980 3795 2241 3872 specie&
2301 3789 2602 3849 θανατιῶ
2660 3787 2982 3869 δαιμονιῶ

411 3891 687 3971 βινητιῶ
733 3885 1023 3973 οὐρητιῶ
1070 3890 1345 3971 έρωτιῶ.
1436 3894 1530 3953 his
1575 3897 1733 3954 euim
1781 3894 1979 3954 verbis
2026 3901 2510 3973 temptameutum
2556 3892 2846 3972 quoddam
2896 3893 2979 3949 rei

412 4004 470 4052 et.
517 3996 849 4064 meditatio,
883 4015 1013 4054 -uon
1064 3997 1188 4074 ipse
1237 3997 1506 4065 effeetus,
1568 3999 1943 4076 exprimitur.
2034 3996 2128 4055 his
2173 3995 2390 4056 similia
2437 3994 2711 4055 videntur
2757 3988 2983 4072 ῥιγείω

411 4090 653 4156 ὀκνείω
701 4095 1037 4175 γαμησείω
1082 4096 1500 4177 πολεμησείω
1544 4096 1876 4177 βρωσείω.

580 4198 665 4257 De
732 4198 1085 4257 inchoativa.
1177 4199 1505 4259 inchoativa
1572 4201 1757 4259 forma
1824 4207 1912 4258 est
1977 4217 2124 4279 quae
2198 4200 2314 4257 iam
2382 4198 2605 4276 aliquid
2678 4196 2984 4256 inchoasse
3015 4216 3104 4262 171
3134 4214 3192 4260 v.

335 4315 387 4356 35
414 4307 693 4367 testatur,
742 4307 807 4358 ut
850 4299 1152 4377 pallescit,
1200 4304 1296 4360 cui
1342 4301 1593 4361 necdum
1641 4302 1889 4361 diffusus
1934 4311 2023 4361 est
2070 4309 2225 4359 totus
2268 4299 2472 4378 pallor.
2535 4298 2768 4357 ethaeo
2799 4300 2985 4357 forma

551 4507 575 4552 1
606 4514 862 4569 ponuntur
888 4504 937 4551 P
1070 4504 1119 4551 iu
1158 4503 1397 4552 Scaevola
1427 4504 1585 4553 lamas·
1610 4505 1659 4552 in
1687 4503 1976 4552 Scaeuolam
2015 4504 2064 4551 P
2195 4504 2225 4550 2
2263 4502 2311 4550 in
2337 4497 2571 4566 Verrem]
2600 4509 2696 4552 (ιοί.
2725 4517 2824 4550 see.
2851 4500 2874 4549 1
2906 4502 2989 4562 19,

413 4576 480 4623 50
613 4576 644 4622 3
682 4567 879 4636 Chium]
919 4587 1033 4620 eum
1066 4572 1117 4621 Ρ
1249 4574 1280 4621 4
1315 4573 1619 4621 contendant
1644 4573 1694 4621 P
1829 4573 1888 4620 11
1925 4571 2164 4619 decemus
2200 4571 2390 4618 decetis
2426 4571 2604 4618 decent
2639 4585 2730 4618 om.
2758 4570 2828 4629 P,
2867 4570 2987 4619 add.

415 4641 575 4690 Ianua·
712 4644 774 4691 15
809 4640 1022 4702 contigit
1055 4655 1255 4703 quoque
1291 4650 1457 4705 potest
1493 4652 1539 4688 et
1574 4657 1637 4689 ex
1669 4642 1862 4702 integra
1899 4640 2232 4688 declinatione
2267 4637 2486 4694 venisse,
2523 4637 2715 4687 scilicet
2739 4647 2794 4685 ut
2818 4637 2986 4700 Turno

416 4709 673 4772 contingat
698 4709 837 4772 regia
863 4710 1102 4768 coniunx,
1132 4718 1301 4774 potest.
1325 4722 1372 4756 et
1406 4709 1727 4774 inpersouale
1753 4724 1867 4756 esse
1891 4724 2005 4759 exc.
2031 4706 2162 4757 Boo.
2190 4707 2436 4770 contingit
2460 4705 2580 4754 mihi
2607 4706 2854 4753 adventus
2881 4704 2987 4764 (aut

416 4789 637 4839 optatum
680 4794 770 4827 seu
803 4777 979 4842 spes),
1033 4776 1278 4840 contingit
1315 4776 1433 4826 mihi
1490 4780 1694 4827 venisse
1738 4778 1952 4826 confecit
1994 4775 2210 4826 Zeunius
2349 4777 2411 4825 19
2453 4768 2707 4839 τρέχεται
2749 4788 2988 4836 περιπα-

416 4846 597 4893 taccat
640 4844 798 4893 Ianus
842 4846 955 4893 coll.
1003 4860 1116 4894 eme.
1155 4843 1282 4893 Bob.
1328 4862 1381 4909 p.
1413 4847 1507 4894 167
1550 4861 1770 4910 τρεχειν
1811 4858 2146 4908 περιπατειν
2190 4845 2239 4892 Ρ
2369 4845 2433 4893 ⁴26
2479 4843 2769 4892 meditatiua
2813 4841 2860 4894 P

414 4915 472 4961 31
512 4911 750 4977 βινητιῶ
784 4929 897 4967 eoec.
926 4913 1056 4967 Bob.
1081 4928 1313 4977 κινητιω
1342 4915 1387 4962 P
1524 4905 1752 4980 ἔρωτιῶ]
1782 4927 1977 4975 speum
2002 4914 2051 4962 P
