3541 5564
584 342 714 409 450
1695 345 2060 409 EVTYCBIS

634 466 679 506 p.
708 455 796 494 155.
822 456 871 495 56
901 454 940 494 1„
2768 467 2807 507 p.
2838 456 2953 494 2146.
2983 456 3033 493 47
3063 454 3105 494 P.

585 534 867 614 profiteor
922 541 1092 596 tueor
1148 537 1402 595 intueor.
1493 541 1770 596 notantur
1814 536 2041 615 primae
2092 535 2336 627 quidem
2384 537 2819 612 coniugationis
2864 534 2977 595 beo
3019 554 3157 595 creo

585 655 719 696 meo
764 655 1030 697 commeo
1076 655 1296 697 nauseo
1342 638 1591 698 enucleo
1638 638 1852 717 laqueo
1896 656 2095 707 screo,
2142 646 2386 716 quartae
2434 654 2572 697 vero
2616 656 2686 696 eo
2742 646 2802 697 et
2856 657 3037 718 queo,
3098 646 3156 698 et

583 757 734 817 quae
790 746 908 800 tam
963 758 1034 798 ex
1090 738 1186 798 his
1241 758 1416 819 quam
1470 759 1542 799 ex
1600 740 1723 800 illis
1781 745 2212 819 conponuntur.
2303 740 2457 799 sicut
2518 758 2555 799 ιι
2613 758 2847 819 quoque
2896 740 3156 800 vocalem

585 846 721 900 ante
768 860 802 900 o
849 840 939 900 vel
985 859 1053 899 or
1108 842 1343 902 finalem
1401 840 1682 902 habentia
1740 840 1920 902 verba
1975 843 2276 921 primitiva
2334 842 2512 902 tertia
2558 830 2677 900 sibi
2723 841 2844 902 sola
2891 839 2899 920 Ι
2949 844 3153 901 eoniu-

582 944 743 1019 gatio
799 941 1087 1012 vindieat,
1149 950 1212 1003 ut
1261 942 1449 1003 -inbuo
1493 942 1695 1003 tribuo
1739 961 1886 1003 acuo
1931 943 2111 1004 induo
2157 961 2341 1021 arguo
2385 944 2502 1004 ssuo
2547 928 2748 1022 polluo
2792 944 2932 1022 pluo
2977 943 3151 1003 adluo
3179 959 3205 995 ει

584 1046 767 1105 innuo
812 1045 1014 1104 minuo
1057 1062 1206 1123 spuo
1249 1063 1359 1105 ruo
1404 1064 1510 1105 suo
1556 1052 1752 1105 metuo
1798 1047 1965 1105 sutuo
2010 1045 2220 1125 loquor
2275 1046 2470 1125 liquor
2502 1048 2695 1114 fruor,
2744 1054 2803 1105 et
2848 1045 2922 1106 ab
2967 1048 3154 1106 omni-

586 1147 696 1208 hus
741 1147 835 1225 his
880 1148 1212 1225 conposita,
1262 1148 1527 1227 exceptis
1570 1149 1806 1225 pauciS,
1865 1166 2013 1227 quae
2059 1147 2131 1208 ad
2175 1148 2429 1227 primam
2476 1149 2951 1224 coniugationem
2997 1148 3154 1208 deri-

586 1250 836 1310 vationis
869 1250 1034 1309 ratio
1076 1247 1291 1318 trahit,
1339 1249 1411 1308 de
1456 1267 1570 1328 qua
1616 1256 1821 1327 postea
1866 1249 2128 1319 dicetur,
2188 1257 2253 1310 ut
2310 1268 2492 1311 vacuo
2537 1250 2714 1311 viduo
2761 1258 2938 1311 tenuo
2983 1252 3156 1311 sinuo

583 1353 819 1412 insinuo
865 1351 1146 1410 continuo
1193 1349 1412 1411 ssuetuo
1455 1359 1659 1411 aestuo
1706 1351 2033 1411 tumultuor
2077 1359 2333 1412 mutuor.
2422 1354 2443 1410 i
2489 1369 2628 1411 vero
2673 1359 2809 1412 ante
2854 1372 2888 1410 o
2934 1340 3154 1413 hahen-

585 1456 664 1513 tia
710 1454 888 1513 trium
933 1459 1070 1511 sunt
1116 1453 1624 1531 coniugationum‚
1674 1452 1732 1512 id
1779 1461 1870 1513 est
1912 1455 2142 1532 primae
2199 1454 2411 1513 tertiae
2455 1459 2734 1533 quartae:
2790 1456 3158 1516 confusionis
3186 1468 3235 1507 ω

583 1557 742 1615 enim
800 1553 1227 1614 discernendae
1283 1573 1457 1615 eausa
1516 1553 1734 1615 melius
1792 1554 1936 1615 mihi
1992 1555 2227 1617 videtur
2282 1563 2553 1635 quartam
2612 1557 2950 1625 nominare,
3016 1556 3157 1616 lieet

580 1657 818 1736 quidam
866 1673 994 1715 eam
1039 1673 1272 1735 quoque
1319 1658 1555 1717 tertiam
1607 1653 1882 1735 [solam],
1932 1656 2036 1717 sed
2080 1657 2455 1736 productam,
2505 1657 2971 1737 appellaverunt.
3048 1657 3153 1717 sed

585 1759 680 1819 illa
727 1761 953 1838 primae
1008 1764 1175 1825 sunt,
1233 1776 1382 1836 quae
1428 1758 1752 1818 adhaerent
1808 1757 2149 1818 nominibus
2201 1778 2319 1818 non
2375 1760 2574 1819 minus
2616 1758 2975 1838 trisyllahiS,
3024 1758 3157 1820 abs-

581 1879 696 1941 que
756 1861 854 1939 pio
909 1860 1039 1939 pias
1097 1865 1154 1918 et
1209 1858 1309 1919 hio
1364 1859 1599 1928 hias,‘i
1658 1878 1869 1939 puram
1927 1859 2355 1940 paenultimam
2411 1861 2571 1923 nulla
2616 1869 2903 1940 sequente
2949 1879 3154 1921 conso-

583 1969 760 2023 nante
805 1978 1042 2039 semper
1087 1959 1444 2021 habentibus
1490 1963 1551 2021 in
1597 1963 1757 2022 omni
1803 1979 2051 2039 genere,
2100 1969 2164 2022 ut
2208 1964 2452 2023 nuntius
2482 1964 2689 2023 nuntio
2718 1965 2989 2031 nuntias,
3025 1974 3238 2025 sau-15

580 2065 707 2125 cius
751 2065 951 2124 saucio
992 2064 1252 2132 sauciaS,
1301 2064 1497 2124 socius
1555 2065 1715 2123 socio
1773 2064 1991 2133 socias,
2055 2061 2247 2143 [curia
2304 2064 2548 2125 decurio
2593 2062 2895 2145 decurias]
2945 2065 3159 2126 fiducia

583 2167 830 2227 liducior
875 2164 1205 2235 fiduciariS,
1254 2165 1569 2245 repudium
1622 2165 1873 2244 repudio
1929 2166 2238 2245 repudias,
2287 2165 2615 2244 tripudium
2663 2166 2922 2245 tripudio
2968 2169 3157 2247 tripu-

580 2269 737 2336 dias,
795 2267 997 2328 radius
1052 2267 1220 2327 radio
1275 2267 1503 2336 radiaS,
1562 2267 1874 2328 consilium
1918 2268 2201 2329 consilior
2245 2269 2613 2337 consiliam,
2661 2269 2971 2330 concilium
3019 2289 3158 2329 con·

560 2371 755 2440 ⁴eilior
800 2368 1170 2439 conciliariS,
1229 2368 1433 2429 solium
1491 2369 1710 2430 desolio
1767 2370 2043 2440 desolias,
2104 2370 2357 2449 spolium
2403 2370 2591 2449 spolio
2637 2370 2881 2449 spolias,
2932 2367 2957 2451 lg
3006 2390 3158 2432 som-

584 2475 751 2534 nium
796 2472 1026 2533 somnio
1072 2472 1359 2540 somnias,
1408 2471 1553 2533 linia
1599 2471 1822 2533 delinio
1868 2471 2146 2542 deliniaS,
2197 2472 2483 2532 auxilium
2529 2472 2784 2532 auxilior
2829 2473 3157 2542 auxiliariS,
3189 2488 3240 2525 2⁰

581 2578 812 2636 corium
865 2573 1107 2634 decorio
1164 2572 1462 2643 decoriaS,
1520 2574 1676 2634 suria
1731 2574 1888 2634 furio
1943 2574 2156 2643 suriaS,
2204 2575 2402 2634 varius
2448 2577 2608 2634 vario
2654 2575 2877 2645 variaS,
2926 2574 3159 2636 basium

584 2678 748 2738 basio
794 2674 1016 2744 basiaS,
1064 2675 1319 2753 spatium
1371 2676 1596 2753 spatior
1651 2676 1954 2754 spatiaris,
2014 2678 2272 2754 pretium
2327 2675 2598 2754 depretio
2657 2670 3160 2755 depretias,'ini-

584 2780 731 2839 tium
777 2778 985 2838 initior
1030 2778 1320 2847 initiaris,
1370 2778 1579 2838 vitium
1624 2777 1765 2837 vitio
1812 2777 1999 2837 vitias,
2089 2797 2261 2838 omne
2307 2779 2507 2858 itaque
2552 2777 2798 2840 verbum
2847 2780 2908 2840 in
2953 2780 3012 2840 io
3057 2779 3158 2840 de-

582 2882 784 2942 sinens
841 2887 901 2940 et
955 2897 1168 2940 nomen
1225 2879 1451 2940 habens
1506 2879 1837 2958 adpositum
1898 2878 2013 2938 sibi
2059 2882 2121 2940 in
2167 2882 2186 2939 i
2232 2897 2441 2959 puram
2487 2874 2911 2959 paenultimam
2954 2884 3159 2942 termi-

585 3002 733 3045 nans
777 2983 1007 3062 primae
1053 2981 1490 3059 coniugationis
1534 2983 1864 3050 invenitur,
1913 2989 1975 3042 ut
2020 2982 2242 3042 dictum
2289 2989 2407 3051 est,
2454 2990 2701 3061 excepto
2747 2983 2847 3042 hio
2891 2983 3021 3043 hias
3071 2982 3162 3062 [et
3189 2998 3239 3036 25

583 3088 684 3166 pio
727 3082 921 3164 pias],
982 3082 1138 3162 quod
1193 3082 1338 3144 lieet
1392 3085 1759 3162 primitivum
1816 3089 1909 3143 est
1960 3084 2018 3143 in
2074 3084 2133 3142 io
2191 3083 2496 3154 desinens,
2553 3086 2783 3163 primae
2830 3093 3026 3145 tamen
3071 3094 3162 3145 est

583 3185 1036 3263 coniugationiS.
1126 3185 1345 3264 amplio
1400 3187 1556 3246 enim
1614 3184 1862 3264 amplias
1918 3184 1991 3244 ab
2049 3186 2301 3264 amplior
2345 3187 2581 3246 nomine
2626 3187 2717 3246 vel
2764 3187 3016 3267 amplius
3059 3188 3159 3248 ad-

583 3288 820 3357 verbio,
869 3289 1024 3348 sicut
1068 3288 1215 3348 satio
1271 3290 1452 3375 satias
1509 3307 1540 3347 a
1599 3288 1776 3347 satias
1822 3288 2092 3356 nomine,
2139 3306 2254 3366 quo
2299 3286 2621 3348 utebantur
2666 3290 2893 3369 antiqui
2935 3309 3044 3369 pro
3089 3310 3161 3350 eo

583 3391 739 3472 quod
785 3396 877 3451 est
919 3390 1190 3459 satietaS,
1240 3396 1302 3450 ut
1348 3389 1665 3450 Terentius
1710 3391 1773 3448 in
1816 3388 2103 3449 Eunucho

887 3490 1010 3550 uhi
1057 3492 1296 3551 satias
1339 3492 1514 3552 sieri
1561 3484 1843 3570 coepit,
1890 3500 2253 3552 commuto
2299 3491 2568 3561 locum,
3188 3506 3240 3546 ³0

3261 690 3289 713 N

723 3680 753 3726 2
793 3692 982 3728 nauseo
1016 3692 1236 3726 enauseo
1274 3678 1454 3729 nucleo
1496 3677 1703 3727 enucleo
1736 3680 1915 3741 laqueo
1950 3677 2182 3741 inlaqueo
2221 3687 2427 3740 quartae
2469 3680 2515 3728 P
2652 3680 2684 3730 :3
2720 3687 3071 3744 conponuntur
3110 3688 3161 3727 ut

583 3765 642 3798 eo
680 3762 837 3797 ueneo
874 3762 1070 3810 nequeo
1106 3763 1256 3812 pereo
1296 3749 1447 3798 redeo
1487 3749 1602 3797 ineo
1642 3762 1767 3797 exeo
1807 3749 1932 3797 adeo
1984 3747 2111 3797 abeo
2154 3761 2335 3812 praeeo
2373 3757 2520 3797 anteo
2558 3749 2758 3799 cireneo
2795 3750 2987 3798 intereo
3024 3757 3159 3798 tran-

583 3833 669 3869 seo
717 3827 975 3884 praetereo
1025 3819 1204 3869 ambeo
1241 3833 1362 3867 coeo
1401 3826 1637 3868 eontraeo
1675 3820 1870 3868 introeo
1908 3817 2145 3881 dispereo
2185 3825 2477 3881 pertranseo
2523 3820 2679 3868 subeo
2711 3819 3000 3868 subintroeo
3037 3833 3158 3882 sup—

586 3903 737 3955 pereo
786 3889 914 3937 sient
948 3894 970 3936 t
1011 3898 1379 3954 componuntur
1425 3903 1586 3938 ueneo
1625 3903 1818 3952 nequeo
1856 3888 2045 3953 prodeo
2084 3887 2235 3936 redeo
2283 3887 2398 3938 ineo
2441 3903 2567 3939 exeo
2616 3888 2743 3937 abeo
2781 3903 2963 3952 praeeo
2998 3888 3159 3937 subeo

586 3974 736 4025 pereo
782 3966 930 4008 anteo
970 3958 1168 4008 cireneo
1211 3959 1401 4009 intereo
1448 3966 1708 4023 praetereo
1743 3958 1922 4007 ambeo
1971 3958 2098 4006 adeo
2142 3972 2265 4007 coeo
2311 3966 2546 4007 contraeo
2584 3959 2819 4024 dispereo
2867 3967 3160 4023 pertranseo

584 4029 794 4079 snbineo
838 4028 1127 4079 subintroeo
1170 4044 1385 4094 supereo
1422 4029 1551 4077 sicut
1589 4028 1626 4089 f
1652 4034 2024 4093 componuntur
2060 4028 2191 4076 siout
2229 4041 2385 4076 veneo
2424 4042 2618 4091 nequeo
2651 4043 2685 4084 ς
2842 4028 2885 4100 ἐξ.
2913 4028 3076 4094 futtuo
3118 4027 3163 4075 B

586 4100 723 4149 l'atuo
751 4101 832 4150 Pe
969 4098 1000 4146 7
1031 4098 1320 4148 diriuatiuia
1355 4097 1508 4147 trahit
1543 4097 1743 4149 traditio
1782 4097 1830 4145 Ρ
1998 4097 2033 4148 9
2071 4097 2346 4147 tumultuor
2384 4113 2474 4148 om.
2513 4099 2597 4148 B:
2639 4108 2837 4146 mutuor
2885 4098 3162 4147 tumultum·

587 4169 753 4219 tamor
785 4168 1044 4230 (instituor
1076 4169 1197 4218 add.
1234 4171 1277 4230 t)
1312 4168 1532 4218 infatuor
1569 4170 1630 4230 tf
1764 4167 1830 4218 13
1860 4166 1947 4216 illa
1980 4167 2173 4231 primae
2202 4175 2319 4215 sunt
2352 4183 2482 4230 quae
2517 4176 2635 4216 eunt
2665 4167 2961 4218 adherentia
3002 4168 3159 4217 nomi-

525 4299 531 4305 ·
586 4238 736 4290 nibus
763 4238 1090 4289 inueniuntur
1121 4248 1285 4288 tamen
1326 4252 1420 4287 non
1460 4238 1625 4288 minus
1656 4243 1676 4286 e
1780 4236 2107 4301 adhaerentia
2149 4237 2199 4286 B
2311 4237 2376 4287 14
2410 4253 2585 4303 puram
2617 4253 2710 4291 om.
2744 4237 2794 4287 B
2935 4238 2996 4288 15
3033 4252 3161 4285 nun·

584 4309 683 4358 tius
718 4310 892 4359 nuntio
929 4309 1133 4357 nuntias
1165 4311 1212 4357 si
1235 4308 1325 4356 hoc
1350 4309 1458 4359 loco
1486 4323 1519 4356 a
1551 4309 1873 4373 grammatico
1898 4308 2067 4369 posita
2092 4315 2256 4366 erant,
2282 4310 2507 4373 sequitur
2539 4316 2593 4357 ut
2631 4308 2841 4356 nuncius
2873 4316 2964 4356 etc.
2996 4309 3160 4371 scrip-

581 4381 703 4430 serit
879 4378 943 4430 16
993 4380 1130 4426 curia
1179 4378 1383 4427 decurio
1422 4378 1652 4452 decurias
1689 4377 1752 4425 ab
1807 4378 1900 4426 Ιιοο
1944 4379 2052 4425 loco
2107 4380 2275 4427 aliena
2325 4378 2436 4426 esse
2472 4379 2598 4427 ordo
2636 4379 2910 4427 litterarum
2938 4379 3161 4441 finalium

1455 4457 1503 4485 01·
1520 4456 1605 4484 &HS

585 4500 798 4551 ostendit
907 4499 971 4550 19
1001 4499 1252 4547 somnium
1292 4499 1486 4549 somnio
1517 4514 1575 4548 as
1612 4499 1661 4547 B
1697 4499 1949 4547 somnium
1988 4499 2214 4547 somnior
2255 4499 2522 4548 somniaris
2565 4497 2659 4559 Pr
2680 4499 2930 4547 somnium
2970 4514 2999 4548 o
3039 4506 3059 4548 t

585 4569 653 4618 2«)
698 4570 887 4618 delinio
936 4585 992 4619 as
1032 4569 1125 4631 ΒΓ
1158 4569 1346 4617 delinio
1384 4568 1545 4631 (corr.
1586 4567 1705 4629 dil.)
1754 4568 1959 4618 dilinias
1994 4570 2044 4618 P
2077 4568 2278 4617 delineo
2316 4577 2335 4619 t
2508 4569 2570 4619 21
2615 4567 2746 4616 l‘urio
2784 4583 2841 4617 as
2878 4568 2971 4630 ΒΓ
3002 4569 3160 4618 l'urior

587 4639 793 4690 furiaris
833 4641 880 4689 P
1051 4642 1116 4688 22
1155 4639 1321 4688 basias
1368 4639 1599 4687 basilium
1639 4638 1816 4688 basilio
1859 4638 2065 4687 basilias
2102 4639 2319 4704 spatium
2361 4639 2411 4687 P
2453 4667 2471 4684 ο
2577 4639 2643 4687 24
2682 4637 2971 4701 adpositum
3008 4639 3107 4689 sibi
3143 4642 3159 4687 i

589 4725 767 4774 puram
802 4709 893 4770 Pf
913 4709 1200 4774 appositum
1234 4710 1247 4757 i
1279 4724 1457 4774 puram
1487 4708 1569 4758 Be
1705 4710 1774 4760 25
1808 4717 1857 4757 et
1892 4709 1975 4773 pio
2010 4709 2119 4774 pias
2154 4724 2245 4761 om.
2285 4707 2332 4756 B
2472 4707 2538 4757 29
2575 4707 2624 4756 in
2664 4706 2927 4775 Eunucho]
2972 4710 3010 4757 V
3048 4709 3101 4769 5,
3128 4711 3162 4760 3

986 4779 1027 4815 ιε
1690 4780 1706 4814 ι

726 4829 795 4882 30
831 4831 1029 4880 οοῑῆοιο
1070 4829 1176 4879 loco
1218 4864 1232 4879 .
1265 4865 1277 4878 .
1307 4864 1317 4876 .
1346 4863 1358 4876 .
1397 4837 1564 4894 potest
1600 4829 1773 4878 uenire
1808 4830 1858 4879 B
1888 4837 2190 4880 commutato
2227 4828 2337 4879 loco
2367 4836 2534 4894 potest
2570 4829 2745 4879 uenire
2783 4828 2830 4877 P

1541 4977 1552 5006 Ι
