3541 5564
554 322 679 386 288
1691 324 1994 386 POMPEI!

608 446 649 485 μ.
679 433 858 473 427—30
887 430 933 470 1..

556 511 806 573 ‘Lucius
851 512 1063 572 SenIus
1107 520 1345 572 senator
1391 513 1448 570 iu
1495 519 1699 572 senatu
1745 510 1971 573 litteras
2014 514 2323 573 recitavit’.
2367 508 2377 594 Ι
2414 532 2533 573 nou
2566 511 2800 592 quidem
2835 513 2958 591 ipsa
2993 531 3131 590 pars

457 639 466 655 ·
557 615 840 675 orationis
887 613 959 673 ab
1003 616 1124 694 ipsa
1173 615 1469 676 inchoavit
1512 615 1572 673 in
1621 632 1796 692 quam
1843 615 2015 675 desiit
2060 617 2250 695 prior,
2296 615 2399 674 sed
2454 623 2649 675 tamen
2711 633 2916 674 omues
2970 615 3137 693 quasi

556 718 614 776 in
661 716 899 795 syllabis
944 716 1190 793 singulis
1246 715 1538 795 quandam
1597 715 2039 776 similitudinem
2089 716 2325 777 babent.
2417 736 2560 794 ergo
2620 715 2708 775 bis
2768 716 2829 776 fit
2883 715 2995 774 hoc
3053 716 3131 773 vi-

557 820 721 885 tium,
772 820 892 879 sive
938 817 1012 879 ab
1068 821 1192 900 ipsa
1238 818 1504 886 inchoet,
1569 820 1626 877 in
1686 837 1860 898 quam
1919 818 2119 889 desiit,
2180 821 2299 879 sive
2357 817 2678 879 similitudo
2734 819 2810 878 sit
2865 802 3135 878 in-i'nitio

557 919 892 981 verborunL
1411 1002 1412 1007 ἵ

323 1032 530 1085 445‚‘24
723 1024 817 1082 Ait
860 1022 1148 1091 Donatus,
1199 1026 1340 1084 ‘nos
1386 1023 1620 1100 quidem
1670 1023 1817 1084 baec
1863 1024 1994 1083 vitia
2043 1012 2437 1084 docuinms'.‘
2492 1040 2608 1101 quo
2656 1021 2828 1082 modo
2876 1021 3136 1081 dicamus

553 1125 662 1184 ista
708 1125 831 1203 ipsa
877 1127 1029 1191 vitia.
1079 1124 1318 1203 reliquit
1363 1124 1489 1185 aliis
1535 1125 1942 1204 quaerendum
1988 1132 2045 1184 et
2089 1124 2373 1186 abstinuit
2417 1144 2500 1185 se.
2569 1122 2670 1184 sed
2706 1122 2851 1183 nihil
2898 1122 3136 1183 difficile

556 1235 666 1285 est.
757 1235 922 1303 potes
969 1230 1123 1286 enim
1174 1246 1242 1287 ex
1291 1227 1635 1287 delinitione
1693 1226 1788 1287 illa
1846 1229 2153 1306 superiore
2211 1227 2488 1304 colligere
2536 1226 2647 1285 boe
2691 1227 2902 1304 ipsum.
2995 1223 3133 1305 quid

554 1327 805 1387 diximus
853 1348 978 1387 esse
1034 1327 1497 1389 barbarismum?
1567 1331 1767 1389 vitium
1828 1330 2044 1389 sactum
2100 1331 2160 1390 in
2210 1348 2323 1389 ima
2378 1338 2546 1408 parte
2603 1328 2904 1387 orationis
2997 1326 3133 1403 qnid

554 1429 809 1490 diximus
855 1449 987 1489 esse
1033 1429 1488 1492 soloecismum?
1565 1433 1766 1492 vitium
1827 1432 2040 1491 lactum
2099 1433 2155 1491 in
2204 1439 2479 1492 contextu
2528 1432 2784 1510 partium
2830 1430 3129 1488 orationis.
3164 1448 3211 1484 ιο

555 1549 696 1607 ergo
744 1533 1083 1591 iotacismus
1128 1533 1186 1591 in
1236 1531 1601 1593 barbarismo
1649 1535 1983 1592 erit:·nam
2033 1533 2219 1593 Titius
2264 1535 2324 1593 in
2370 1552 2482 1592 una
2518 1542 2684 1611 parte
2731 1533 3012 1591 orationis
3049 1539 3138 1590 est

555 1635 771 1693 factum
826 1636 1050 1694 vitium.
1134 1651 1284 1711 ‚ergo
1343 1633 1738 1695 labdacismus
1795 1636 1853 1694 in
1913 1633 2279 1695 barbarismo
2338 1637 2476 1694 erit:
2553 1652 2686 1693 nam
2734 1630 2991 1694 Catullus
3047 1633 3133 1691 vel

555 1735 772 1795 Lucius
828 1737 884 1796 in
943 1755 1058 1795 una
1117 1745 1283 1814 parte
1344 1745 1431 1796 est
1489 1738 1793 1797 orationis.
1886 1736 2123 1815 quamlo
2181 1746 2374 1796 autem
2428 1736 2558 1795 (lieo
2606 1734 2944 1794 ‘hominem
2993 1735 3135 1793 ami-

553 1856 687 1896 cum
705 1839 745 1913 ’,
793 1856 910 1897 non
960 1847 1047 1896 est
1091 1856 1203 1896 una
1251 1857 1388 1918 pars
1420 1840 1721 1907 orationis,
1769 1838 1872 1897 sed
1907 1838 2084 1908 duae;
2134 1857 2274 1914 ergo
2311 1837 2694 1898 soloecismus
2727 1844 2836 1897 est.
2900 1835 3136 1916 quando

555 1938 686 1997 (lico
731 1939 929 1999 ‘Musa
987 1941 1267 2009 amavit',
1333 1959 1447 2000 non
1508 1948 1597 1999 est
1651 1959 1762 2000 uua
1820 1959 1956 2019 pars
2013 1942 2326 2009 orationis;
2387 1958 2527 2017 ergo
2585 1939 2973 1999 soloecismus
3029 1945 3134 1998 est.
3164 1960 3213 1996 ις,

555 2045 778 2100 ‘mater
835 2045 1026 2100 terra’
1083 2048 1200 2101 tam
1257 2042 1368 2101 boc
1424 2044 1626 2102 vitium
1685 2051 1774 2104 est
1829 2059 2003 2119 quam
2060 2042 2156 2101 illa
2217 2040 2555 2122 [conlisio];
2629 2040 2733 2099 sed
2801 2039 3135 2100 soloecismi

551 2152 705 2203 sunt.
783 2162 925 2220 ergo
973 2144 1104 2202 vitia
1153 2145 1282 2211 ista,
1331 2163 1482 2224 quae
1527 2146 1586 2204 in
1633 2144 1879 2221 singulis
1925 2144 2190 2223 partibus
2235 2144 2504 2211 facimus,
2552 2142 2955 2221 inputabimus
3004 2142 3136 2202 bar-

554 2242 844 2313 harismis,
894 2243 1148 2321 reliquas
1191 2243 1575 2306 soloecismis,
1667 2247 1762 2305 isti
1810 2255 1946 2306 sunt
1990 2245 2342 2307 barbarismi
2388 2247 2926 2324 grammaticorum.
3000 2255 3135 2305 sunt

553 2345 732 2425 aliqui
779 2365 940 2424 quos
971 2346 1172 2408 dicunt
1219 2367 1347 2407 esse
1395 2357 1724 2415 oratorium
1788 2347 1895 2407 lios
1942 2367 2051 2424 ego
2099 2367 2207 2408 nec
2255 2348 2369 2425 legi
2416 2367 2525 2408 nec
2570 2350 2694 2408 scio
2747 2367 2877 2407 esse
2922 2347 3133 2408 harba-

553 2450 797 2516 rismos,
854 2448 1078 2508 scilicet
1134 2458 1378 2528 propter
1438 2449 1641 2528 longas
1699 2458 1756 2509 et
1811 2458 2057 2530 propter
2115 2449 2361 2531 breres.
2448 2449 2548 2509 sed
2607 2449 2778 2511 aliter
2825 2449 3212 2515 ‹licuntur;20

555 2568 671 2609 uon
721 2548 999 2613 (licuntiw
1047 2550 1417 2620 barbarismi,
1467 2552 1569 2611 sed
1618 2551 1806 2611 malae
1852 2559 2203 2612 structurae.

1533 2739 1626 2799 ue
1673 2720 2141 2799 &nomisma
2211 2811 2226 2824 ,

721 2857 986 2917 Diximus
1032 2856 1446 2918 soloecismum
1496 2877 1626 2918 esse
1674 2860 1875 2918 vitium
1922 2858 2139 2917 sactum
2189 2861 2246 2918 in
2295 2867 2571 2919 contextu
2618 2861 2871 2938 partium
2918 2860 3132 2940 oratio·

554 2961 663 3018 nis.
755 2978 889 3018 nam
948 2961 994 3017 si
1053 2961 1112 3019 in
1167 2978 1286 3019 uno
1350 2959 1531 3018 verbo
1587 2961 1760 3019 saciat
1819 2961 2047 3028 vitium,
2118 2959 2549 3020 barbarismum
2606 2962 2772 3027 l'acit;
2841 2961 2888 3019 si
2954 2938 3141 3021 multa

551 3061 725 3121 verba
773 3069 978 3140 ponat,
1027 3062 1254 3138 integra
1301 3062 1536 3140 quidem
1581 3060 1843 3138 singula,
1905 3064 1965 3120 iu
2012 3064 2338 3123 conexione
2382 3070 2578 3121 autem
2627 3057 2948 3141 peccantia,
2998 3062 3133 3121 facit
3163 3082 3211 3119 25

552 3162 984 3222 soloecismum.
1068 3172 1131 3222 ut
1177 3164 1362 3239 siquis
1410 3163 1564 3224 dicat
1608 3163 1873 3242 ‘plurimi
1922 3163 2192 3223 homines
2235 3165 2435 3233 venit’,
2484 3164 2711 3243 singula
2758 3165 2865 3223 ista
2915 3163 3137 3223 liabent

552 3266 838 3326 rationem
888 3284 1071 3330 snam.
1122 3283 1252 3324 nam
1302 3264 1477 3324 latina
1524 3274 1662 3325 sunt
1707 3266 1919 3332 omnia,
1967 3265 2069 3324 sed
2129 3267 2253 3344 ipsa
2301 3268 2548 3326 conexio
2597 3284 2711 3326 non
2761 3285 2825 3326 se
2871 3267 3128 3343 respicit.

315 3384 694 3444 445‚:-;(;ei·go
753 3368 952 3426 vitium
1011 3366 1122 3426 boc
1179 3369 1260 3426 sic
1321 3367 1600 3434 elicimus,
1655 3365 2087 3427 soloecismum.
2187 3366 2567 3427 soloecismus
2627 3361 2821 3427 dictus
2881 3374 2967 3426 est
3023 3366 3132 3426 bac

552 3486 755 3527 causa:
833 3467 1009 3526 Soloe
1065 3467 1298 3547 quidam
1358 3468 1557 3547 populi
1615 3477 1753 3529 sunt
1814 3471 1968 3528 circa
2029 3468 2319 3536 Ciliciam;
2394 3469 2451 3528 bi
2508 3477 2797 3529 venerunt
2856 3468 3130 3537 Athenas,

551 3571 688 3630 dum
735 3572 990 3648 pessime
1038 3569 1452 3649 loquerentur;
1504 3570 1716 3629 exinde
1764 3578 2013 3652 tractum
2062 3579 2150 3630 est
2195 3579 2257 3631 ut
2288 3570 2630 3631 dicerentur
2661 3574 2792 3630 vitia
2826 3573 2947 3650 ipsa
2982 3570 3131 3630 male
3160 3593 3212 3630 30

552 3672 915 3750 loquentium
965 3671 1318 3740 soloecismi,
1369 3673 1533 3750 quasi
1581 3690 1731 3749 quae
1781 3675 1867 3732 sic
1912 3680 2210 3740 sonarent,
2247 3692 2422 3752 quem
2470 3673 2539 3733 ad
2581 3673 2816 3733 modum
2862 3671 2948 3732 illi
2980 3672 3133 3732 male

517 3772 961 3850 loquebantur,
1009 3774 1068 3832 id
1117 3782 1205 3833 est
1249 3793 1398 3852 quae
1448 3775 1577 3833 vitia
1627 3773 1759 3833 talia
1810 3783 2022 3843 essent,
2071 3773 2263 3854 qualia
2303 3755 2565 3835 illorum.
2657 3775 2769 3835 hoc
2825 3774 3132 3838 dixerunt:

549 3882 640 3935 est
681 3883 877 3934 tamen
925 3874 1033 3935 alia
1081 3896 1214 3935 vera
1261 3877 1430 3935 ratio·
1523 3895 1591 3934 ex
1639 3894 1703 3935 re
1750 3877 1968 3936 factum
2026 3885 2112 3935 cst
2168 3876 2279 3936 boc
2326 3895 2571 3945 nomen,
2631 3895 2702 3936 ex
2749 3894 2960 3954 graeca
3010 3885 3129 3954 ety-

547 3976 800 4055 mologia
858 3984 963 4036 est.
1069 3996 1200 4037 nam
1265 3979 1442 4037 etiam
1510 3976 1622 4036 boc
1678 3979 1870 4056 ipsum
1930 3979 2170 4038 verbum
2227 3996 2504 4055 graecum
2566 3986 2684 4050 est,
2746 3977 3132 4038 soloecismus

473 4075 488 4090 ²
544 4080 707 4160 qnasi
755 4074 939 4160 σςόου
984 4074 1194 4155 λόγου
1239 4073 1579 4158 αἰκισμός,
1638 4078 1695 4137 id
1755 4088 1844 4138 est
1901 4082 2026 4140 sani
2086 4078 2250 4138 verbi
2308 4079 2662 4158 corruptela.
2751 4081 2993 4159 proprie
3047 4080 3211 4141 sicas

547 4182 849 4242 delinitur:
899 4180 1039 4259 quid
1089 4188 1178 4239 est
1223 4177 1660 4260 soloecismus?
1719 4180 2103 4241 soloecismus
2152 4190 2241 4241 est
2297 4201 2473 4242 sanae
2528 4180 2877 4242 elocutionis
2922 4200 3127 4242 corru-

546 4282 723 4362 ptela.
817 4283 1058 4361 proprie
1114 4298 1254 4358 ergo
1319 4281 1701 4342 soloecismus
1757 4283 1859 4344 ubi
1917 4283 2168 4344 dicitur?
2238 4285 2296 4343 in
2357 4282 2543 4343 soluta
2601 4284 2895 4353 oratione,
2955 4265 3129 4360 quem

685 4523 715 4569 7
754 4521 1040 4584 quaerenda
1080 4521 1297 4571 BCSP
1470 4521 1502 4571 8
1550 4530 1715 4587 potest
1762 4523 1895 4570 enim
1948 4521 2109 4573 BCP
2154 4529 2367 4588 possunt
2405 4523 2537 4571 enim
2574 4519 2616 4569 S
2790 4521 2854 4572 19
2892 4521 2985 4571 1105
3032 4534 3128 4586 ego

555 4592 948 4640 Lindemannus:
981 4592 1073 4639 bos
1108 4605 1230 4655 ergo
1263 4606 1352 4640 nec
1390 4592 1490 4657 legi
1533 4607 1624 4641 nec
1660 4592 1766 4640 scio
1809 4593 1901 4641 CS
1937 4592 2028 4641 bos
2065 4609 2188 4659 ergo
2224 4592 2425 4658 neglegi
2464 4593 2632 4641 nescio
2674 4591 2721 4640 B
2760 4592 2853 4639 boc
2892 4606 2992 4639 nou
3024 4590 3122 4656 legi

550 4677 637 4708 nec
677 4664 783 4711 scio
821 4663 870 4710 P
1005 4660 1073 4711 29
1111 4661 1221 4710 solo
1259 4662 1460 4724 quidam
1497 4663 1539 4712 C
1675 4662 1736 4711 31
1782 4670 1964 4710 sonant
2000 4663 2102 4714 BS
2133 4671 2311 4712 sonent
2353 4665 2394 4712 G
2529 4661 2596 4711 32
2637 4662 2684 4710 id
2731 4671 2807 4710 est
2849 4664 2965 4724 quia
3010 4662 3127 4708 uitia

549 4732 941 4781 Lindemmmus:
982 4731 1034 4780 id
1073 4742 1150 4779 est
1186 4733 1319 4793 quod
1362 4734 1483 4781 uitia
1524 4734 1636 4797 ipsa
1670 4731 2008 4783 taliziiessent
2053 4735 2098 4782 Ρ
2268 4730 2335 4778 35
2375 4733 2519 4796 quasi
2559 4747 2649 4778 suo
2700 4732 3043 4795 locoegismus
3083 4730 3133 4779 P

547 4803 689 4864 quasi
729 4801 1165 4867 soloegoeeismus
1202 4803 1302 4851 BS
1337 4804 1480 4866 quasi
1519 4803 1830 4867 sylogismus
1868 4804 1910 4851 C
