3541 5564
1486 302 1958 365 coquN‘rvM
2556 282 2563 299 “
2874 264 3024 365 263

2649 424 2692 465 p.
2722 412 2900 453 :su—'16
2926 411 2972 451 1..

433 499 628 562 natus,
674 493 1050 553 ‘cenatum
1094 491 1434 553 noluerit
1476 490 1906 561 occidere',
1976 510 2126 571 quae
2172 509 2312 571 pars
2359 493 2646 553 orationis
2692 494 2819 553 est?
2883 493 3021 572 quid

432 595 618 657 habes
672 594 910 656 dicere?
989 612 1208 656 nomen
1263 594 1387 654 est?
1458 612 1571 673 qua
1627 594 1893 655 ratione?
1963 595 2097 674 quia
2155 600 2399 655 cenatus
2460 613 2580 655 non
2636 602 2833 674 potest
2888 614 3022 655 esse

431 698 828 778 participium.
918 715 1037 756 non
1100 697 1260 757 enim
1306 697 1496 757 oritur
1540 703 1789 757 cenatus
1833 697 1948 757 nisi
2001 715 2035 758 a
2078 698 2402 777 praeterito
2460 703 2730 775 tempore
2779 704 3021 758 cenatus

429 818 578 861 sum.
662 807 915 861 cenatus
955 816 1085 859 sum
1128 806 1324 860 autem
1368 800 1429 859 in
1474 797 1730 859 neutrali
1775 797 1957 859 verbo
2011 817 2131 859 non
2189 806 2383 878 potest
2440 817 2589 860 esse.
2681 816 2797 877 quo
2843 800 3021 860 modo

380 927 406 969 5
433 921 574 982 ergo
621 908 867 963 cenatus
910 902 1286 982 participium
1334 902 1460 961 est?
1507 901 1612 963 sed
1658 901 1949 979 originem
1995 900 2164 962 verbi
2206 900 2404 985 habet.
2497 920 2529 962 e
2574 901 2874 963 contrario
2918 920 3018 981 ga-

428 1005 617 1067 leatus
660 1023 781 1066 non
826 1002 1017 1065 solum
1063 1004 1157 1065 sui
1201 1004 1492 1082 originem
1537 1022 1660 1063 non
1703 1000 1917 1071 hahet,
1965 1001 2071 1063 sed
2117 1021 2229 1064 nec
2274 1001 2438 1064 verbi
2482 1004 2772 1081 originem
2815 1003 3023 1064 habet:

427 1107 565 1169 ideo
610 1123 754 1184 ergo
800 1108 911 1167 ista
957 1113 1183 1167 tantum
1228 1107 1467 1166 nomina
1512 1112 1667 1176 sunt,
1713 1105 1993 1185 quoniam
2039 1106 2146 1165 ista
2187 1123 2308 1166 non
2353 1103 2547 1165 solum
2592 1108 2685 1167 sui
2728 1106 3014 1185 originem

426 1229 550 1271 non
595 1209 846 1278 habent,
905 1207 1011 1270 sed
1057 1227 1170 1269 nec
1212 1226 1459 1269 suorum
1503 1206 1820 1269 verborum
1867 1207 2190 1286 originem;
2249 1225 2493 1268 suorum
2549 1206 2900 1280 verborum,
2957 1210 3017 1269 id

428 1312 864 1390 estxoriginem
918 1310 1076 1372 unde
1130 1312 1294 1373 nasci
1351 1309 1700 1372 debuerant.
1801 1328 2059 1390 pransus
2113 1317 2359 1370 cenatus
2428 1317 2487 1370 et
2544 1309 2803 1390 reliqua,
2870 1310 3019 1371 haec

348 1439 401 1481 ιο
426 1417 622 1476 omnia
669 1414 979 1494 participia
1025 1420 1178 1483 sunt,
1226 1413 1331 1474 sed
1376 1414 1504 1474 sine
1548 1411 1870 1473 verborum
1908 1430 2149 1474 suorum
2182 1413 2442 1491 origine;
2492 1414 2786 1491 originem
2819 1420 3017 1474 autem

425 1515 742 1578 verborum
788 1514 1029 1576 habent.
1120 1515 1262 1592 quid
1307 1516 1487 1594 ergo?
1531 1513 1737 1575 licebit
1781 1513 1953 1576 nobis
1996 1515 2067 1576 ad
2114 1517 2285 1576 istam
2342 1513 2793 1576 similitudinem
2840 1517 3013 1576 etiam

424 1619 536 1682 alia
578 1618 814 1680 facere?
859 1636 938 1679 ne
979 1618 1135 1678 forte
1179 1616 1341 1679 dicas
1377 1614 1389 1701 Ι
1428 1616 1590 1687 mihi,
1640 1624 1699 1677 et
1741 1616 1886 1677 mihi
1930 1617 2102 1679 datur
2133 1626 2392 1698 potestas
2435 1625 2517 1688 ut,
2564 1616 2665 1678 uhi
2706 1617 3013 1687 voluerim,

420 1724 481 1783 in
529 1720 711 1782 verbo
754 1727 968 1789 neutro
1013 1720 1226 1780 faciam
1271 1718 1387 1781 tale
1449 1720 1828 1799 participium
1899 1729 1958 1781 et
2013 1719 2204 1781 dicam
2262 1737 2474 1782 carere
2529 1721 2788 1807 origine,
2846 1726 2912 1780 ut
2963 1722 3013 1781 si

423 1822 584 1886 dicas
628 1829 893 1892 natatus,
940 1822 1215 1883 ‘natatus
1269 1829 1358 1881 est
1414 1821 1557 1882 mihi
1604 1822 1860 1891 amuis‘,
1922 1827 1988 1882 ut
2031 1823 2081 1882 si
2124 1821 2287 1884 dicas
2330 1821 2691 1883 ‘dormitum
2738 1829 2828 1883 est
2869 1822 3014 1884 mihi

347 1950 397 1991 ιε,
422 1925 567 1986 illud
614 1929 907 2004 tempus’.
998 1932 1198 1985 utrum
1253 1942 1493 2004 possum
1550 1922 1751 1985 dicere
1804 1922 2183 1985 ‘meridiatus
2233 1942 2363 1984 sum
2408 1923 2508 1984 illa
2552 1926 2693 1986 re'?
2777 1923 3010 2005 [utrum

420 2029 643 2109 possim
701 2024 931 2107 dicere]
992 2034 1191 2088 utrum
1247 2045 1493 2106 possum
1550 2044 1846 2106 usurpare
1899 2027 2011 2087 ista
2065 2027 2374 2106 participia
2432 2026 2504 2086 ad
2561 2026 3010 2088 similitudinem

418 2129 577 2191 illius
621 2130 1060 2209 usurpationis?
1119 2136 1179 2190 et
1219 2130 1374 2191 scire
1419 2126 1705 2189 debemus
1749 2128 2027 2207 quoniam
2073 2147 2192 2205 non
2238 2148 2559 2208 possumus
2603 2132 2859 2209 penituS.
2953 2140 3008 2191 et

420 2231 570 2302 vide,
619 2237 839 2312 quanta
882 2232 1112 2292 ratione
1157 2231 1444 2311 probatur
1476 2232 1758 2309 quoniam
1804 2229 2108 2293 nonlicet.
2164 2233 2278 2291 ista
2320 2232 2518 2292 omnia
2561 2251 2713 2311 quae
2759 2232 3010 2293 dicimus

419 2334 760 2414 usurpativa
789 2340 944 2394 sunt.
994 2334 1043 2393 si
1072 2351 1213 2412 ergo
1247 2334 1587 2414 usurpativa
1611 2340 1769 2403 sunt,
1798 2334 1914 2393 iam
1939 2341 2127 2394 artem
2159 2351 2280 2394 non
2302 2332 2553 2402 habent;
2586 2336 2636 2394 si
2666 2341 2855 2395 artem
2888 2353 3009 2395 non

342 2464 394 2504 ω
420 2435 657 2504 habent,
693 2434 981 2496 debemus
1012 2434 1204 2497 saltim
1236 2435 1327 2498 vel
1371 2438 1782 2497 auctoritatem
1829 2437 2014 2516 sequi.
2077 2453 2255 2496 omne
2301 2436 2458 2496 enim
2505 2436 2665 2516 quod
2708 2436 3010 2517 loquimur

418 2558 538 2601 non
567 2544 803 2600 constat
832 2539 946 2599 nisi
989 2555 1100 2599 usu
1146 2545 1274 2600 arte
1317 2540 1684 2600 auctoritate.
1735 2555 1879 2617 ergo
1914 2540 1977 2598 in
2013 2557 2128 2599 usu
2163 2555 2283 2597 non
2318 2535 2502 2599 habes
2534 2538 2600 2599 ut
2643 2539 2807 2601 dicas
2851 2538 2998 2609 hoc;

419 2659 491 2702 ex
535 2647 662 2703 arte
705 2641 907 2702 venire
952 2618 1073 2701 non
1117 2648 1342 2720 potest;
1391 2640 1576 2702 debes
1621 2646 1818 2701 autem
1864 2639 1956 2700 vel
2000 2641 2416 2702 auctoritatem
2462 2643 2652 2722 sequi.
2713 2661 2833 2703 non
2866 2660 3006 2721 ergo

418 2742 602 2805 debes
658 2750 723 2805 tu
778 2743 976 2805 dicere
1035 2749 1094 2804 et
1148 2740 1279 2805 alia.
1369 2761 1489 2804 non
1547 2742 1704 2805 enim
1760 2750 1923 2805 tuam
1981 2743 2392 2805 auctoritatem
2451 2742 2667 2814 habes,
2736 2744 2842 2805 sed
2907 2743 3007 2805 illa

417 2854 641 2907 tantum
687 2855 858 2925 potes
902 2846 1122 2916 dicere,
1172 2862 1323 2924 quae
1367 2844 1579 2924 legisti.
1670 2844 1894 2907 idcirco
1950 2846 2063 2908 ista
2107 2848 2321 2917 omnia,
2371 2863 2522 2925 quae
2566 2854 2772 2909 contra
2817 2853 3007 2908 artem

339 2973 391 3014 25
418 2956 699 3029 usurpata
744 2938 898 3017 sunt,
947 2946 1073 3008 sola
1117 2948 1425 3017 dicuntur;
1473 2949 1754 3027 quoniam
1784 2948 1899 3010 iam
1932 2967 2053 3009 non
2083 2947 2310 3011 artibus
2338 2957 2603 3020 utuntur,
2651 2950 2757 3011 sed
2802 2958 3003 3011 aucto-

416 3052 610 3121 ritate,
657 3069 777 3111 non
823 3052 938 3112 iam
985 3068 1093 3110 nos
1136 3050 1407 3119 dicimuS,
1454 3051 1568 3111 nisi
1613 3067 1762 3127 quae
1808 3052 2029 3111 scimus
2082 3049 2240 3112 dicta
2300 3069 2449 3113 esse.
2538 3051 2764 3113 idcirco
2809 3051 3001 3113 soloe-

416 3154 664 3215 cismum
707 3152 867 3222 facit,
914 3154 1029 3213 nisi
1074 3151 1411 3232 exemplum
1455 3151 1628 3221 dicat,
1675 3159 1820 3232 puta
1863 3151 1981 3231 legi
2017 3150 2028 3234 Ι
2066 3152 2127 3212 in
2170 3151 2271 3214 illo
2317 3160 2578 3216 auctore.
2662 3156 2711 3215 si
2757 3174 2854 3216 ars
2897 3155 3000 3216 de·

416 3257 554 3326 ficit,
600 3254 890 3316 debemus
933 3253 1004 3314 ad
1051 3255 1458 3316 auctoritatem
1502 3272 1843 3316 recurrere.

581 3357 712 3418 Non
778 3355 1065 3417 debemus
1129 3354 1353 3417 hahere
1418 3355 1716 3418 licentiam
1795 3356 2172 3436 conponendi
2242 3359 2385 3419 istas
2457 3377 2574 3420 res,
2683 3367 2822 3420 sunt
2895 3357 2998 3419 ali-

338 3481 390 3522 ao
415 3475 526 3536 qua
571 3460 911 3539 participia,
971 3476 1121 3538 quae
1165 3466 1283 3519 tam
1329 3456 1427 3520 diu
1483 3466 1623 3520 sunt
1666 3460 2011 3539 participia,
2083 3476 2260 3538 quam
2316 3458 2417 3521 diu
2483 3459 2773 3541 simplicia
2835 3471 2990 3522 sunt.

414 3578 685 3640 conpone
739 3559 867 3630 illa,
928 3568 987 3621 et
1028 3561 1181 3622 fiunt
1222 3562 1481 3622 nomina.
1568 3567 1711 3640 puta
1761 3563 2051 3623 innocens
2123 3570 2182 3623 et
2235 3581 2482 3624 nocens:
2573 3582 2799 3625 nocens
2865 3583 2998 3643 par-

415 3664 680 3742 ticipium
745 3672 863 3733 est;
944 3680 1162 3732 noceo,
1232 3665 1324 3725 sac
1388 3665 1794 3744 participium,
1863 3681 2116 3732 nocens:
2188 3684 2461 3746 conpone
2516 3664 2689 3734 illud,
2762 3672 2820 3725 et
2881 3665 2998 3726 iam

415 3782 533 3825 non
619 3774 711 3826 est
783 3766 1179 3845 participium.
1289 3785 1407 3845 qua
1476 3767 1742 3828 ratione?
1850 3767 2127 3847 quoniam
2206 3769 2419 3849 recipit
2494 3768 2996 3848 conparationem,

411 3869 696 3930 innocens
738 3869 1119 3929 innocentior
1162 3869 1702 3930 innocentissimus,
1792 3867 2006 3930 deiude
2051 3870 2326 3948 quoniam
2374 3868 2621 3931 verbum
2665 3888 2785 3931 non
2829 3871 2996 3932 facit:

336 3993 387 4033 35
413 3988 587 4031 nemo
633 3972 792 4032 enim
837 3959 982 4032 dicit
1023 3971 1295 4032 innoceo.
1356 3972 1499 4032 item
1543 3979 1682 4031 sunt
1728 3970 1924 4049 aliqua
1968 3973 2278 4052 participia
2320 3974 2582 4053 exceptis
2613 3971 2729 4033 illis
2773 3971 2996 4042 discre-

412 4071 699 4141 tionibus;
747 4074 866 4133 iam
910 4079 1211 4134 memento
1254 4071 1382 4143 illa,
1428 4074 1540 4135 ista
1587 4083 1751 4135 extra
1799 4082 1953 4135 sunt.
2042 4080 2182 4135 sunt
2225 4073 2423 4154 aliqua
2469 4075 2798 4154 participia,
2846 4091 2998 4153 quae
3023 4089 3141 4152 441,
3167 4090 3224 4138 21

551 4262 578 4313 l
616 4258 870 4328 cenatum]
911 4262 1013 4312 Cic.
1048 4276 1102 4325 ρ.
1136 4261 1305 4311 Deiot.
1341 4261 1390 4318 7,
1427 4259 1498 4312 20
1663 4261 1824 4311 noluit
1858 4261 1908 4310 A
2085 4259 2117 4311 3
2154 4277 2186 4310 a
2216 4260 2488 4326 praeterito
2524 4269 2752 4327 tempore
2787 4268 2998 4311 cenatus

411 4338 578 4381 autem
624 4333 674 4380 in
712 4332 928 4381 neutrali
964 4331 1043 4395 (in
1090 4329 1320 4381 neutrale
1358 4330 1407 4379 A
1442 4345 1579 4383 corr.
1618 4345 1650 4379 a
1686 4333 1903 4382 neutrali
1938 4331 1999 4397 α)
2034 4332 2190 4382 uerbo
2229 4330 2395 4381 ABG
2562 4333 2595 4382 5
2631 4345 2754 4397 ergo
2792 4345 2883 4380 om.
2925 4331 2995 4390 A,

410 4401 535 4455 add.
573 4417 608 4451 a
746 4409 955 4451 cenatus
988 4401 1314 4468 participium
1346 4410 1422 4450 est
1455 4406 1664 4451 cenatus
1701 4402 1813 4452 AB
1930 4401 2023 4453 sed
2052 4402 2124 4468 (si
2157 4401 2208 4451 B
2232 4415 2365 4453 corr.
2400 4402 2491 4451 sed
2529 4399 2584 4464 b)
2622 4401 2872 4468 originem
2916 4402 2997 4450 sui

410 4471 559 4521 uerbi
595 4470 750 4520 habet
786 4471 952 4521 ABG
981 4473 1025 4523 si
1063 4472 1314 4539 originem
1352 4472 1433 4521 sui
1470 4471 1612 4520 uerbi
1653 4486 1751 4520 non
1788 4471 1942 4522 habet
1976 4471 2006 4520 b
2150 4473 2210 4524 11
2250 4471 2402 4521 etiam
2444 4470 2597 4521 aliam
2637 4471 2688 4520 A
2832 4471 2896 4521 12
2941 4481 2995 4521 ut

411 4542 497 4591 ubi
532 4539 781 4591 noluerim
819 4541 928 4591 AB
965 4550 1020 4590 ut
1056 4542 1142 4592 ubi
1181 4542 1265 4591 ubi
1302 4540 1548 4591 noluerim
1574 4539 1656 4589 a*·
1680 4551 1734 4590 ut
1767 4543 1854 4592 ubi
1895 4549 1981 4591 aut
2025 4542 2113 4593 ubi
2155 4541 2402 4591 noluerim
2440 4541 2483 4592 G
2658 4539 2722 4592 13
2766 4541 2995 4606 origines

410 4611 580 4661 ABG
715 4611 781 4662 15
807 4619 975 4661 utrum
1012 4613 1206 4678 possim
1248 4611 1419 4662 dicere
1452 4608 1550 4662 om.
1585 4612 1640 4672 G,
1677 4620 1936 4678 expuncta
1963 4619 2080 4662 sunt
2114 4614 2167 4662 in
2201 4612 2252 4661 B
2421 4611 2484 4663 16
2520 4612 2714 4679 possim
2750 4625 2997 4678 usurpare

411 4682 462 4731 A
497 4694 772 4746 possumus
809 4695 1057 4747 usurpare
1095 4682 1172 4734 cb
1209 4683 1467 4747 possimus
1503 4695 1748 4746 usurpare
1781 4682 1832 4732 B
1936 4681 2004 4733 23
2028 4681 2194 4732 habes
2231 4697 2322 4734 om.
2350 4682 2421 4744 A,
2458 4683 2581 4734 add.
2615 4698 2650 4732 a
2786 4681 2854 4731 25
2893 4696 2993 4732 non

412 4752 604 4800 artibus
639 4758 846 4800 utuntur
882 4751 1026 4802 Bca
1063 4768 1162 4802 uon
1200 4752 1263 4801 ab
1309 4753 1503 4802 artibus
1538 4760 1743 4807 utantur
1779 4753 1830 4802 A
1967 4754 2313 4804 auctoritatem
2355 4753 2405 4802 B
2418 4753 2461 4804 G
2595 4752 2663 4802 27
2701 4751 2993 4816 exemplum

414 4821 565 4871 ducat
599 4827 723 4885 puta
760 4821 873 4888 lege
909 4820 958 4869 A
1098 4823 1165 4873 28
1200 4837 1402 4873 currere
1438 4822 1550 4872 AB
