<?xml version="1.0" encoding="UTF-8"?>
<!DOCTYPE html PUBLIC "-//W3C//DTD XHTML 1.0 Transitional//EN"
    "http://www.w3.org/TR/xhtml1/DTD/xhtml1-transitional.dtd">
<html xmlns="http://www.w3.org/1999/xhtml" xml:lang="en" lang="en">
 <head>
  <title>
</title>
<meta http-equiv="Content-Type" content="text/html;charset=utf-8" />
  <meta name='ocr-system' content='tesseract 3.04.00' />
  <meta name='ocr-capabilities' content='ocr_page ocr_carea ocr_par ocr_line ocrx_word'/>
</head>
<body>
  <div class='ocr_page' id='page_1' title='image "./grammaticilatin10keilgoog_0400.png"; bbox 0 0 3541 5564; ppageno 0'>
   <div class='ocr_carea' id='block_1_1' title="bbox 528 279 537 306">
    <p class='ocr_par' dir='ltr' id='par_1_1' title="bbox 528 279 537 306">
     <span class='ocr_line' id='line_1_1' title="bbox 528 279 537 306; baseline 0 0"><span class='ocrx_word' id='word_1_1' title='bbox 528 279 537 306; x_wconf 82' lang='lat' dir='ltr'>l</span> 
     </span>
    </p>
   </div>
   <div class='ocr_carea' id='block_1_2' title="bbox 570 334 2057 400">
    <p class='ocr_par' dir='ltr' id='par_1_2' title="bbox 570 334 2057 400">
     <span class='ocr_line' id='line_1_2' title="bbox 570 334 2057 400; baseline -0.002 -1"><span class='ocrx_word' id='word_1_2' title='bbox 570 334 698 400; x_wconf 83' lang='lat'>392</span> <span class='ocrx_word' id='word_1_3' title='bbox 1653 335 2057 398; x_wconf 85' lang='lat' dir='ltr'><strong>CONSENTII</strong></span> 
     </span>
    </p>
   </div>
   <div class='ocr_carea' id='block_1_3' title="bbox 571 444 3227 4280">
    <p class='ocr_par' dir='ltr' id='par_1_3' title="bbox 571 444 3227 4280">
     <span class='ocr_line' id='line_1_3' title="bbox 625 444 3091 499; baseline -0.001 -15"><span class='ocrx_word' id='word_1_4' title='bbox 625 458 665 499; x_wconf 85' lang='lat' dir='ltr'>p.</span> <span class='ocrx_word' id='word_1_5' title='bbox 696 447 846 487; x_wconf 76' lang='lat'>14-16</span> <span class='ocrx_word' id='word_1_6' title='bbox 873 444 921 485; x_wconf 87' lang='grc' dir='ltr'>Β.</span> <span class='ocrx_word' id='word_1_7' title='bbox 2964 455 3000 482; x_wconf 86' lang='lat' dir='ltr'>c.</span> <span class='ocrx_word' id='word_1_8' title='bbox 3028 445 3091 484; x_wconf 85' lang='lat'>10.</span> 
     </span>
     <span class='ocr_line' id='line_1_4' title="bbox 573 524 3143 606; baseline -0.001 -19"><span class='ocrx_word' id='word_1_9' title='bbox 573 529 802 606; x_wconf 89' lang='lat' dir='ltr'>coperit</span> <span class='ocrx_word' id='word_1_10' title='bbox 844 545 953 605; x_wconf 91' lang='lat' dir='ltr'>pro</span> <span class='ocrx_word' id='word_1_11' title='bbox 1008 525 1228 604; x_wconf 89' lang='lat' dir='ltr'>operit,</span> <span class='ocrx_word' id='word_1_12' title='bbox 1286 525 1447 602; x_wconf 87' lang='lat' dir='ltr'>gruit</span> <span class='ocrx_word' id='word_1_13' title='bbox 1501 542 1611 602; x_wconf 88' lang='lat' dir='ltr'>pro</span> <span class='ocrx_word' id='word_1_14' title='bbox 1657 524 1807 593; x_wconf 87' lang='lat' dir='ltr'>ruit,</span> <span class='ocrx_word' id='word_1_15' title='bbox 1865 530 2077 583; x_wconf 89' lang='lat' dir='ltr'>tottum</span> <span class='ocrx_word' id='word_1_16' title='bbox 2124 542 2232 603; x_wconf 90' lang='lat' dir='ltr'>pro</span> <span class='ocrx_word' id='word_1_17' title='bbox 2277 531 2425 593; x_wconf 91' lang='lat' dir='ltr'>tot0,</span> <span class='ocrx_word' id='word_1_18' title='bbox 2475 524 2710 584; x_wconf 77' lang='lat' dir='ltr'>cottidie</span> <span class='ocrx_word' id='word_1_19' title='bbox 2757 542 2864 603; x_wconf 90' lang='lat' dir='ltr'>pro</span> <span class='ocrx_word' id='word_1_20' title='bbox 2910 524 3143 594; x_wconf 75' lang='lat' dir='ltr'><strong>cotidie,</strong></span> 
     </span>
     <span class='ocr_line' id='line_1_5' title="bbox 573 624 3141 711; baseline -0.001 -21"><span class='ocrx_word' id='word_1_21' title='bbox 573 629 864 708; x_wconf 88' lang='lat' dir='ltr'>quandius</span> <span class='ocrx_word' id='word_1_22' title='bbox 907 647 1016 707; x_wconf 89' lang='lat' dir='ltr'>pro</span> <span class='ocrx_word' id='word_1_23' title='bbox 1062 627 1351 711; x_wconf 89' lang='lat' dir='ltr'>quandiu:</span> <span class='ocrx_word' id='word_1_24' title='bbox 1411 624 1692 704; x_wconf 77' lang='lat' dir='ltr'>syllabae,</span> <span class='ocrx_word' id='word_1_25' title='bbox 1738 634 1806 685; x_wconf 89' lang='lat' dir='ltr'>ut</span> <span class='ocrx_word' id='word_1_26' title='bbox 1849 626 1899 685; x_wconf 91' lang='lat' dir='ltr'>si</span> <span class='ocrx_word' id='word_1_27' title='bbox 1943 625 2104 686; x_wconf 86' lang='lat' dir='ltr'>dicas</span> <span class='ocrx_word' id='word_1_28' title='bbox 2148 627 2390 685; x_wconf 89' lang='lat' dir='ltr'>tutrusit</span> <span class='ocrx_word' id='word_1_29' title='bbox 2432 645 2541 705; x_wconf 89' lang='lat' dir='ltr'>pro</span> <span class='ocrx_word' id='word_1_30' title='bbox 2586 626 2789 695; x_wconf 85' lang='lat' dir='ltr'>trusit:</span> <span class='ocrx_word' id='word_1_31' title='bbox 2836 627 3141 706; x_wconf 89' lang='lat' dir='ltr'>temporis,</span> 
     </span>
     <span class='ocr_line' id='line_1_6' title="bbox 571 726 3143 811; baseline -0.002 -20"><span class='ocrx_word' id='word_1_32' title='bbox 571 737 639 791; x_wconf 92' lang='lat' dir='ltr'>ut</span> <span class='ocrx_word' id='word_1_33' title='bbox 691 731 930 811; x_wconf 89' lang='lat' dir='ltr'>quidam</span> <span class='ocrx_word' id='word_1_34' title='bbox 988 730 1192 790; x_wconf 88' lang='lat' dir='ltr'>dicunt</span> <span class='ocrx_word' id='word_1_35' title='bbox 1247 730 1417 807; x_wconf 81' lang='lat' dir='ltr'>piper</span> <span class='ocrx_word' id='word_1_36' title='bbox 1475 727 1758 807; x_wconf 89' lang='lat' dir='ltr'>producta</span> <span class='ocrx_word' id='word_1_37' title='bbox 1815 728 2012 805; x_wconf 87' lang='lat' dir='ltr'>priore</span> <span class='ocrx_word' id='word_1_38' title='bbox 2072 726 2320 805; x_wconf 81' lang='lat' dir='ltr'>syllaba,</span> <span class='ocrx_word' id='word_1_39' title='bbox 2379 745 2509 788; x_wconf 87' lang='lat' dir='ltr'>cum</span> <span class='ocrx_word' id='word_1_40' title='bbox 2570 728 2646 789; x_wconf 89' lang='lat' dir='ltr'>sit</span> <span class='ocrx_word' id='word_1_41' title='bbox 2700 727 2927 798; x_wconf 75' lang='lat' dir='ltr'>breviS,</span> <span class='ocrx_word' id='word_1_42' title='bbox 2986 727 3143 809; x_wconf 88' lang='lat' dir='ltr'>quod</span> 
     </span>
     <span class='ocr_line' id='line_1_7' title="bbox 573 829 3140 909; baseline -0.001 -18"><span class='ocrx_word' id='word_1_43' title='bbox 573 834 777 893; x_wconf 88' lang='lat' dir='ltr'>vitium</span> <span class='ocrx_word' id='word_1_44' title='bbox 825 832 1101 893; x_wconf 78' lang='lat' dir='ltr'>Afrorum</span> <span class='ocrx_word' id='word_1_45' title='bbox 1145 831 1431 891; x_wconf 77' lang='lat' dir='ltr'>familiare</span> <span class='ocrx_word' id='word_1_46' title='bbox 1477 836 1596 899; x_wconf 87' lang='lat' dir='ltr'>est:</span> <span class='ocrx_word' id='word_1_47' title='bbox 1655 835 1963 897; x_wconf 79' lang='lat' dir='ltr'>accentus,</span> <span class='ocrx_word' id='word_1_48' title='bbox 2012 835 2078 887; x_wconf 89' lang='lat' dir='ltr'>ut</span> <span class='ocrx_word' id='word_1_49' title='bbox 2119 830 2303 907; x_wconf 79' lang='lat' dir='ltr'>siquis</span> <span class='ocrx_word' id='word_1_50' title='bbox 2349 829 2550 890; x_wconf 91' lang='lat' dir='ltr'>dicens</span> <span class='ocrx_word' id='word_1_51' title='bbox 2595 830 2839 907; x_wconf 85' lang='lat' dir='ltr'>triginta</span> <span class='ocrx_word' id='word_1_52' title='bbox 2883 831 3140 909; x_wconf 77' lang='lat' dir='ltr'>priorem</span> 
     </span>
     <span class='ocr_line' id='line_1_8' title="bbox 573 930 3194 1014; baseline -0.003 -18"><span class='ocrx_word' id='word_1_53' title='bbox 573 935 855 1014; x_wconf 76' lang='lat' dir='ltr'>syllabam</span> <span class='ocrx_word' id='word_1_54' title='bbox 904 941 1075 995; x_wconf 89' lang='lat' dir='ltr'>acuat</span> <span class='ocrx_word' id='word_1_55' title='bbox 1120 940 1180 992; x_wconf 87' lang='lat' dir='ltr'>et</span> <span class='ocrx_word' id='word_1_56' title='bbox 1223 939 1567 1011; x_wconf 79' lang='lat' dir='ltr'><strong>sequentem</strong></span> <span class='ocrx_word' id='word_1_57' title='bbox 1615 931 1872 1009; x_wconf 81' lang='lat' dir='ltr'>graviter</span> <span class='ocrx_word' id='word_1_58' title='bbox 1918 930 2214 999; x_wconf 82' lang='lat' dir='ltr'><strong>enuntiet,</strong></span> <span class='ocrx_word' id='word_1_59' title='bbox 2272 932 2373 1011; x_wconf 91' lang='lat' dir='ltr'>qui</span> <span class='ocrx_word' id='word_1_60' title='bbox 2424 932 2630 991; x_wconf 90' lang='lat' dir='ltr'>modus</span> <span class='ocrx_word' id='word_1_61' title='bbox 2675 939 2736 991; x_wconf 92' lang='lat' dir='ltr'>et</span> <span class='ocrx_word' id='word_1_62' title='bbox 2778 951 2888 1011; x_wconf 88' lang='lat' dir='ltr'>per</span> <span class='ocrx_word' id='word_1_63' title='bbox 2930 934 3141 991; x_wconf 91' lang='lat' dir='ltr'>immu-</span> <span class='ocrx_word' id='word_1_64' title='bbox 3168 949 3194 988; x_wconf 84' lang='lat'><strong>5</strong></span> 
     </span>
     <span class='ocr_line' id='line_1_9' title="bbox 575 1032 3145 1113; baseline -0.002 -16"><span class='ocrx_word' id='word_1_65' title='bbox 575 1039 857 1097; x_wconf 91' lang='lat' dir='ltr'>tationem</span> <span class='ocrx_word' id='word_1_66' title='bbox 906 1037 1033 1096; x_wconf 76' lang='lat' dir='ltr'>[ieri</span> <span class='ocrx_word' id='word_1_67' title='bbox 1077 1035 1342 1105; x_wconf 82' lang='lat' dir='ltr'>videtur:</span> <span class='ocrx_word' id='word_1_68' title='bbox 1390 1035 1795 1113; x_wconf 80' lang='lat' dir='ltr'>aspirationis,</span> <span class='ocrx_word' id='word_1_69' title='bbox 1854 1038 1918 1092; x_wconf 91' lang='lat' dir='ltr'>ut</span> <span class='ocrx_word' id='word_1_70' title='bbox 1961 1033 2146 1111; x_wconf 89' lang='lat' dir='ltr'>siquis</span> <span class='ocrx_word' id='word_1_71' title='bbox 2190 1033 2404 1093; x_wconf 90' lang='lat' dir='ltr'>homen</span> <span class='ocrx_word' id='word_1_72' title='bbox 2450 1032 2720 1093; x_wconf 88' lang='lat' dir='ltr'>scribens</span> <span class='ocrx_word' id='word_1_73' title='bbox 2765 1034 2978 1094; x_wconf 84' lang='lat' dir='ltr'>adiciat</span> <span class='ocrx_word' id='word_1_74' title='bbox 3021 1035 3145 1112; x_wconf 89' lang='lat' dir='ltr'>pri-</span> 
     </span>
     <span class='ocr_line' id='line_1_10' title="bbox 573 1134 3145 1218; baseline -0.002 -19"><span class='ocrx_word' id='word_1_75' title='bbox 573 1152 704 1199; x_wconf 86' lang='lat' dir='ltr'>mae</span> <span class='ocrx_word' id='word_1_76' title='bbox 749 1137 1006 1218; x_wconf 82' lang='lat' dir='ltr'>syllabae</span> <span class='ocrx_word' id='word_1_77' title='bbox 1054 1137 1490 1216; x_wconf 81' lang='lat' dir='ltr'>aspirationem.</span> <span class='ocrx_word' id='word_1_78' title='bbox 1580 1154 1685 1215; x_wconf 91' lang='lat' dir='ltr'>per</span> <span class='ocrx_word' id='word_1_79' title='bbox 1743 1135 2168 1195; x_wconf 79' lang='lat' dir='ltr'>detractionem</span> <span class='ocrx_word' id='word_1_80' title='bbox 2226 1135 2372 1194; x_wconf 76' lang='lat' dir='ltr'>siunt</span> <span class='ocrx_word' id='word_1_81' title='bbox 2416 1134 2771 1195; x_wconf 86' lang='lat' dir='ltr'>barbarismi</span> <span class='ocrx_word' id='word_1_82' title='bbox 2816 1135 2929 1195; x_wconf 69' lang='lat' dir='ltr'>sic:</span> <span class='ocrx_word' id='word_1_83' title='bbox 2988 1135 3145 1194; x_wconf 86' lang='lat' dir='ltr'>litte-</span> 
     </span>
     <span class='ocr_line' id='line_1_11' title="bbox 574 1236 3145 1320; baseline -0.002 -19"><span class='ocrx_word' id='word_1_84' title='bbox 574 1260 708 1309; x_wconf 88' lang='lat' dir='ltr'>rae,</span> <span class='ocrx_word' id='word_1_85' title='bbox 756 1248 822 1301; x_wconf 91' lang='lat' dir='ltr'>ut</span> <span class='ocrx_word' id='word_1_86' title='bbox 866 1240 1051 1320; x_wconf 87' lang='lat' dir='ltr'>siquis</span> <span class='ocrx_word' id='word_1_87' title='bbox 1099 1238 1105 1319; x_wconf 88' lang='grc' dir='ltr'>Ι</span> <span class='ocrx_word' id='word_1_88' title='bbox 1155 1239 1310 1299; x_wconf 86' lang='lat' dir='ltr'>dicat</span> <span class='ocrx_word' id='word_1_89' title='bbox 1340 1238 1512 1297; x_wconf 78' lang='lat' dir='ltr'>vilain</span> <span class='ocrx_word' id='word_1_90' title='bbox 1545 1256 1652 1315; x_wconf 87' lang='lat' dir='ltr'>pro</span> <span class='ocrx_word' id='word_1_91' title='bbox 1684 1236 1908 1305; x_wconf 84' lang='lat' dir='ltr'>villam,</span> <span class='ocrx_word' id='word_1_92' title='bbox 1954 1236 2090 1297; x_wconf 89' lang='lat' dir='ltr'>mile</span> <span class='ocrx_word' id='word_1_93' title='bbox 2122 1255 2232 1316; x_wconf 90' lang='lat' dir='ltr'>pro</span> <span class='ocrx_word' id='word_1_94' title='bbox 2265 1236 2450 1304; x_wconf 90' lang='lat' dir='ltr'>mille,</span> <span class='ocrx_word' id='word_1_95' title='bbox 2497 1245 2598 1297; x_wconf 91' lang='lat' dir='ltr'>aut</span> <span class='ocrx_word' id='word_1_96' title='bbox 2643 1255 2911 1297; x_wconf 89' lang='lat' dir='ltr'>socerum</span> <span class='ocrx_word' id='word_1_97' title='bbox 2945 1236 3145 1297; x_wconf 84' lang='lat' dir='ltr'>volens</span> 
     </span>
     <span class='ocr_line' id='line_1_12' title="bbox 575 1338 3143 1418; baseline -0.002 -16"><span class='ocrx_word' id='word_1_98' title='bbox 575 1343 774 1403; x_wconf 88' lang='lat' dir='ltr'>dicere</span> <span class='ocrx_word' id='word_1_99' title='bbox 821 1343 977 1402; x_wconf 89' lang='lat' dir='ltr'>dieat</span> <span class='ocrx_word' id='word_1_100' title='bbox 1031 1360 1264 1402; x_wconf 90' lang='lat' dir='ltr'>socrum</span> <span class='ocrx_word' id='word_1_101' title='bbox 1321 1358 1549 1408; x_wconf 90' lang='lat' dir='ltr'>meum,</span> <span class='ocrx_word' id='word_1_102' title='bbox 1607 1340 1667 1398; x_wconf 93' lang='lat' dir='ltr'>in</span> <span class='ocrx_word' id='word_1_103' title='bbox 1713 1356 1830 1418; x_wconf 88' lang='lat' dir='ltr'>quo</span> <span class='ocrx_word' id='word_1_104' title='bbox 1876 1338 1990 1398; x_wconf 88' lang='lat' dir='ltr'>erit</span> <span class='ocrx_word' id='word_1_105' title='bbox 2035 1345 2095 1398; x_wconf 89' lang='lat' dir='ltr'>et</span> <span class='ocrx_word' id='word_1_106' title='bbox 2138 1338 2547 1407; x_wconf 80' lang='lat' dir='ltr'>soloecismuS,</span> <span class='ocrx_word' id='word_1_107' title='bbox 2605 1340 2742 1418; x_wconf 88' lang='lat' dir='ltr'>quia</span> <span class='ocrx_word' id='word_1_108' title='bbox 2798 1346 3004 1399; x_wconf 91' lang='lat' dir='ltr'>contra</span> <span class='ocrx_word' id='word_1_109' title='bbox 3049 1357 3143 1398; x_wconf 92' lang='lat' dir='ltr'>re-</span> 
     </span>
     <span class='ocr_line' id='line_1_13' title="bbox 574 1439 3224 1523; baseline -0.001 -20"><span class='ocrx_word' id='word_1_110' title='bbox 574 1445 771 1523; x_wconf 87' lang='lat' dir='ltr'>gulam</span> <span class='ocrx_word' id='word_1_111' title='bbox 831 1451 920 1505; x_wconf 90' lang='lat' dir='ltr'>est</span> <span class='ocrx_word' id='word_1_112' title='bbox 978 1444 1240 1504; x_wconf 89' lang='lat' dir='ltr'>eiusdem</span> <span class='ocrx_word' id='word_1_113' title='bbox 1298 1442 1583 1510; x_wconf 88' lang='lat' dir='ltr'>nominis:</span> <span class='ocrx_word' id='word_1_114' title='bbox 1641 1439 1933 1519; x_wconf 80' lang='lat' dir='ltr'>syllabae,</span> <span class='ocrx_word' id='word_1_115' title='bbox 1991 1447 2054 1500; x_wconf 88' lang='lat' dir='ltr'>ut</span> <span class='ocrx_word' id='word_1_116' title='bbox 2109 1441 2464 1501; x_wconf 89' lang='lat' dir='ltr'>salmentum</span> <span class='ocrx_word' id='word_1_117' title='bbox 2520 1459 2629 1520; x_wconf 89' lang='lat' dir='ltr'>pro</span> <span class='ocrx_word' id='word_1_118' title='bbox 2695 1441 3136 1507; x_wconf 84' lang='lat' dir='ltr'>salsamentum:</span> <span class='ocrx_word' id='word_1_119' title='bbox 3174 1456 3224 1494; x_wconf 80' lang='grc' dir='ltr'>ιο</span> 
     </span>
     <span class='ocr_line' id='line_1_14' title="bbox 580 1542 3144 1626; baseline -0.002 -19"><span class='ocrx_word' id='word_1_120' title='bbox 580 1547 891 1626; x_wconf 79' lang='lat' dir='ltr'>temporiS,</span> <span class='ocrx_word' id='word_1_121' title='bbox 939 1553 1006 1607; x_wconf 89' lang='lat' dir='ltr'>ut</span> <span class='ocrx_word' id='word_1_122' title='bbox 1049 1546 1237 1624; x_wconf 87' lang='lat' dir='ltr'>siquis</span> <span class='ocrx_word' id='word_1_123' title='bbox 1268 1545 1423 1605; x_wconf 90' lang='lat' dir='ltr'>dicat</span> <span class='ocrx_word' id='word_1_124' title='bbox 1451 1550 1650 1603; x_wconf 87' lang='lat' dir='ltr'>orator</span> <span class='ocrx_word' id='word_1_125' title='bbox 1681 1550 1954 1621; x_wconf 88' lang='lat' dir='ltr'>correpta</span> <span class='ocrx_word' id='word_1_126' title='bbox 2000 1543 2197 1621; x_wconf 91' lang='lat' dir='ltr'>priore</span> <span class='ocrx_word' id='word_1_127' title='bbox 2231 1542 2469 1622; x_wconf 80' lang='lat' dir='ltr'>syllaba,</span> <span class='ocrx_word' id='word_1_128' title='bbox 2502 1543 2657 1622; x_wconf 92' lang='lat' dir='ltr'>quod</span> <span class='ocrx_word' id='word_1_129' title='bbox 2701 1544 2893 1622; x_wconf 91' lang='lat' dir='ltr'>ipsum</span> <span class='ocrx_word' id='word_1_130' title='bbox 2939 1544 3144 1603; x_wconf 80' lang='lat' dir='ltr'>vitium</span> 
     </span>
     <span class='ocr_line' id='line_1_15' title="bbox 577 1645 3146 1728; baseline -0.002 -19"><span class='ocrx_word' id='word_1_131' title='bbox 577 1649 853 1709; x_wconf 78' lang='lat' dir='ltr'>Afrorum</span> <span class='ocrx_word' id='word_1_132' title='bbox 900 1646 1151 1728; x_wconf 90' lang='lat' dir='ltr'>speciale</span> <span class='ocrx_word' id='word_1_133' title='bbox 1199 1653 1319 1716; x_wconf 87' lang='lat' dir='ltr'>est:</span> <span class='ocrx_word' id='word_1_134' title='bbox 1366 1652 1676 1714; x_wconf 88' lang='lat' dir='ltr'>accentus,</span> <span class='ocrx_word' id='word_1_135' title='bbox 1723 1652 1789 1704; x_wconf 90' lang='lat' dir='ltr'>ut</span> <span class='ocrx_word' id='word_1_136' title='bbox 1833 1646 2015 1720; x_wconf 79' lang='lat' dir='ltr'>siquis</span> <span class='ocrx_word' id='word_1_137' title='bbox 2070 1652 2365 1705; x_wconf 86' lang='lat' dir='ltr'>oratorem</span> <span class='ocrx_word' id='word_1_138' title='bbox 2406 1648 2626 1706; x_wconf 76' lang='lat' dir='ltr'>&#39;dicens</span> <span class='ocrx_word' id='word_1_139' title='bbox 2668 1646 2926 1724; x_wconf 89' lang='lat' dir='ltr'>priorem</span> <span class='ocrx_word' id='word_1_140' title='bbox 2975 1645 3146 1724; x_wconf 88' lang='lat' dir='ltr'>sylla-</span> 
     </span>
     <span class='ocr_line' id='line_1_16' title="bbox 577 1746 3149 1827; baseline -0.002 -17"><span class='ocrx_word' id='word_1_141' title='bbox 577 1750 712 1810; x_wconf 89' lang='lat' dir='ltr'>bam</span> <span class='ocrx_word' id='word_1_142' title='bbox 758 1751 1138 1811; x_wconf 82' lang='lat' dir='ltr'>circumflexo</span> <span class='ocrx_word' id='word_1_143' title='bbox 1184 1755 1430 1811; x_wconf 89' lang='lat' dir='ltr'>accentu</span> <span class='ocrx_word' id='word_1_144' title='bbox 1467 1748 1850 1827; x_wconf 87' lang='lat' dir='ltr'>pronuntiet:</span> <span class='ocrx_word' id='word_1_145' title='bbox 1898 1747 2302 1825; x_wconf 77' lang='lat' dir='ltr'>aspirationiS,</span> <span class='ocrx_word' id='word_1_146' title='bbox 2349 1755 2415 1807; x_wconf 92' lang='lat' dir='ltr'>ut</span> <span class='ocrx_word' id='word_1_147' title='bbox 2445 1749 2628 1827; x_wconf 90' lang='lat' dir='ltr'>siquis</span> <span class='ocrx_word' id='word_1_148' title='bbox 2657 1765 2899 1808; x_wconf 91' lang='lat' dir='ltr'>onorem</span> <span class='ocrx_word' id='word_1_149' title='bbox 2945 1746 3149 1807; x_wconf 87' lang='lat' dir='ltr'>dicens</span> 
     </span>
     <span class='ocr_line' id='line_1_17' title="bbox 577 1848 3149 1931; baseline -0.002 -19"><span class='ocrx_word' id='word_1_150' title='bbox 577 1854 722 1912; x_wconf 91' lang='lat' dir='ltr'>eitra</span> <span class='ocrx_word' id='word_1_151' title='bbox 781 1853 1197 1931; x_wconf 89' lang='lat' dir='ltr'>aspirationem</span> <span class='ocrx_word' id='word_1_152' title='bbox 1257 1851 1519 1929; x_wconf 88' lang='lat' dir='ltr'>priorem</span> <span class='ocrx_word' id='word_1_153' title='bbox 1574 1848 1854 1928; x_wconf 79' lang='lat' dir='ltr'>syllabam</span> <span class='ocrx_word' id='word_1_154' title='bbox 1922 1850 2207 1929; x_wconf 84' lang='lat' dir='ltr'>proferat.</span> <span class='ocrx_word' id='word_1_155' title='bbox 2297 1867 2404 1928; x_wconf 91' lang='lat' dir='ltr'>per</span> <span class='ocrx_word' id='word_1_156' title='bbox 2471 1850 2933 1909; x_wconf 87' lang='lat' dir='ltr'>immutationem</span> <span class='ocrx_word' id='word_1_157' title='bbox 3000 1849 3149 1909; x_wconf 84' lang='lat' dir='ltr'>fiunt</span> 
     </span>
     <span class='ocr_line' id='line_1_18' title="bbox 577 1949 3227 2031; baseline -0.001 -18"><span class='ocrx_word' id='word_1_158' title='bbox 577 1953 931 2014; x_wconf 85' lang='lat' dir='ltr'>barbarismi</span> <span class='ocrx_word' id='word_1_159' title='bbox 976 1955 1089 2014; x_wconf 90' lang='lat' dir='ltr'>sie:</span> <span class='ocrx_word' id='word_1_160' title='bbox 1136 1953 1398 2019; x_wconf 86' lang='lat' dir='ltr'>litterae,</span> <span class='ocrx_word' id='word_1_161' title='bbox 1447 1959 1511 2011; x_wconf 88' lang='lat' dir='ltr'>ut</span> <span class='ocrx_word' id='word_1_162' title='bbox 1554 1952 1738 2031; x_wconf 92' lang='lat' dir='ltr'>siquis</span> <span class='ocrx_word' id='word_1_163' title='bbox 1779 1950 1936 2010; x_wconf 89' lang='lat' dir='ltr'>dicat</span> <span class='ocrx_word' id='word_1_164' title='bbox 1966 1949 2137 2010; x_wconf 88' lang='lat' dir='ltr'>bobis</span> <span class='ocrx_word' id='word_1_165' title='bbox 2179 1969 2288 2029; x_wconf 87' lang='lat' dir='ltr'>pro</span> <span class='ocrx_word' id='word_1_166' title='bbox 2333 1949 2526 2019; x_wconf 83' lang='lat' dir='ltr'>vobiS,</span> <span class='ocrx_word' id='word_1_167' title='bbox 2573 1969 2747 2029; x_wconf 89' lang='lat' dir='ltr'>peres</span> <span class='ocrx_word' id='word_1_168' title='bbox 2790 1970 2900 2030; x_wconf 90' lang='lat' dir='ltr'>pro</span> <span class='ocrx_word' id='word_1_169' title='bbox 2943 1951 3145 2030; x_wconf 80' lang='lat' dir='ltr'>pedeS,</span> <span class='ocrx_word' id='word_1_170' title='bbox 3176 1966 3227 2005; x_wconf 86' lang='lat'>15</span> 
     </span>
     <span class='ocr_line' id='line_1_19' title="bbox 574 2051 3148 2135; baseline -0.002 -20"><span class='ocrx_word' id='word_1_171' title='bbox 574 2056 769 2116; x_wconf 89' lang='lat' dir='ltr'>stetim</span> <span class='ocrx_word' id='word_1_172' title='bbox 817 2075 925 2135; x_wconf 88' lang='lat' dir='ltr'>pro</span> <span class='ocrx_word' id='word_1_173' title='bbox 971 2056 1201 2123; x_wconf 89' lang='lat' dir='ltr'>statim,</span> <span class='ocrx_word' id='word_1_174' title='bbox 1248 2053 1403 2134; x_wconf 90' lang='lat' dir='ltr'>quod</span> <span class='ocrx_word' id='word_1_175' title='bbox 1451 2054 1650 2113; x_wconf 86' lang='lat' dir='ltr'>vitium</span> <span class='ocrx_word' id='word_1_176' title='bbox 1697 2051 1929 2132; x_wconf 87' lang='lat' dir='ltr'>plebem</span> <span class='ocrx_word' id='word_1_177' title='bbox 1989 2052 2309 2113; x_wconf 84' lang='lat' dir='ltr'>Romanam</span> <span class='ocrx_word' id='word_1_178' title='bbox 2354 2052 2603 2131; x_wconf 88' lang='lat' dir='ltr'>quadam</span> <span class='ocrx_word' id='word_1_179' title='bbox 2659 2052 2937 2113; x_wconf 89' lang='lat' dir='ltr'>deliciosa</span> <span class='ocrx_word' id='word_1_180' title='bbox 2983 2055 3148 2113; x_wconf 80' lang='lat' dir='ltr'>novi-</span> 
     </span>
     <span class='ocr_line' id='line_1_20' title="bbox 576 2153 3146 2234; baseline -0.002 -16"><span class='ocrx_word' id='word_1_181' title='bbox 576 2159 709 2218; x_wconf 89' lang='lat' dir='ltr'>tatis</span> <span class='ocrx_word' id='word_1_182' title='bbox 756 2158 1062 2219; x_wconf 83' lang='lat' dir='ltr'>affectione</span> <span class='ocrx_word' id='word_1_183' title='bbox 1109 2155 1467 2234; x_wconf 89' lang='lat' dir='ltr'>corrumpit:</span> <span class='ocrx_word' id='word_1_184' title='bbox 1514 2153 1803 2234; x_wconf 90' lang='lat' dir='ltr'>syllabae,</span> <span class='ocrx_word' id='word_1_185' title='bbox 1851 2162 1917 2214; x_wconf 90' lang='lat' dir='ltr'>ut</span> <span class='ocrx_word' id='word_1_186' title='bbox 1946 2155 2130 2233; x_wconf 90' lang='lat' dir='ltr'>siquis</span> <span class='ocrx_word' id='word_1_187' title='bbox 2160 2154 2314 2215; x_wconf 91' lang='lat' dir='ltr'>dicat</span> <span class='ocrx_word' id='word_1_188' title='bbox 2343 2162 2627 2214; x_wconf 87' lang='lat' dir='ltr'>tarterum</span> <span class='ocrx_word' id='word_1_189' title='bbox 2674 2172 2782 2233; x_wconf 91' lang='lat' dir='ltr'>pro</span> <span class='ocrx_word' id='word_1_190' title='bbox 2829 2161 3146 2224; x_wconf 85' lang='lat' dir='ltr'>tartarum:</span> 
     </span>
     <span class='ocr_line' id='line_1_21' title="bbox 574 2256 3148 2339; baseline -0.002 -19"><span class='ocrx_word' id='word_1_191' title='bbox 574 2261 887 2339; x_wconf 89' lang='lat' dir='ltr'>temporis,</span> <span class='ocrx_word' id='word_1_192' title='bbox 945 2266 1011 2321; x_wconf 90' lang='lat' dir='ltr'>ut</span> <span class='ocrx_word' id='word_1_193' title='bbox 1066 2259 1252 2338; x_wconf 84' lang='lat' dir='ltr'>siquis</span> <span class='ocrx_word' id='word_1_194' title='bbox 1307 2258 1471 2336; x_wconf 89' lang='lat' dir='ltr'>pices</span> <span class='ocrx_word' id='word_1_195' title='bbox 1528 2256 1734 2316; x_wconf 88' lang='lat' dir='ltr'>dicens</span> <span class='ocrx_word' id='word_1_196' title='bbox 1789 2258 2047 2335; x_wconf 89' lang='lat' dir='ltr'>priorem</span> <span class='ocrx_word' id='word_1_197' title='bbox 2102 2256 2408 2325; x_wconf 84' lang='lat' dir='ltr'>extendat:</span> <span class='ocrx_word' id='word_1_198' title='bbox 2479 2263 2785 2325; x_wconf 81' lang='lat' dir='ltr'>accentuS,</span> <span class='ocrx_word' id='word_1_199' title='bbox 2845 2265 2909 2317; x_wconf 90' lang='lat' dir='ltr'>ut</span> <span class='ocrx_word' id='word_1_200' title='bbox 2964 2258 3148 2336; x_wconf 88' lang='lat' dir='ltr'>siquis</span> 
     </span>
     <span class='ocr_line' id='line_1_22' title="bbox 575 2358 3148 2440; baseline -0.002 -18"><span class='ocrx_word' id='word_1_201' title='bbox 575 2368 868 2423; x_wconf 88' lang='lat' dir='ltr'>oratorem</span> <span class='ocrx_word' id='word_1_202' title='bbox 927 2362 1130 2422; x_wconf 86' lang='lat' dir='ltr'>dicens</span> <span class='ocrx_word' id='word_1_203' title='bbox 1188 2361 1438 2440; x_wconf 88' lang='lat' dir='ltr'>primam</span> <span class='ocrx_word' id='word_1_204' title='bbox 1498 2365 1698 2427; x_wconf 88' lang='lat' dir='ltr'>acuat:</span> <span class='ocrx_word' id='word_1_205' title='bbox 1762 2360 2166 2437; x_wconf 87' lang='lat' dir='ltr'>aspirationis,</span> <span class='ocrx_word' id='word_1_206' title='bbox 2224 2366 2290 2419; x_wconf 91' lang='lat' dir='ltr'>ut</span> <span class='ocrx_word' id='word_1_207' title='bbox 2352 2360 2539 2438; x_wconf 88' lang='lat' dir='ltr'>siquis</span> <span class='ocrx_word' id='word_1_208' title='bbox 2606 2358 2874 2419; x_wconf 85' lang='lat' dir='ltr'>Traciam</span> <span class='ocrx_word' id='word_1_209' title='bbox 2946 2359 3148 2419; x_wconf 89' lang='lat' dir='ltr'>dicens</span> 
     </span>
     <span class='ocr_line' id='line_1_23' title="bbox 574 2460 3226 2543; baseline -0.001 -19"><span class='ocrx_word' id='word_1_210' title='bbox 574 2466 823 2543; x_wconf 89' lang='lat' dir='ltr'>primam</span> <span class='ocrx_word' id='word_1_211' title='bbox 882 2462 1181 2524; x_wconf 88' lang='lat' dir='ltr'>subtiliter</span> <span class='ocrx_word' id='word_1_212' title='bbox 1227 2463 1476 2529; x_wconf 78' lang='lat' dir='ltr'>ecferat,</span> <span class='ocrx_word' id='word_1_213' title='bbox 1535 2468 1635 2521; x_wconf 88' lang='lat' dir='ltr'>aut</span> <span class='ocrx_word' id='word_1_214' title='bbox 1679 2460 2092 2539; x_wconf 85' lang='lat' dir='ltr'>Chartaginem</span> <span class='ocrx_word' id='word_1_215' title='bbox 2146 2461 2347 2521; x_wconf 89' lang='lat' dir='ltr'>dicens</span> <span class='ocrx_word' id='word_1_216' title='bbox 2403 2461 2655 2539; x_wconf 89' lang='lat' dir='ltr'>primam</span> <span class='ocrx_word' id='word_1_217' title='bbox 2700 2462 2969 2521; x_wconf 89' lang='lat' dir='ltr'>enuntiet</span> <span class='ocrx_word' id='word_1_218' title='bbox 3011 2479 3147 2522; x_wconf 88' lang='lat' dir='ltr'>cum</span> <span class='ocrx_word' id='word_1_219' title='bbox 3173 2473 3226 2513; x_wconf 77' lang='lat'>2⁰</span> 
     </span>
     <span class='ocr_line' id='line_1_24' title="bbox 575 2562 3147 2645; baseline -0 -20"><span class='ocrx_word' id='word_1_220' title='bbox 575 2566 963 2645; x_wconf 87' lang='lat' dir='ltr'>aspiratione,</span> <span class='ocrx_word' id='word_1_221' title='bbox 1013 2572 1113 2625; x_wconf 91' lang='lat' dir='ltr'>aut</span> <span class='ocrx_word' id='word_1_222' title='bbox 1157 2565 1207 2623; x_wconf 94' lang='lat' dir='ltr'>si</span> <span class='ocrx_word' id='word_1_223' title='bbox 1253 2563 1407 2623; x_wconf 86' lang='lat' dir='ltr'>dicat</span> <span class='ocrx_word' id='word_1_224' title='bbox 1450 2581 1558 2641; x_wconf 91' lang='lat' dir='ltr'>pro</span> <span class='ocrx_word' id='word_1_225' title='bbox 1603 2562 1763 2623; x_wconf 87' lang='lat' dir='ltr'>Ebro</span> <span class='ocrx_word' id='word_1_226' title='bbox 1817 2562 2111 2633; x_wconf 89' lang='lat' dir='ltr'>Hebrum,</span> <span class='ocrx_word' id='word_1_227' title='bbox 2169 2569 2237 2623; x_wconf 90' lang='lat' dir='ltr'>ut</span> <span class='ocrx_word' id='word_1_228' title='bbox 2280 2563 2697 2641; x_wconf 85' lang='lat' dir='ltr'>aspirationem</span> <span class='ocrx_word' id='word_1_229' title='bbox 2744 2564 2920 2625; x_wconf 90' lang='lat' dir='ltr'>addat</span> <span class='ocrx_word' id='word_1_230' title='bbox 2962 2566 3147 2644; x_wconf 90' lang='lat' dir='ltr'>priori</span> 
     </span>
     <span class='ocr_line' id='line_1_25' title="bbox 576 2665 3147 2747; baseline -0.001 -19"><span class='ocrx_word' id='word_1_231' title='bbox 576 2667 865 2747; x_wconf 86' lang='lat' dir='ltr'>syllabae:</span> <span class='ocrx_word' id='word_1_232' title='bbox 926 2667 1027 2727; x_wconf 88' lang='lat' dir='ltr'>sed</span> <span class='ocrx_word' id='word_1_233' title='bbox 1085 2666 1179 2725; x_wconf 90' lang='lat' dir='ltr'>hic</span> <span class='ocrx_word' id='word_1_234' title='bbox 1238 2665 1446 2725; x_wconf 90' lang='lat' dir='ltr'>modus</span> <span class='ocrx_word' id='word_1_235' title='bbox 1503 2666 1617 2724; x_wconf 89' lang='lat' dir='ltr'>erit</span> <span class='ocrx_word' id='word_1_236' title='bbox 1671 2672 1730 2724; x_wconf 91' lang='lat' dir='ltr'>et</span> <span class='ocrx_word' id='word_1_237' title='bbox 1784 2684 1893 2745; x_wconf 91' lang='lat' dir='ltr'>per</span> <span class='ocrx_word' id='word_1_238' title='bbox 1948 2667 2357 2726; x_wconf 90' lang='lat' dir='ltr'>adiectionem.</span> <span class='ocrx_word' id='word_1_239' title='bbox 2446 2684 2556 2745; x_wconf 88' lang='lat' dir='ltr'>per</span> <span class='ocrx_word' id='word_1_240' title='bbox 2599 2669 3147 2726; x_wconf 89' lang='lat' dir='ltr'>transmutationem</span> 
     </span>
     <span class='ocr_line' id='line_1_26' title="bbox 576 2763 3147 2848; baseline -0.001 -17"><span class='ocrx_word' id='word_1_241' title='bbox 576 2771 658 2831; x_wconf 93' lang='lat' dir='ltr'>sic</span> <span class='ocrx_word' id='word_1_242' title='bbox 702 2771 851 2831; x_wconf 84' lang='lat' dir='ltr'>fiunt</span> <span class='ocrx_word' id='word_1_243' title='bbox 897 2767 1283 2830; x_wconf 88' lang='lat' dir='ltr'>barbarismi:</span> <span class='ocrx_word' id='word_1_244' title='bbox 1331 2766 1590 2837; x_wconf 90' lang='lat' dir='ltr'>litterae,</span> <span class='ocrx_word' id='word_1_245' title='bbox 1637 2774 1702 2827; x_wconf 92' lang='lat' dir='ltr'>ut</span> <span class='ocrx_word' id='word_1_246' title='bbox 1747 2768 1934 2847; x_wconf 87' lang='lat' dir='ltr'>siquis</span> <span class='ocrx_word' id='word_1_247' title='bbox 1976 2767 2133 2828; x_wconf 90' lang='lat' dir='ltr'>dicat</span> <span class='ocrx_word' id='word_1_248' title='bbox 2175 2767 2408 2846; x_wconf 90' lang='lat' dir='ltr'>perlum</span> <span class='ocrx_word' id='word_1_249' title='bbox 2455 2786 2562 2846; x_wconf 91' lang='lat' dir='ltr'>pro</span> <span class='ocrx_word' id='word_1_250' title='bbox 2607 2763 2617 2848; x_wconf 85' lang='grc' dir='ltr'>Ι</span> <span class='ocrx_word' id='word_1_251' title='bbox 2667 2767 2962 2848; x_wconf 91' lang='lat' dir='ltr'>praelum,</span> <span class='ocrx_word' id='word_1_252' title='bbox 3009 2768 3147 2829; x_wconf 91' lang='lat' dir='ltr'>reil-</span> 
     </span>
     <span class='ocr_line' id='line_1_27' title="bbox 575 2854 3147 2952; baseline -0 -20"><span class='ocrx_word' id='word_1_253' title='bbox 575 2854 768 2952; x_wconf 69' lang='lat' dir='ltr'>quum⁰</span> <span class='ocrx_word' id='word_1_254' title='bbox 801 2890 911 2951; x_wconf 89' lang='lat' dir='ltr'>pro</span> <span class='ocrx_word' id='word_1_255' title='bbox 955 2871 1277 2950; x_wconf 88' lang='lat' dir='ltr'>reliquum,</span> <span class='ocrx_word' id='word_1_256' title='bbox 1327 2870 1689 2949; x_wconf 87' lang='lat' dir='ltr'>interpertor</span> <span class='ocrx_word' id='word_1_257' title='bbox 1744 2889 1853 2949; x_wconf 88' lang='lat' dir='ltr'>pro</span> <span class='ocrx_word' id='word_1_258' title='bbox 1908 2870 2299 2949; x_wconf 89' lang='lat' dir='ltr'>interpretor,</span> <span class='ocrx_word' id='word_1_259' title='bbox 2349 2870 2546 2930; x_wconf 89' lang='lat' dir='ltr'>coacla</span> <span class='ocrx_word' id='word_1_260' title='bbox 2589 2887 2699 2949; x_wconf 91' lang='lat' dir='ltr'>pro</span> <span class='ocrx_word' id='word_1_261' title='bbox 2744 2871 2970 2942; x_wconf 90' lang='lat' dir='ltr'>cloaca:</span> <span class='ocrx_word' id='word_1_262' title='bbox 3028 2872 3147 2951; x_wconf 89' lang='lat' dir='ltr'>syl-</span> 
     </span>
     <span class='ocr_line' id='line_1_28' title="bbox 575 2971 3226 3052; baseline -0.001 -17"><span class='ocrx_word' id='word_1_263' title='bbox 575 2973 773 3043; x_wconf 90' lang='lat' dir='ltr'>labae,</span> <span class='ocrx_word' id='word_1_264' title='bbox 821 2981 886 3035; x_wconf 91' lang='lat' dir='ltr'>ut</span> <span class='ocrx_word' id='word_1_265' title='bbox 931 2973 1236 3052; x_wconf 85' lang='lat' dir='ltr'>displicina</span> <span class='ocrx_word' id='word_1_266' title='bbox 1282 2990 1390 3051; x_wconf 91' lang='lat' dir='ltr'>pro</span> <span class='ocrx_word' id='word_1_267' title='bbox 1436 2971 1775 3051; x_wconf 85' lang='lat' dir='ltr'>disciplina:</span> <span class='ocrx_word' id='word_1_268' title='bbox 1832 2973 2145 3050; x_wconf 82' lang='lat' dir='ltr'>temporiS,</span> <span class='ocrx_word' id='word_1_269' title='bbox 2204 2979 2269 3032; x_wconf 91' lang='lat' dir='ltr'>ut</span> <span class='ocrx_word' id='word_1_270' title='bbox 2313 2973 2495 3051; x_wconf 89' lang='lat' dir='ltr'>siquis</span> <span class='ocrx_word' id='word_1_271' title='bbox 2540 2972 2742 3032; x_wconf 90' lang='lat' dir='ltr'>dicens</span> <span class='ocrx_word' id='word_1_272' title='bbox 2799 2974 2961 3052; x_wconf 90' lang='lat' dir='ltr'>pices</span> <span class='ocrx_word' id='word_1_273' title='bbox 3005 2992 3147 3052; x_wconf 86' lang='lat' dir='ltr'>pro·</span> <span class='ocrx_word' id='word_1_274' title='bbox 3175 2988 3226 3027; x_wconf 78' lang='lat'>2⁵</span> 
     </span>
     <span class='ocr_line' id='line_1_29' title="bbox 578 3074 3145 3156; baseline 0 -20"><span class='ocrx_word' id='word_1_275' title='bbox 578 3077 752 3136; x_wconf 87' lang='lat' dir='ltr'>ducta</span> <span class='ocrx_word' id='word_1_276' title='bbox 798 3077 995 3156; x_wconf 90' lang='lat' dir='ltr'>priore</span> <span class='ocrx_word' id='word_1_277' title='bbox 1043 3082 1102 3135; x_wconf 93' lang='lat' dir='ltr'>et</span> <span class='ocrx_word' id='word_1_278' title='bbox 1146 3081 1420 3153; x_wconf 89' lang='lat' dir='ltr'>correpta</span> <span class='ocrx_word' id='word_1_279' title='bbox 1452 3076 1722 3153; x_wconf 87' lang='lat' dir='ltr'>sequenti</span> <span class='ocrx_word' id='word_1_280' title='bbox 1766 3074 2141 3152; x_wconf 82' lang='lat' dir='ltr'>pronuntiet:</span> <span class='ocrx_word' id='word_1_281' title='bbox 2190 3084 2497 3142; x_wconf 88' lang='lat' dir='ltr'>accentus,</span> <span class='ocrx_word' id='word_1_282' title='bbox 2547 3082 2610 3134; x_wconf 89' lang='lat' dir='ltr'>ut</span> <span class='ocrx_word' id='word_1_283' title='bbox 2639 3076 2823 3155; x_wconf 91' lang='lat' dir='ltr'>siquis</span> <span class='ocrx_word' id='word_1_284' title='bbox 2852 3084 3145 3136; x_wconf 85' lang='lat' dir='ltr'>oratorem</span> 
     </span>
     <span class='ocr_line' id='line_1_30' title="bbox 577 3175 3149 3257; baseline 0 -19"><span class='ocrx_word' id='word_1_285' title='bbox 577 3179 965 3257; x_wconf 89' lang='lat' dir='ltr'>pronuntians</span> <span class='ocrx_word' id='word_1_286' title='bbox 1020 3179 1269 3257; x_wconf 90' lang='lat' dir='ltr'>primam</span> <span class='ocrx_word' id='word_1_287' title='bbox 1328 3175 1609 3255; x_wconf 85' lang='lat' dir='ltr'>syllabam</span> <span class='ocrx_word' id='word_1_288' title='bbox 1656 3176 2113 3246; x_wconf 76' lang='lat' dir='ltr'>circumflectat;</span> <span class='ocrx_word' id='word_1_289' title='bbox 2172 3177 2576 3257; x_wconf 81' lang='lat' dir='ltr'>aspirationiS,</span> <span class='ocrx_word' id='word_1_290' title='bbox 2624 3185 2689 3237; x_wconf 87' lang='lat' dir='ltr'>ut</span> <span class='ocrx_word' id='word_1_291' title='bbox 2733 3179 2914 3257; x_wconf 88' lang='lat' dir='ltr'>siquis</span> <span class='ocrx_word' id='word_1_292' title='bbox 2960 3177 3149 3238; x_wconf 85' lang='lat' dir='ltr'>Thra-</span> 
     </span>
     <span class='ocr_line' id='line_1_31' title="bbox 577 3278 3150 3359; baseline -0.001 -19"><span class='ocrx_word' id='word_1_293' title='bbox 577 3282 727 3340; x_wconf 86' lang='lat' dir='ltr'>ciam</span> <span class='ocrx_word' id='word_1_294' title='bbox 773 3298 1053 3359; x_wconf 86' lang='lat' dir='ltr'>perversa</span> <span class='ocrx_word' id='word_1_295' title='bbox 1099 3279 1453 3357; x_wconf 90' lang='lat' dir='ltr'>aspiratione</span> <span class='ocrx_word' id='word_1_296' title='bbox 1499 3278 1764 3357; x_wconf 81' lang='lat' dir='ltr'>proferat</span> <span class='ocrx_word' id='word_1_297' title='bbox 1810 3285 1869 3337; x_wconf 92' lang='lat' dir='ltr'>et</span> <span class='ocrx_word' id='word_1_298' title='bbox 1913 3279 2067 3339; x_wconf 89' lang='lat' dir='ltr'>dicat</span> <span class='ocrx_word' id='word_1_299' title='bbox 2111 3278 2443 3340; x_wconf 85' lang='lat' dir='ltr'>Trachiam.</span> <span class='ocrx_word' id='word_1_300' title='bbox 2532 3279 2593 3338; x_wconf 91' lang='lat' dir='ltr'>hi</span> <span class='ocrx_word' id='word_1_301' title='bbox 2639 3287 2776 3340; x_wconf 87' lang='lat' dir='ltr'>sunt</span> <span class='ocrx_word' id='word_1_302' title='bbox 2819 3281 2946 3340; x_wconf 78' lang='lat' dir='ltr'>sere</span> <span class='ocrx_word' id='word_1_303' title='bbox 2993 3280 3150 3339; x_wconf 90' lang='lat' dir='ltr'>modi</span> 
     </span>
     <span class='ocr_line' id='line_1_32' title="bbox 576 3378 3147 3460; baseline 0 -19"><span class='ocrx_word' id='word_1_304' title='bbox 576 3380 1113 3451; x_wconf 88' lang='lat' dir='ltr'>barbarismorum,</span> <span class='ocrx_word' id='word_1_305' title='bbox 1162 3399 1231 3440; x_wconf 82' lang='lat' dir='ltr'>ex</span> <span class='ocrx_word' id='word_1_306' title='bbox 1277 3378 1491 3459; x_wconf 87' lang='lat' dir='ltr'>quibus</span> <span class='ocrx_word' id='word_1_307' title='bbox 1537 3387 1782 3459; x_wconf 89' lang='lat' dir='ltr'>apparet</span> <span class='ocrx_word' id='word_1_308' title='bbox 1827 3388 1887 3440; x_wconf 92' lang='lat' dir='ltr'>et</span> <span class='ocrx_word' id='word_1_309' title='bbox 1943 3381 2297 3460; x_wconf 88' lang='lat' dir='ltr'>aspiratione</span> <span class='ocrx_word' id='word_1_310' title='bbox 2344 3389 2404 3442; x_wconf 89' lang='lat' dir='ltr'>et</span> <span class='ocrx_word' id='word_1_311' title='bbox 2449 3388 2697 3441; x_wconf 90' lang='lat' dir='ltr'>accentu</span> <span class='ocrx_word' id='word_1_312' title='bbox 2740 3400 2858 3442; x_wconf 90' lang='lat' dir='ltr'>nou</span> <span class='ocrx_word' id='word_1_313' title='bbox 2904 3383 2982 3442; x_wconf 88' lang='lat' dir='ltr'>ita</span> <span class='ocrx_word' id='word_1_314' title='bbox 3028 3383 3147 3441; x_wconf 77' lang='lat' dir='ltr'>sre-</span> 
     </span>
     <span class='ocr_line' id='line_1_33' title="bbox 577 3482 3227 3563; baseline -0.001 -19"><span class='ocrx_word' id='word_1_315' title='bbox 577 3490 830 3563; x_wconf 88' lang='lat' dir='ltr'>quenter</span> <span class='ocrx_word' id='word_1_316' title='bbox 873 3484 1003 3543; x_wconf 86' lang='lat' dir='ltr'>fieri</span> <span class='ocrx_word' id='word_1_317' title='bbox 1046 3482 1490 3562; x_wconf 90' lang='lat' dir='ltr'>metaplasmos,</span> <span class='ocrx_word' id='word_1_318' title='bbox 1540 3488 1600 3542; x_wconf 94' lang='lat' dir='ltr'>et</span> <span class='ocrx_word' id='word_1_319' title='bbox 1642 3482 1898 3542; x_wconf 82' lang='lat' dir='ltr'>vicissim</span> <span class='ocrx_word' id='word_1_320' title='bbox 1946 3483 2169 3562; x_wconf 88' lang='lat' dir='ltr'>aliquos</span> <span class='ocrx_word' id='word_1_321' title='bbox 2215 3484 2419 3544; x_wconf 90' lang='lat' dir='ltr'>modos</span> <span class='ocrx_word' id='word_1_322' title='bbox 2465 3484 2537 3543; x_wconf 90' lang='lat' dir='ltr'>de</span> <span class='ocrx_word' id='word_1_323' title='bbox 2584 3484 2987 3563; x_wconf 90' lang='lat' dir='ltr'>metaplasmis</span> <span class='ocrx_word' id='word_1_324' title='bbox 3030 3502 3145 3543; x_wconf 93' lang='lat' dir='ltr'>non</span> <span class='ocrx_word' id='word_1_325' title='bbox 3176 3499 3227 3540; x_wconf 81' lang='lat'>80</span> 
     </span>
     <span class='ocr_line' id='line_1_34' title="bbox 578 3583 3147 3665; baseline 0 -20"><span class='ocrx_word' id='word_1_326' title='bbox 578 3587 800 3664; x_wconf 90' lang='lat' dir='ltr'>positos</span> <span class='ocrx_word' id='word_1_327' title='bbox 845 3604 876 3644; x_wconf 92' lang='lat' dir='ltr'>a</span> <span class='ocrx_word' id='word_1_328' title='bbox 922 3583 1341 3663; x_wconf 88' lang='lat' dir='ltr'>scriptoribus,</span> <span class='ocrx_word' id='word_1_329' title='bbox 1390 3590 1458 3644; x_wconf 90' lang='lat' dir='ltr'>ut</span> <span class='ocrx_word' id='word_1_330' title='bbox 1502 3583 1858 3645; x_wconf 88' lang='lat' dir='ltr'>barbarismi</span> <span class='ocrx_word' id='word_1_331' title='bbox 1904 3585 2173 3646; x_wconf 90' lang='lat' dir='ltr'>similiter</span> <span class='ocrx_word' id='word_1_332' title='bbox 2202 3587 2332 3646; x_wconf 85' lang='lat' dir='ltr'>fieri</span> <span class='ocrx_word' id='word_1_333' title='bbox 2376 3604 2548 3665; x_wconf 90' lang='lat' dir='ltr'>posse</span> <span class='ocrx_word' id='word_1_334' title='bbox 2595 3586 2922 3656; x_wconf 85' lang='lat' dir='ltr'>videantur,</span> <span class='ocrx_word' id='word_1_335' title='bbox 2971 3586 3147 3646; x_wconf 74' lang='lat' dir='ltr'>veluti</span> 
     </span>
     <span class='ocr_line' id='line_1_35' title="bbox 578 3686 3152 3768; baseline 0 -21"><span class='ocrx_word' id='word_1_336' title='bbox 578 3697 668 3748; x_wconf 81' lang='lat' dir='ltr'>est</span> <span class='ocrx_word' id='word_1_337' title='bbox 713 3688 997 3748; x_wconf 90' lang='lat' dir='ltr'>diaeresis</span> <span class='ocrx_word' id='word_1_338' title='bbox 1053 3695 1113 3746; x_wconf 90' lang='lat' dir='ltr'>et</span> <span class='ocrx_word' id='word_1_339' title='bbox 1169 3686 1592 3765; x_wconf 84' lang='lat' dir='ltr'>episynaliphe.</span> <span class='ocrx_word' id='word_1_340' title='bbox 1685 3687 1787 3747; x_wconf 89' lang='lat' dir='ltr'>sed</span> <span class='ocrx_word' id='word_1_341' title='bbox 1843 3687 1950 3748; x_wconf 91' lang='lat' dir='ltr'>hos</span> <span class='ocrx_word' id='word_1_342' title='bbox 2007 3687 2211 3747; x_wconf 90' lang='lat' dir='ltr'>modos</span> <span class='ocrx_word' id='word_1_343' title='bbox 2266 3696 2326 3749; x_wconf 91' lang='lat' dir='ltr'>et</span> <span class='ocrx_word' id='word_1_344' title='bbox 2382 3695 2644 3758; x_wconf 89' lang='lat' dir='ltr'>ceteros,</span> <span class='ocrx_word' id='word_1_345' title='bbox 2703 3688 2919 3768; x_wconf 87' lang='lat' dir='ltr'>quibus</span> <span class='ocrx_word' id='word_1_346' title='bbox 2965 3696 3152 3748; x_wconf 90' lang='lat' dir='ltr'>meta-</span> 
     </span>
     <span class='ocr_line' id='line_1_36' title="bbox 573 3788 3147 3874; baseline 0 -23"><span class='ocrx_word' id='word_1_347' title='bbox 573 3791 784 3871; x_wconf 90' lang='lat' dir='ltr'>plasmi</span> <span class='ocrx_word' id='word_1_348' title='bbox 832 3791 1008 3859; x_wconf 82' lang='lat' dir='ltr'>fiunt,</span> <span class='ocrx_word' id='word_1_349' title='bbox 1068 3790 1116 3848; x_wconf 92' lang='lat' dir='ltr'>si</span> <span class='ocrx_word' id='word_1_350' title='bbox 1160 3788 1411 3848; x_wconf 86' lang='lat' dir='ltr'>velimus</span> <span class='ocrx_word' id='word_1_351' title='bbox 1467 3788 1935 3874; x_wconf 89' lang='lat' dir='ltr'>animadvertere</span> <span class='ocrx_word' id='word_1_352' title='bbox 1992 3809 2100 3869; x_wconf 92' lang='lat' dir='ltr'>per</span> <span class='ocrx_word' id='word_1_353' title='bbox 2143 3791 2281 3852; x_wconf 83' lang='lat' dir='ltr'>vitia</span> <span class='ocrx_word' id='word_1_354' title='bbox 2327 3808 2443 3850; x_wconf 91' lang='lat' dir='ltr'>non</span> <span class='ocrx_word' id='word_1_355' title='bbox 2491 3791 2677 3850; x_wconf 90' lang='lat' dir='ltr'>solum</span> <span class='ocrx_word' id='word_1_356' title='bbox 2724 3791 2996 3871; x_wconf 88' lang='lat' dir='ltr'>specialia</span> <span class='ocrx_word' id='word_1_357' title='bbox 3043 3792 3147 3851; x_wconf 77' lang='lat' dir='ltr'>lio-</span> 
     </span>
     <span class='ocr_line' id='line_1_37' title="bbox 576 3890 3149 3968; baseline 0 -15"><span class='ocrx_word' id='word_1_358' title='bbox 576 3895 829 3962; x_wconf 89' lang='lat' dir='ltr'>minum,</span> <span class='ocrx_word' id='word_1_359' title='bbox 888 3891 988 3952; x_wconf 86' lang='lat' dir='ltr'>sed</span> <span class='ocrx_word' id='word_1_360' title='bbox 1048 3890 1344 3968; x_wconf 83' lang='lat' dir='ltr'>generalia</span> <span class='ocrx_word' id='word_1_361' title='bbox 1404 3890 1772 3968; x_wconf 87' lang='lat' dir='ltr'>quarundam</span> <span class='ocrx_word' id='word_1_362' title='bbox 1830 3892 2161 3962; x_wconf 90' lang='lat' dir='ltr'>nationum,</span> <span class='ocrx_word' id='word_1_363' title='bbox 2223 3893 2759 3954; x_wconf 82' lang='lat' dir='ltr'>animadvertemus</span> <span class='ocrx_word' id='word_1_364' title='bbox 2817 3895 2993 3954; x_wconf 89' lang='lat' dir='ltr'>etiam</span> <span class='ocrx_word' id='word_1_365' title='bbox 3040 3893 3149 3953; x_wconf 89' lang='lat' dir='ltr'>hos</span> 
     </span>
     <span class='ocr_line' id='line_1_38' title="bbox 575 3992 3227 4075; baseline -0.001 -21"><span class='ocrx_word' id='word_1_366' title='bbox 575 3995 780 4055; x_wconf 89' lang='lat' dir='ltr'>modos</span> <span class='ocrx_word' id='word_1_367' title='bbox 834 3995 894 4053; x_wconf 94' lang='lat' dir='ltr'>in</span> <span class='ocrx_word' id='word_1_368' title='bbox 953 3992 1338 4053; x_wconf 87' lang='lat' dir='ltr'>barbarismis</span> <span class='ocrx_word' id='word_1_369' title='bbox 1395 4011 1556 4061; x_wconf 88' lang='lat' dir='ltr'>esse,</span> <span class='ocrx_word' id='word_1_370' title='bbox 1616 4011 1762 4072; x_wconf 90' lang='lat' dir='ltr'>quos</span> <span class='ocrx_word' id='word_1_371' title='bbox 1820 3996 2141 4073; x_wconf 88' lang='lat' dir='ltr'>scriptores</span> <span class='ocrx_word' id='word_1_372' title='bbox 2184 3997 2737 4075; x_wconf 89' lang='lat' dir='ltr'>praetermiserunt.</span> <span class='ocrx_word' id='word_1_373' title='bbox 2829 4015 2961 4056; x_wconf 88' lang='lat' dir='ltr'>nam</span> <span class='ocrx_word' id='word_1_374' title='bbox 3009 4013 3227 4055; x_wconf 70' lang='lat' dir='ltr'>eeceas</span> 
     </span>
     <span class='ocr_line' id='line_1_39' title="bbox 572 4093 3145 4178; baseline -0.001 -21"><span class='ocrx_word' id='word_1_375' title='bbox 572 4115 769 4157; x_wconf 91' lang='lat' dir='ltr'>nonne</span> <span class='ocrx_word' id='word_1_376' title='bbox 828 4096 1058 4156; x_wconf 85' lang='lat' dir='ltr'>videtur</span> <span class='ocrx_word' id='word_1_377' title='bbox 1113 4112 1220 4173; x_wconf 89' lang='lat' dir='ltr'>per</span> <span class='ocrx_word' id='word_1_378' title='bbox 1276 4093 1570 4154; x_wconf 86' lang='lat' dir='ltr'>diaeresin</span> <span class='ocrx_word' id='word_1_379' title='bbox 1630 4097 1829 4155; x_wconf 84' lang='lat' dir='ltr'>facere</span> <span class='ocrx_word' id='word_1_380' title='bbox 1887 4096 2353 4165; x_wconf 87' lang='lat' dir='ltr'>barbarismum,</span> <span class='ocrx_word' id='word_1_381' title='bbox 2421 4100 2550 4178; x_wconf 86' lang='lat' dir='ltr'>qui,</span> <span class='ocrx_word' id='word_1_382' title='bbox 2619 4107 2684 4158; x_wconf 90' lang='lat' dir='ltr'>ut</span> <span class='ocrx_word' id='word_1_383' title='bbox 2739 4098 2895 4158; x_wconf 88' lang='lat' dir='ltr'>dicat</span> <span class='ocrx_word' id='word_1_384' title='bbox 2958 4098 3145 4166; x_wconf 87' lang='lat' dir='ltr'>solvit,</span> 
     </span>
     <span class='ocr_line' id='line_1_40' title="bbox 572 4182 3146 4280; baseline -0.001 -20"><span class='ocrx_word' id='word_1_385' title='bbox 572 4182 725 4280; x_wconf 77' lang='lat' dir='ltr'>quod</span> <span class='ocrx_word' id='word_1_386' title='bbox 771 4206 858 4258; x_wconf 82' lang='lat' dir='ltr'>est</span> <span class='ocrx_word' id='word_1_387' title='bbox 892 4197 1283 4277; x_wconf 78' lang='lat' dir='ltr'>disyllabum,</span> <span class='ocrx_word' id='word_1_388' title='bbox 1332 4197 1475 4256; x_wconf 86' lang='lat' dir='ltr'>dicit</span> <span class='ocrx_word' id='word_1_389' title='bbox 1518 4197 1732 4257; x_wconf 69' lang='lat' dir='ltr'>solun?</span> <span class='ocrx_word' id='word_1_390' title='bbox 1790 4206 1849 4257; x_wconf 86' lang='lat' dir='ltr'>et</span> <span class='ocrx_word' id='word_1_391' title='bbox 1903 4218 2136 4259; x_wconf 89' lang='lat' dir='ltr'>rursum</span> <span class='ocrx_word' id='word_1_392' title='bbox 2197 4219 2389 4260; x_wconf 88' lang='lat' dir='ltr'>nonne</span> <span class='ocrx_word' id='word_1_393' title='bbox 2436 4200 2670 4259; x_wconf 78' lang='lat' dir='ltr'>videtur</span> <span class='ocrx_word' id='word_1_394' title='bbox 2727 4219 2833 4279; x_wconf 90' lang='lat' dir='ltr'>per</span> <span class='ocrx_word' id='word_1_395' title='bbox 2878 4202 3146 4279; x_wconf 86' lang='lat' dir='ltr'>episyna-</span> 
     </span>
    </p>
   </div>
   <div class='ocr_carea' id='block_1_4' title="bbox 572 4399 3149 4749">
    <p class='ocr_par' dir='ltr' id='par_1_4' title="bbox 572 4399 3149 4749">
     <span class='ocr_line' id='line_1_41' title="bbox 709 4399 3149 4466; baseline -0 -14"><span class='ocrx_word' id='word_1_396' title='bbox 709 4408 742 4452; x_wconf 79' lang='lat'><strong>4</strong></span> <span class='ocrx_word' id='word_1_397' title='bbox 781 4412 833 4450; x_wconf 89' lang='lat' dir='ltr'>nt</span> <span class='ocrx_word' id='word_1_398' title='bbox 872 4405 958 4466; x_wconf 87' lang='lat' dir='ltr'>qni</span> <span class='ocrx_word' id='word_1_399' title='bbox 996 4403 1169 4452; x_wconf 83' lang='lat' dir='ltr'>dicens</span> <span class='ocrx_word' id='word_1_400' title='bbox 1207 4400 1269 4451; x_wconf 90' lang='lat' dir='ltr'><em>M</em></span> <span class='ocrx_word' id='word_1_401' title='bbox 1410 4403 1441 4452; x_wconf 84' lang='lat'>5</span> <span class='ocrx_word' id='word_1_402' title='bbox 1472 4403 1698 4453; x_wconf 81' lang='lat' dir='ltr'>enuntiat</span> <span class='ocrx_word' id='word_1_403' title='bbox 1737 4399 1801 4452; x_wconf 82' lang='lat' dir='ltr'><em>M</em></span> <span class='ocrx_word' id='word_1_404' title='bbox 1936 4404 1969 4453; x_wconf 78' lang='lat'><strong>6</strong></span> <span class='ocrx_word' id='word_1_405' title='bbox 2004 4404 2217 4453; x_wconf 83' lang='lat' dir='ltr'>adieciat</span> <span class='ocrx_word' id='word_1_406' title='bbox 2257 4404 2321 4453; x_wconf 84' lang='lat' dir='ltr'><em>M</em></span> <span class='ocrx_word' id='word_1_407' title='bbox 2456 4406 2484 4453; x_wconf 91' lang='lat'><strong>7</strong></span> <span class='ocrx_word' id='word_1_408' title='bbox 2521 4405 2819 4455; x_wconf 75' lang='lat' dir='ltr'>barbarismi</span> <span class='ocrx_word' id='word_1_409' title='bbox 2855 4404 3046 4455; x_wconf 82' lang='lat' dir='ltr'>litterae</span> <span class='ocrx_word' id='word_1_410' title='bbox 3074 4405 3149 4452; x_wconf 81' lang='lat' dir='ltr'>sie</span> 
     </span>
     <span class='ocr_line' id='line_1_42' title="bbox 574 4473 3149 4540; baseline -0 -18"><span class='ocrx_word' id='word_1_411' title='bbox 574 4481 627 4522; x_wconf 87' lang='lat' dir='ltr'>ut</span> <span class='ocrx_word' id='word_1_412' title='bbox 667 4473 727 4521; x_wconf 87' lang='lat' dir='ltr'><em>M</em></span> <span class='ocrx_word' id='word_1_413' title='bbox 869 4475 934 4524; x_wconf 84' lang='lat'>12</span> <span class='ocrx_word' id='word_1_414' title='bbox 971 4481 1024 4521; x_wconf 86' lang='lat' dir='ltr'>nt</span> <span class='ocrx_word' id='word_1_415' title='bbox 1060 4473 1102 4521; x_wconf 84' lang='lat' dir='ltr'>si</span> <span class='ocrx_word' id='word_1_416' title='bbox 1142 4479 1391 4522; x_wconf 86' lang='lat' dir='ltr'>oratorem</span> <span class='ocrx_word' id='word_1_417' title='bbox 1428 4474 1647 4540; x_wconf 85' lang='lat' dir='ltr'>priorem</span> <span class='ocrx_word' id='word_1_418' title='bbox 1681 4473 1747 4522; x_wconf 89' lang='lat' dir='ltr'><em>M</em></span> <span class='ocrx_word' id='word_1_419' title='bbox 1890 4473 1946 4523; x_wconf 83' lang='lat'>17</span> <span class='ocrx_word' id='word_1_420' title='bbox 1986 4474 2238 4524; x_wconf 87' lang='lat' dir='ltr'>tardernm</span> <span class='ocrx_word' id='word_1_421' title='bbox 2276 4476 2487 4524; x_wconf 69' lang='lat' dir='ltr'>confecit</span> <span class='ocrx_word' id='word_1_422' title='bbox 2523 4475 2851 4526; x_wconf 74' lang='lat' dir='ltr'>Buttmannus</span> <span class='ocrx_word' id='word_1_423' title='bbox 2994 4473 3057 4525; x_wconf 90' lang='lat'>18</span> <span class='ocrx_word' id='word_1_424' title='bbox 3094 4484 3149 4521; x_wconf 86' lang='lat' dir='ltr'>ut</span> 
     </span>
     <span class='ocr_line' id='line_1_43' title="bbox 573 4542 3146 4610; baseline 0 -18"><span class='ocrx_word' id='word_1_425' title='bbox 573 4544 736 4606; x_wconf 78' lang='lat' dir='ltr'>siquis</span> <span class='ocrx_word' id='word_1_426' title='bbox 773 4543 908 4592; x_wconf 84' lang='lat' dir='ltr'>dieat</span> <span class='ocrx_word' id='word_1_427' title='bbox 937 4543 1076 4606; x_wconf 85' lang='lat' dir='ltr'>pices</span> <span class='ocrx_word' id='word_1_428' title='bbox 1112 4543 1287 4592; x_wconf 84' lang='lat' dir='ltr'>dicens</span> <span class='ocrx_word' id='word_1_429' title='bbox 1327 4542 1387 4592; x_wconf 81' lang='lat' dir='ltr'><em>M</em></span> <span class='ocrx_word' id='word_1_430' title='bbox 1561 4543 1629 4592; x_wconf 83' lang='lat'>20</span> <span class='ocrx_word' id='word_1_431' title='bbox 1660 4544 1887 4591; x_wconf 77' lang='lat' dir='ltr'>enuntiat</span> <span class='ocrx_word' id='word_1_432' title='bbox 1918 4543 1984 4592; x_wconf 89' lang='lat' dir='ltr'><em>M</em></span> <span class='ocrx_word' id='word_1_433' title='bbox 2154 4543 2220 4593; x_wconf 79' lang='lat'>23</span> <span class='ocrx_word' id='word_1_434' title='bbox 2258 4554 2311 4593; x_wconf 87' lang='lat' dir='ltr'>ut</span> <span class='ocrx_word' id='word_1_435' title='bbox 2364 4545 2604 4608; x_wconf 82' lang='lat' dir='ltr'>leriquias</span> <span class='ocrx_word' id='word_1_436' title='bbox 2650 4546 2691 4593; x_wconf 77' lang='lat' dir='ltr'>si</span> <span class='ocrx_word' id='word_1_437' title='bbox 2731 4561 2823 4610; x_wconf 86' lang='lat' dir='ltr'>per</span> <span class='ocrx_word' id='word_1_438' title='bbox 2868 4546 2881 4594; x_wconf 94' lang='grc' dir='ltr'>Ι</span> <span class='ocrx_word' id='word_1_439' title='bbox 2932 4546 3146 4595; x_wconf 84' lang='lat' dir='ltr'>litteram</span> 
     </span>
     <span class='ocr_line' id='line_1_44' title="bbox 573 4612 3030 4679; baseline 0.002 -18"><span class='ocrx_word' id='word_1_440' title='bbox 573 4615 972 4677; x_wconf 80' lang='lat' dir='ltr'>pronuntiemus,</span> <span class='ocrx_word' id='word_1_441' title='bbox 1012 4629 1122 4662; x_wconf 86' lang='lat' dir='ltr'>cum</span> <span class='ocrx_word' id='word_1_442' title='bbox 1158 4614 1338 4663; x_wconf 84' lang='lat' dir='ltr'>debeat</span> <span class='ocrx_word' id='word_1_443' title='bbox 1365 4629 1464 4678; x_wconf 81' lang='lat' dir='ltr'>per</span> <span class='ocrx_word' id='word_1_444' title='bbox 1502 4628 1526 4661; x_wconf 90' lang='lat' dir='ltr'>r</span> <span class='ocrx_word' id='word_1_445' title='bbox 1561 4613 1723 4678; x_wconf 83' lang='lat' dir='ltr'>prima</span> <span class='ocrx_word' id='word_1_446' title='bbox 1758 4612 1949 4677; x_wconf 74' lang='lat' dir='ltr'>syllaba</span> <span class='ocrx_word' id='word_1_447' title='bbox 1987 4614 2106 4678; x_wconf 88' lang='lat' dir='ltr'>dici,</span> <span class='ocrx_word' id='word_1_448' title='bbox 2143 4615 2383 4677; x_wconf 83' lang='lat' dir='ltr'>reliquiae</span> <span class='ocrx_word' id='word_1_449' title='bbox 2420 4614 2686 4665; x_wconf 77' lang='lat' dir='ltr'>Diomedes</span> <span class='ocrx_word' id='word_1_450' title='bbox 2717 4630 2771 4677; x_wconf 88' lang='lat' dir='ltr'>p.</span> <span class='ocrx_word' id='word_1_451' title='bbox 2803 4617 2927 4679; x_wconf 78' lang='lat'>452,</span> <span class='ocrx_word' id='word_1_452' title='bbox 2962 4615 3030 4666; x_wconf 85' lang='lat'>30</span> 
     </span>
     <span class='ocr_line' id='line_1_45' title="bbox 572 4680 3148 4749; baseline -0 -16"><span class='ocrx_word' id='word_1_453' title='bbox 572 4684 640 4733; x_wconf 78' lang='lat'>25</span> <span class='ocrx_word' id='word_1_454' title='bbox 675 4681 870 4749; x_wconf 86' lang='lat' dir='ltr'>dicens]</span> <span class='ocrx_word' id='word_1_455' title='bbox 915 4683 1047 4732; x_wconf 83' lang='lat' dir='ltr'>dicat</span> <span class='ocrx_word' id='word_1_456' title='bbox 1088 4683 1152 4732; x_wconf 88' lang='lat' dir='ltr'><em>M</em></span> <span class='ocrx_word' id='word_1_457' title='bbox 1287 4684 1353 4736; x_wconf 85' lang='lat'>30</span> <span class='ocrx_word' id='word_1_458' title='bbox 1389 4680 1603 4748; x_wconf 83' lang='lat' dir='ltr'>aliquos]</span> <span class='ocrx_word' id='word_1_459' title='bbox 1649 4684 1776 4732; x_wconf 87' lang='lat' dir='ltr'>alios</span> <span class='ocrx_word' id='word_1_460' title='bbox 1806 4682 2026 4733; x_wconf 71' lang='lat' dir='ltr'>Clemens</span> <span class='ocrx_word' id='word_1_461' title='bbox 2167 4685 2234 4733; x_wconf 82' lang='lat'>32</span> <span class='ocrx_word' id='word_1_462' title='bbox 2277 4685 2482 4735; x_wconf 71' lang='lat' dir='ltr'>diat-isis</span> <span class='ocrx_word' id='word_1_463' title='bbox 2520 4684 2582 4732; x_wconf 87' lang='lat' dir='ltr'><em>M</em></span> <span class='ocrx_word' id='word_1_464' title='bbox 2722 4686 2899 4735; x_wconf 84' lang='lat' dir='ltr'>modos</span> <span class='ocrx_word' id='word_1_465' title='bbox 2933 4703 3025 4736; x_wconf 85' lang='lat' dir='ltr'>om.</span> <span class='ocrx_word' id='word_1_466' title='bbox 3069 4683 3148 4744; x_wconf 85' lang='lat' dir='ltr'>M,</span> 
     </span>
    </p>
   </div>
   <div class='ocr_carea' id='block_1_5' title="bbox 471 4751 3153 4806">
    <p class='ocr_par' dir='ltr' id='par_1_5' title="bbox 471 4751 3153 4806">
     <span class='ocr_line' id='line_1_46' title="bbox 471 4751 3153 4806; baseline 0.001 -5"><span class='ocrx_word' id='word_1_467' title='bbox 471 4761 478 4767; x_wconf 84' lang='lat'><em>&#39;</em></span> <span class='ocrx_word' id='word_1_468' title='bbox 574 4752 695 4806; x_wconf 79' lang='lat' dir='ltr'>add.</span> <span class='ocrx_word' id='word_1_469' title='bbox 734 4754 955 4804; x_wconf 67' lang='lat' dir='ltr'>Clemens</span> <span class='ocrx_word' id='word_1_470' title='bbox 1093 4751 1158 4802; x_wconf 80' lang='lat'>34</span> <span class='ocrx_word' id='word_1_471' title='bbox 1192 4754 1650 4802; x_wconf 81' lang='lat' dir='ltr'>animadvertemus</span> <span class='ocrx_word' id='word_1_472' title='bbox 1690 4753 2019 4804; x_wconf 76' lang='lat' dir='ltr'>Buttmannus</span> <span class='ocrx_word' id='word_1_473' title='bbox 2053 4755 2501 4804; x_wconf 86' lang='lat' dir='ltr'>animaduertimus</span> <span class='ocrx_word' id='word_1_474' title='bbox 2537 4756 2601 4805; x_wconf 89' lang='lat' dir='ltr'><em>M</em></span> <span class='ocrx_word' id='word_1_475' title='bbox 2733 4756 2802 4805; x_wconf 80' lang='lat'>36</span> <span class='ocrx_word' id='word_1_476' title='bbox 2838 4758 3049 4806; x_wconf 82' lang='lat' dir='ltr'>diarisin</span> <span class='ocrx_word' id='word_1_477' title='bbox 3088 4755 3153 4803; x_wconf 77' lang='lat' dir='ltr'><em>M</em></span> 
     </span>
    </p>
   </div>
   <div class='ocr_carea' id='block_1_6' title="bbox 710 4821 2512 4904">
    <p class='ocr_par' dir='ltr' id='par_1_6' title="bbox 710 4821 2512 4904">
     <span class='ocr_line' id='line_1_47' title="bbox 710 4821 2512 4904; baseline -0.002 -33"><span class='ocrx_word' id='word_1_478' title='bbox 710 4821 776 4872; x_wconf 86' lang='lat'>37</span> <span class='ocrx_word' id='word_1_479' title='bbox 815 4833 890 4872; x_wconf 86' lang='lat' dir='ltr'>est</span> <span class='ocrx_word' id='word_1_480' title='bbox 923 4839 1013 4875; x_wconf 87' lang='lat' dir='ltr'>om.</span> <span class='ocrx_word' id='word_1_481' title='bbox 1057 4822 1123 4871; x_wconf 89' lang='lat' dir='ltr'><em>M</em></span> <span class='ocrx_word' id='word_1_482' title='bbox 1258 4839 1345 4888; x_wconf 86' lang='lat' dir='ltr'>per</span> <span class='ocrx_word' id='word_1_483' title='bbox 1381 4822 1717 4887; x_wconf 85' lang='lat' dir='ltr'>episinaliphe</span> <span class='ocrx_word' id='word_1_484' title='bbox 1758 4822 1821 4869; x_wconf 84' lang='lat' dir='ltr'><em>M</em></span> <span class='ocrx_word' id='word_1_485' title='bbox 2492 4872 2512 4904; x_wconf 50' lang='lat'><strong>⁴</strong></span> 
     </span>
    </p>
   </div>
  </div>
 </body>
</html>
