3541 5564
586 380 712 444 634
1701 382 2055 443 MACROBu

642 473 679 542 [ι.
712 492 794 530 145.
823 493 872 531 ω
904 490 953 529 v.

1808 603 1943 684 III

1478 757 1652 828 DE
1760 756 2271 827 VERBO

756 1151 1114 1230 Saepissime
1163 1147 1271 1208 tibi
1320 1150 1681 1227 requirenti,
1744 1148 2134 1207 disertissime
2181 1148 2579 1207 studiosorum
2628 1149 2873 1217 Severe,
2922 1149 3167 1209 verbum

585 1254 877 1312 sermonis
924 1271 1033 1313 usu
1078 1269 1158 1310 an
1206 1252 1435 1311 ratione
1482 1251 1741 1309 alicuius
1785 1252 2024 1325 regulae
2071 1250 2384 1325 dirigatur,
2434 1269 2500 1307 ae
2558 1251 2908 1328 postulanti,
2971 1253 3166 1331 siquid

586 1372 765 1432 super
811 1373 880 1411 eo
927 1353 1278 1413 declinando
1323 1354 1614 1430 scriptum
1663 1352 1748 1411 vel
1812 1352 2092 1412 traditum
2136 1353 2436 1417 noverim,
2497 1360 2558 1411 ut
2605 1352 2913 1423 docerem,
2976 1352 3168 1413 [iben-
3196 1366 3222 1402 5

586 1457 811 1515 tissime
872 1458 1062 1533 parui,
1109 1474 1224 1534 quo
1285 1463 1344 1513 et
1388 1456 1682 1515 amicitiae
1730 1453 1932 1514 debito
1978 1455 2174 1512 officio
2205 1456 2488 1529 fungerer
2534 1462 2590 1513 et
2638 1472 2667 1512 a
2714 1472 2924 1531 graeca
2971 1455 3168 1531 lingua

587 1576 887 1617 romanam
962 1556 1138 1616 nullis
1205 1564 1305 1616 aut
1373 1561 1575 1635 paucis
1644 1556 1958 1616 admodum
2027 1556 2405 1615 ostenderent}
2467 1555 2926 1635 discrepantem.
3016 1575 3168 1635 qnae

585 1661 769 1735 igitur
815 1658 900 1717 vel
948 1660 1266 1737 antiquitas
1313 1659 1652 1735 vestigando
1699 1657 1788 1716 vel
1835 1660 2149 1736 posteritas
2195 1659 2419 1737 reperit
2477 1659 2852 1736 exsequendo
2905 1661 2961 1719 iu
3012 1660 3169 1719 lmnc

586 1759 850 1820 libellum
911 1761 1131 1820 contuli
1191 1762 1396 1820 stricto
1451 1778 1722 1820 sermone
1781 1759 2076 1840 decerpta.
2167 1760 2537 1819 doctissimas
2593 1761 2750 1820 enim
2807 1780 2981 1821 aures
3040 1771 3171 1822 tuas

584 1881 700 1922 uon
746 1870 865 1922 tam
911 1863 1287 1923 instruendas
1332 1862 1560 1921 credidi
1606 1881 1780 1941 quam
1825 1861 2299 1921 commonendas
3200 1874 3249 1910 ¹⁰

758 1962 817 2040 [u
867 1966 1078 2042 primis
1124 1967 1306 2042 igitur
1351 1966 1818 2041 coniugationes,
1866 1984 2010 2043 quas
2055 1965 2126 2024 IV
2172 1965 2413 2024 omnino
2471 1983 2578 2023 nec
2626 1965 2878 2042 amplius
2924 1967 3168 2045 recepit,

583 2066 652 2125 ad
699 2064 1150 2126 similitudinem
1198 2066 1712 2125 circumflexilium
1761 2065 1914 2144 apud
1949 2066 2202 2125 Graec-os
2238 2065 2551 2125 verborum
2599 2084 2670 2124 ex
2725 2069 2982 2127 secunda
3029 2087 3165 2146 per-

581 2188 725 2228 sona
770 2173 995 2248 primae
1045 2169 1362 2247 positionis
1409 2171 1806 2244 agnoscunt&
1877 2186 2010 2226 cum
2058 2168 2305 2246 primam
2354 2188 2404 2233 a,
2451 2167 2770 2227 secundam
2818 2188 2880 2235 e,
2929 2171 3166 2229 tertiam

582 2274 596 2329 i
659 2272 829 2331 modo
886 2271 1201 2350 producta,
1262 2270 1431 2330 modo
1488 2278 1790 2348 correpta,
1854 2268 1941 2328 vel
2008 2277 2142 2328 aute
2203 2269 2460 2329 litteram
2518 2268 2603 2328 vel
2673 2277 2807 2330 aute
2877 2271 3164 2349 syllabam

580 2392 845 2454 quaeque
904 2375 1093 2452 posita
1152 2372 1450 2448 designet:
1501 2379 1634 2431 ante
1693 2371 1952 2431 litteram
1999 2371 2237 2450 quidem
2286 2372 2342 2430 in
2393 2371 2484 2431 his
2543 2389 2694 2448 quae
2742 2392 2794 2440 ο,
2866 2379 3001 2432 ante
3049 2372 3164 2451 syl·
3200 2386 3246 2423 ¹⁵

579 2474 768 2534 labam
818 2494 957 2533 vero
1000 2476 1062 2533 in
1109 2474 1203 2533 his
1247 2493 1397 2553 quae
1444 2491 1511 2531 or
1559 2476 1973 2540 terminantur,
2024 2480 2084 2532 ut
2129 2492 2260 2533 amo
2292 2492 2468 2541 amaS,
2517 2473 2702 2532 doceo
2748 2474 2940 2541 doces,
2989 2476 3168 2535 audio

578 2577 764 2643 audis,
814 2576 942 2653 lego
989 2577 1155 2652 legiS,
1205 2595 1367 2634 amor
1413 2578 1660 2640 amaris,
1732 2566 1958 2634 doceor
1995 2575 2252 2637 doceris,
2302 2574 2509 2634 audior
2555 2575 2808 2643 audiriS,
2871 2576 3034 2654 legor
3082 2577 3167 2636 le-

578 2680 758 2753 geris.
850 2679 1025 2736 tertia
1084 2679 1236 2737 enim
1300 2686 1573 2755 correpta
1631 2677 1742 2736 hoe
1799 2696 1831 2735 a
1877 2679 2096 2736 ceteris
2150 2676 2358 2741 distat.
2418 2678 2573 2755 quod
2640 2678 2697 2736 in
2747 2677 2838 2735 his
2898 2697 3048 2756 quae
3097 2698 3166 2738 or

580 2782 976 2839 terminantur
1023 2782 1039 2839 i
1089 2782 1149 2839 in
1198 2800 1229 2838 e
1276 2780 1588 2838 convertit.
1681 2778 1815 2838 ideo
1873 2787 2067 2839 autem
2125 2778 2380 2839 diximus
2436 2780 2497 2838 in
2545 2777 2638 2838 his
2682 2797 2830 2858 quae
2877 2801 2911 2837 o
2957 2780 3048 2840 vel
3096 2801 3165 2840 or

583 2884 994 2950 terminantur,
1042 2884 1322 2960 qnoniam
1368 2885 1782 2941 universorum
1827 2899 1975 2960 quae
2024 2879 2178 2958 apud
2225 2899 2326 2938 eos
2385 2880 2742 2964 regulariter
2787 2882 3164 2942 declinantur
3193 2895 3244 2931 2⁰

581 2982 688 3042 liae
737 2984 884 3043 duae
935 2991 1159 3043 tantum
1208 2983 1377 3042 modo
1422 2992 1557 3043 suut
1604 2982 1864 3061 syllabae
1910 2982 2272 3043 terminales.
2364 3002 2497 3043 nant
2544 3002 2610 3041 ea
2657 3002 2804 3062 quae
2861 3004 2915 3043 m
2968 2982 3056 3064 [et
3101 2983 3159 3064 s]

580 3095 639 3145 et
683 3095 706 3144 t
752 3083 760 3167 Ι
812 3086 899 3146 vei
944 3087 959 3144 i
1010 3084 1226 3144 litteris
1272 3087 1556 3144 liniuntur
1601 3084 1786 3143 solius
1833 3086 2186 3144 auctoritate
2233 3084 2507 3143 lectionis
2539 3103 2648 3144 nec
2697 3085 2874 3148 ullins
2919 3105 3164 3146 normae

582 3187 707 3264 lege
775 3189 1113 3252 firmantur,
1185 3194 1248 3246 ut
1304 3206 1430 3246 sum
1490 3206 1552 3243 es
1609 3192 1717 3254 est,
1764 3204 2032 3265 quaeque
2079 3205 2150 3244 ex
2197 3205 2266 3245 eo
2333 3193 2774 3265 conponuntur,
2835 3196 2897 3246 ut
2957 3189 3163 3247 adsum

578 3308 817 3368 prosum
866 3290 1070 3348 desum
1121 3307 1355 3367 possum
1403 3295 1570 3367 potes
1617 3295 1830 3366 potest,
1881 3288 2076 3348 taedet
2119 3289 2303 3366 pudet
2348 3291 2508 3366 piget
2541 3289 2679 3348 licet
2733 3290 2977 3348 miseret
3023 3308 3160 3369 pae-

576 3395 743 3458 nitet,
792 3390 887 3450 odi
937 3394 1068 3450 novi
1115 3392 1378 3456 memini,
1426 3410 1573 3468 quae
1621 3392 1798 3449 etiam
1845 3390 2130 3448 defectiva
2191 3389 2486 3455 dicuntur,
2533 3390 2689 3469 quod
2737 3390 3008 3468 plurimis
3054 3392 3157 3450 de·
3192 3404 3243 3442 25

580 3495 792 3559 ticiaut,
833 3501 895 3551 ut
926 3492 1445 3569 coniugationibus
1474 3491 1799 3568 generibus
1832 3492 2022 3551 modis
2052 3490 2420 3571 temporibus
2452 3494 2800 3570 participiis,
2837 3491 2908 3550 de
2941 3492 3164 3571 quibus

576 3603 634 3654 et
680 3597 826 3674 ipsis
870 3594 1238 3673 postmodum
1289 3594 1669 3654 disserenms’.

748 3696 946 3756 Medos
991 3698 1188 3763 etiam,
1237 3715 1385 3774 quos
1432 3697 1515 3756 illi
1567 3692 1897 3772 ἐγκλίσεις
1942 3694 2258 3773 appellant,
2308 3696 2547 3756 eosdem
2580 3715 2646 3755 ac
2679 3679 2866 3775 paeiie
2913 3697 3161 3759 totidem

578 3797 796 3857 hahere
855 3806 1209 3864 noscuntur,
1278 3798 1663 3857 imlirativum
1711 3799 2128 3875 imperativum
2197 3799 2520 3875 optativum
2586 3796 3022 3858 subiunctivum
3069 3802 3160 3860 in·

578 3900 823 3965 tinitmn,
873 3918 1047 3978 quem
1095 3900 1164 3959 ad
1199 3899 1437 3958 modum
1470 3901 1678 3958 Graeci
1715 3891 2062 3976 ὁριστικήν
2094 3891 2590 3977 προστακτικήν
2637 3892 2953 3978 εὐκτικὴν
2989 3892 3162 3962 ὑπο-
3190 3915 3241 3953 ³0

578 3994 899 4078 τακτικὴν
957 3993 1464 4080 ἀπαρέμφατον.
1556 4020 1691 4060 nam
1739 4001 2133 4078 inpersoualis
2177 4019 2291 4060 non
2341 4001 2547 4060 modus
2594 4003 2777 4077 magis
2822 4010 2938 4070 est,
2985 4022 3165 4082 quam

578 4103 759 4164 altera
807 4103 1124 4163 declinatio
1172 4105 1347 4162 unius
1392 4105 1678 4181 cuiusque
1728 4101 1894 4161 verbi
1942 4106 2068 4162 sine
2117 4104 2389 4180 personis
2433 4122 2500 4162 ac
2546 4104 2810 4162 numeris
2842 4123 2950 4182 per
2980 4123 3160 4184 supra

577 4204 767 4264 dictos
814 4204 1016 4264 modos
1062 4205 1385 4284 eademque
1435 4213 1697 4283 tempora
1744 4205 2087 4272 decurrens,
2116 4205 2287 4283 vquod
2322 4213 2381 4264 et
2427 4206 2617 4283 ipsum
2651 4208 3164 4284 tamen.reperies

745 4379 800 4432 B
846 4381 1031 4434 codex
1076 4380 1379 4434 Bobiensis
1424 4396 1578 4434 mene
1629 4379 2069 4434 Vindobonensis
2123 4379 2191 4434 17

708 4598 742 4644 4
777 4598 1024 4644 sermonis
1061 4632 1219 4647 .....
1256 4597 1445 4642 ratium·
1481 4632 1527 4643 ..
1550 4633 1561 4645 .
1599 4596 1744 4642 cuius
1780 4593 1859 4642 B:
1892 4595 2142 4657 supplevit
2166 4594 2246 4642 erl.
2268 4593 2421 4642 Vtiaed.
2586 4596 2614 4642 7
2652 4608 2914 4643 romanum
2955 4594 3006 4644 l›‘

579 4668 638 4712 12
676 4675 916 4713 exsecuta
952 4680 1203 4729 personae
1228 4681 1362 4712 eor-r.
1388 4680 1452 4711 ex
1478 4664 1701 4711 secunda
1729 4678 1949 4727 persona
1974 4662 2024 4709 Η
2128 4665 2188 4710 15
2212 4671 2327 4710 ante
2356 4664 2516 4709 littera
2542 4663 2740 4724 quidem
2771 4661 2821 4709 B
2931 4665 2993 4713 18
3021 4666 3157 4725 quod

575 4734 686 4780 aliis
721 4748 859 4781 corr.
887 4735 1019 4795 quod
1059 4735 1107 4780 iu
1137 4733 1215 4780 liis
1244 4732 1291 4779 B
1427 4734 1489 4778 '21
1519 4730 1639 4777 llaec
1665 4732 1796 4777 duae
1823 4731 1872 4778 B
2027 4732 2090 4778 ‘2⁶2
2127 4731 2284 4791 solius
2319 4731 2617 4778 auctoritate
2655 4729 2733 4778 uel
2771 4730 3083 4781 lectionibus
3111 4732 3160 4780 R

515 4793 518 4802 ’
576 4800 683 4846 sola
710 4803 1007 4848 auctoritate
1033 4801 1109 4848 uel
1140 4801 1437 4848 lectionibus
1469 4799 1624 4847 lanus·
1777 4801 1842 4848 27
1879 4799 2168 4848 deseremus
2199 4798 2245 4846 B
2400 4799 2464 4846 28
2501 4799 2594 4861 ipsi
2619 4813 2754 4850 corr.
2782 4798 2854 4846 illi
2881 4799 2931 4847 Β
3069 4803 3162 4850 toti

575 4867 704 4914 idem
736 4867 784 4914 Β
921 4871 985 4917 29
1020 4867 1395 4915 coniunctiuum
1424 4883 1560 4917 corr.
1587 4867 1968 4915 subiunctiuum
1991 4866 2041 4915 B
