3541 5564
550 260 677 326 432
1697 262 1990 326 PHOCAE

603 385 645 426 p.
673 374 763 413 3⁴5.
788 374 839 413 46
869 371 911 412 L.
2751 386 2792 427 p.
2826 376 2938 415 1113.
2968 376 3017 414 u
3037 373 3080 417 Ρ.

449 524 457 534 ·
552 454 660 515 cali
711 452 925 533 [paveo
968 454 1134 531 pavi,
1180 470 1356 511 caveo
1401 448 1594 531 cavi],
1642 453 1704 511 in
1751 454 1801 511 si
1849 459 1907 511 et
1952 455 2042 523 xi,
2089 472 2238 533 quae
2284 455 2442 513 inter
2485 461 2730 533 excepta
2777 453 3134 515 notabimuS.

552 575 695 635 ergo
750 557 949 617 omnia
996 554 1174 614 verba
1232 554 1525 614 secundae
1582 556 2022 632 coniugationis
2077 554 2343 635 qualibet
2386 565 2746 617 consonante
2792 559 3135 638 praeposita

553 679 623 720 eo
668 657 910 738 syllabis
967 658 1355 736 praeteritum
1414 658 1746 736 perfectum
1792 659 1855 717 in
1901 659 1962 717 ui
2007 636 2280 729 mittunt,
2339 664 2404 717 ut
2446 658 2637 719 habeo
2683 659 2894 730 habui,
2944 659 3135 721 debeo

553 761 764 829 debui,
812 759 1000 820 rubeo
1031 758 1242 827 rubui,
1290 759 1473 819 doceo
1504 760 1710 829 docui,
1759 767 1927 822 taceo
1963 762 2148 829 tacui,
2195 763 2421 821 misceo
2451 763 2693 831 miscui,
2742 764 2908 822 iaceo
2954 764 3133 833 iacui,

553 883 737 924 noceo
783 863 990 933 nocui,
1040 880 1214 923 arceo
1260 863 1455 931 arcui,
1503 861 1784 940 splendeo
1831 862 2132 941 splendui‚
2198 864 2420 924 candeo
2466 864 2711 933 candui,
2759 864 2966 925 madeo
3011 884 3133 926 ma·
3162 890 3189 930 5

555 967 685 1035 dui,
749 982 894 1042 egeo
951 966 1117 1042 egui,
1180 964 1390 1042 langeo
1460 964 1691 1041 langui,
1762 966 1931 1043 vigeo
1996 966 2189 1042 vigui,
2258 967 2428 1044 rigeo
2485 967 2673 1043 rigui,
2731 965 2894 1027 caleo
2953 968 3133 1037 calui,

555 1069 727 1130 doleo
785 1067 978 1137 dolui,
1038 1066 1166 1127 oleo
1223 1066 1374 1136 olui,
1433 1066 1621 1145 palleo
1676 1066 1893 1146 pallui,
1952 1068 2132 1127 timeo
2193 1068 2396 1138 timui,
2461 1075 2634 1128 teneo
2694 1070 2892 1138 tenui,
2952 1087 3136 1130 caneo

556 1173 759 1240 canui,
806 1178 978 1249 tepeo
1026 1171 1217 1247 tepui,
1265 1175 1472 1248 torpeo
1517 1171 1744 1248 torpui,
1803 1187 1983 1248 pareo
2027 1172 2230 1248 parui,
2277 1189 2452 1231 careo
2498 1172 2697 1239 carui,
2746 1172 2909 1230 vireo
2954 1173 3131 1241 virui,

556 1274 740 1334 floreo
771 1271 976 1340 florui,
1024 1272 1241 1331 horreo
1270 1270 1507 1341 horrui,
1556 1290 1772 1332 censeo
1816 1273 2051 1342 censui,
2100 1274 2262 1332 niteo
2303 1274 2484 1341 nimi,
2533 1280 2706 1353 pateo
2746 1275 2935 1353 patui.
3024 1291 3127 1333 ex-

559 1377 864 1455 cipiuntur
932 1392 1118 1453 pauca
1175 1391 1326 1453 quae
1384 1375 1445 1433 in
1503 1375 1554 1434 si
1610 1373 1893 1453 syllabam
1953 1376 2196 1435 mittunt
2251 1377 2672 1453 praeteritum,
2729 1374 2907 1435 iubeo
2964 1378 3133 1446 iussi,
3168 1399 3218 1439 10

558 1477 790 1538 mulceo
868 1476 1073 1545 mulsi,
1156 1475 1393 1553 mulgeo
1469 1476 1672 1545 mulsi,
1759 1476 1930 1554 algeo
1996 1476 2133 1547 alsi,
2216 1476 2411 1554 fulgeo
2492 1476 2661 1546 fulsi,
2738 1478 2918 1539 ardeo
2996 1480 3136 1547 arsi,

558 1580 780 1641 suadeo
826 1580 1014 1647 suasi,
1075 1597 1283 1638 maneo
1327 1580 1550 1647 mansi,
1609 1579 1828 1640 haereo
1873 1578 2070 1646 haesi,
2130 1578 2297 1638 rideo
2342 1580 2480 1648 risi,
2528 1585 2777 1659 torqueo
2823 1583 3000 1650 torsi,
3047 1582 3138 1640 111-

561 1681 774 1759 dulgeo
834 1681 1078 1742 indulsi.
1169 1680 1242 1740 de
1302 1698 1487 1758 urgeo
1542 1689 1602 1740 et
1660 1689 1871 1759 turgeo
1929 1678 2271 1758 ambigitur.
2361 1680 2474 1741 alia
2531 1683 2593 1741 in
2638 1684 2730 1751 xi,
2777 1682 2950 1759 lugeo
2995 1682 3140 1750 luxi,

560 1786 751 1862 frigeo
797 1785 959 1845 frixi.
1036 1783 1131 1843 illa
1181 1786 1241 1843 in
1268 1781 1345 1843 'vi
1392 1784 1782 1862 praeteritum
1826 1784 2099 1851 mittunt,
2145 1800 2296 1861 quae
2342 1784 2405 1843 in
2449 1785 2639 1861 prima
2684 1801 2938 1863 persona
2981 1783 3140 1844 modi

561 1886 868 1947 indicativi
925 1887 1215 1964 temporis
1270 1886 1608 1964 praesentis
1665 1904 1700 1942 v
1753 1891 1889 1945 ante
1958 1903 2028 1944 eo
2093 1866 2343 1954 haberit,
2411 1892 2470 1943 et
2522 1889 2777 1966 primam
2833 1886 3141 1965 syllabam,
3173 1905 3255 1958 151

561 2007 734 2068 quam
782 1990 842 2048 in
889 1989 1191 2067 praesenti
1239 1994 1506 2066 tempore
1553 1986 1826 2057 brevem,
1882 1988 1946 2047 in
2001 1989 2326 2065 praeterito
2370 1986 2604 2064 longam
2648 1987 2900 2058 habent,
2949 1995 3013 2048 ut
3055 1989 3141 2049 sa-

561 2110 669 2151 veo
714 2091 859 2159 favi,
908 2108 1092 2169 paveo
1137 2091 1300 2169 pavi,
1348 2091 1517 2150 foveo
1563 2090 1711 2157 fovi,
1758 2107 1964 2150 moveo
2009 2090 2195 2157 movi,
2244 2107 2421 2150 caveo
2467 2091 2614 2159 cavi,
2663 2108 2840 2150 voveo
2886 2093 3035 2161 vovi,
3084 2098 3144 2152 et

563 2212 712 2273 quae
758 2212 831 2252 ex
876 2192 972 2251 his
1023 2200 1477 2271 componuntur.
1565 2186 1890 2271 quaedam,
1948 2209 2304 2271 quamquam
2359 2193 2420 2251 in
2477 2194 2775 2270 praesenti
2831 2211 2949 2253 non
3007 2200 3145 2253 sunt

565 2294 786 2356 similia
833 2293 1275 2373 superioribuS,
1311 2296 1701 2372 praeteritum
1734 2300 1931 2353 tamen
1977 2295 2039 2354 in
2072 2296 2127 2353 vi
2160 2295 2403 2353 mittunt
2446 2295 2733 2372 producta
2777 2294 3141 2373 paenultima

563 2395 806 2476 syllaba,
854 2413 966 2455 neo
1014 2398 1167 2464 nevi,
1217 2395 1328 2455 sseo
1373 2396 1537 2464 flevi,
1585 2398 1714 2455 cieo
1759 2398 1904 2465 civi,
1952 2396 2169 2474 impleo
2216 2395 2473 2474 implevi,
2521 2396 2786 2475 compleo
2832 2397 3139 2476 complevi,
3171 2419 3227 2458 so

563 2498 774 2577 expleo
831 2497 1092 2575 explevi,
1152 2497 1323 2559 deleo
1380 2496 1590 2558 delevi.
1678 2517 1798 2558 non
1845 2498 2091 2559 multum
2148 2496 2223 2557 ab
2269 2497 2361 2557 his
2410 2493 2432 2579 ΙΙ
2482 2498 2823 2577 discrepare
2870 2498 3146 2560 videntur

566 2604 746 2661 etiam
791 2600 939 2659 haec
984 2618 1237 2679 quorum
1282 2601 1475 2679 prima
1520 2600 1741 2679 syllaba
1788 2603 1850 2661 in
1895 2601 2220 2679 praeterito
2263 2619 2333 2660 ex
2379 2607 2652 2679 correpta
2698 2600 2857 2661 cadit
2901 2603 2963 2661 in
3007 2620 3145 2681 pro-

566 2702 835 2771 ductam,
897 2702 1075 2761 sedeo
1130 2702 1291 2771 sedi,
1349 2702 1521 2762 video
1579 2703 1722 2762 vidi.
1814 2710 2020 2763 contra
2078 2703 2343 2763 omnium
2408 2703 2675 2780 regulam
2731 2709 2821 2763 est
2885 2704 3147 2784 prandeo

563 2805 798 2885 prandi.
886 2804 1173 2883 quaedam
1219 2812 1360 2865 sunt
1401 2807 1464 2866 in
1509 2805 1768 2867 secunda
1816 2807 2233 2883 coniugatione
2278 2823 2528 2884 quorum
2573 2807 2962 2884 praeteritum
3010 2825 3146 2886 per-

566 2909 787 2969 fectum
833 2908 1085 2967 iteratur
1130 2926 1237 2985 per
1283 2910 1535 2987 primam
1581 2906 1894 2988 syllabam,
1955 2907 2103 2967 haec
2149 2907 2301 2977 sola,
2359 2908 2588 2986 pendeo
2632 2907 2920 2987 pependi,
2968 2927 3145 2987 spon·
3174 2932 3228 2973 25

567 3011 678 3071 deo
725 3009 1043 3087 spopondi,
1092 3010 1308 3069 tondeo
1354 3012 1611 3079 totondi,
1660 3011 1903 3071 mordeo
1947 3010 2257 3070 momordi.
2347 3027 2496 3089 quae
2543 3009 2871 3089 adsumptis
2920 3007 2927 3075 Ι
2975 3029 3146 3091 prae-

569 3111 967 3191 positionibus
1013 3130 1129 3171 non
1175 3110 1383 3173 eodem
1429 3112 1602 3173 modo
1648 3111 2009 3192 proferenda
2053 3119 2221 3172 sunt:
2270 3130 2404 3172 nam
2450 3111 2734 3191 despondi
2781 3119 2844 3170 et
2887 3112 3144 3191 dependi

570 3221 631 3274 ct
676 3214 924 3294 rependi
971 3221 1031 3274 et
1075 3214 1314 3274 detondi
1363 3215 1637 3276 dicimuS.
1729 3214 1802 3274 de
1847 3216 2311 3294 neutropassivis
2355 3213 2591 3274 abunde
2637 3214 2861 3274 dictum
2906 3222 3018 3276 est.

737 3315 940 3376 Tertia
987 3318 1326 3393 coniugatio
1372 3324 1676 3396 correpta,
1738 3336 1889 3397 quae
1937 3317 2257 3378 secundam
2301 3335 2613 3395 personam
2658 3318 2721 3376 111
2766 3317 2819 3376 is
2863 3315 3150 3396 syllabam

569 3419 755 3479 mittit
817 3421 878 3478 in
945 3420 1295 3498 imperativo
1351 3420 1525 3479 modo
1578 3421 1639 3478 in
1697 3439 1728 3479 e
1791 3420 2023 3479 solitam
2078 3420 2371 3486 converti,
2430 3420 2821 3498 praeteritum
2879 3437 2987 3497 per
3043 3419 3229 3481 basso

573 3519 829 3601 syllabas
874 3520 1074 3589 ell'ert,
1122 3522 1182 3579 in
1232 3522 1291 3579 ui
1335 3523 1673 3602 praeposita
1720 3528 2112 3590 consonante,
2159 3524 2222 3581 in
2267 3523 2324 3581 vi
2369 3522 2708 3601 praeposita
2751 3521 2971 3589 vocali,
3019 3523 3082 3580 in
3126 3523 3147 3581 i

570 3629 929 3684 consonante
975 3620 1241 3701 qualibet
1285 3625 1652 3702 praeposita,
1713 3625 1776 3684 in
1821 3626 1907 3693 si,
1966 3624 2030 3683 in
2073 3624 2155 3682 xi.
2244 3623 2347 3683 sed
2404 3623 2501 3683 illa
2545 3624 2935 3702 praeteritum
2979 3625 3042 3684 111
3086 3626 3151 3684 ui

742 3843 809 3896 29
847 3845 990 3895 tertia
1018 3845 1307 3910 coniugatio
1349 3844 1499 3897 clema
1536 3844 1656 3905 244,
1693 3845 1780 3897 22.
1816 3860 1932 3899 exc.
1967 3843 2120 3897 Char.
2160 3843 2282 3908 564,
2323 3841 2389 3894 39

738 4070 764 4120 1
806 4070 1091 4120 notabimus
1124 4083 1158 4126 ς
1195 4069 1485 4118 notauimns
1519 4069 1628 4118 PF
1785 4068 1817 4119 3
1861 4084 1920 4118 eo
1966 4067 2178 4133 syllabis
2220 4068 2598 4119 Lindemannus
2642 4082 2701 4117 eo
2750 4066 2975 4132 syllabae
3009 4070 3057 4117 P
3090 4083 3152 4117 eo

571 4140 767 4207 syllaba
797 4141 931 4205 ryg
1072 4148 1126 4189 ut
1161 4138 1319 4188 babeo
1358 4139 1518 4188 debeo
1551 4137 1705 4188 rubeo
1744 4140 1891 4187 rubni
1932 4139 2093 4188 babeo
2127 4137 2274 4187 docui
2319 4139 2368 4186 P
2403 4149 2456 4187 ut
2485 4137 2645 4187 habeo
2679 4138 2774 4189 deo
2805 4139 2959 4186 rubeo
2996 4138 3155 4187 doceo

571 4211 724 4262 docui
752 4209 801 4258 F
900 4210 932 4259 5
971 4211 1152 4260 madeo
1191 4209 1363 4258 madui
1392 4225 1485 4258 om.
1528 4209 1603 4257 F.-
1640 4208 1819 4257 madeo
1860 4209 2031 4258 madni
2072 4223 2225 4273 egreo
2263 4209 2407 4273 egrui
2449 4225 2482 4264 ς
2584 4207 2618 4258 6
2654 4208 2869 4272 langueo
2906 4209 3049 4263 1⁹ch

574 4282 721 4346 vigeo
750 4279 891 4346 vigui
915 4295 1006 4331 om.
1035 4280 1126 4336 Fe
1222 4279 1252 4327 7
1284 4290 1427 4331 teneo
1454 4280 1588 4328 tenui
1614 4293 1768 4328 caneo
1803 4279 2069 4330 0311011100
2103 4282 2213 4329 loco
2236 4293 2325 4329 om.
2359 4278 2504 4333 PFs·
2608 4278 2641 4328 9
2678 4280 2813 4327 niteo
2842 4277 2977 4326 niteo
3004 4285 3154 4342 pateo

571 4350 715 4416 patui
753 4357 898 4398 teneo
937 4350 1074 4398 tenui
1113 4364 1272 4399 caneo
1309 4350 1456 4400 canui
1491 4350 1819 4415 excipiuntur
1858 4349 1941 4405 Ρς
1966 4349 2100 4398 niteo
2128 4349 2253 4397 nitui
2289 4364 2445 4397 caneo
2483 4349 2630 4399 canui
2662 4348 2984 4412 excipiuntur
3006 4349 3057 4397 P

577 4420 636 4470 11
690 4419 885 4469 mulceo
926 4417 1095 4485 mulsi]
1140 4419 1303 4470 1110100
1338 4419 1483 4469 1110101
1522 4420 1569 4468 F
1667 4419 1872 4485 mulgeo
1912 4417 2061 4468 mulsi
2101 4434 2190 4468 om.
2226 4418 2342 4473 PF.
2378 4418 2499 4471 add.
2529 4434 2562 4473 ς
2681 4416 2744 4468 13
2781 4418 2845 4467 de
2876 4432 3068 4484 urgueo
3105 4424 3156 4466 et

575 4498 791 4555 turgueo
828 4492 879 4539 P
983 4491 1045 4543 17
1080 4491 1195 4556 pavi
1229 4517 1293 4526 —
1334 4504 1512 4540 moveo
1548 4504 1639 4542 om.
1667 4490 1718 4539 P
1824 4488 1886 4539 18
1924 4489 2170 4552 quaedam
2210 4503 2461 4553 quaquam
2492 4488 2530 4551 f
2557 4501 2687 4550 qnae
2724 4503 3032 4551 quamquam
3065 4488 3155 4543 Ρς

574 4575 702 4623 quae
729 4575 982 4624 quaquam
1000 4561 1053 4610 F
1072 4561 1320 4625 quaedam
1342 4559 1625 4625 (1031113109
1721 4558 1788 4610 19
1812 4560 2107 4625 productam
2133 4558 2381 4624 syllabam
2406 4572 2498 4607 neo
2523 4558 2572 4606 F
2657 4558 2722 4608 21
2752 4557 2933 4623 expleo
2954 4557 3157 4622 explevi

571 4645 664 4679 om.
709 4629 757 4677 P
892 4629 959 4680 28
996 4639 1044 4681 et
1081 4631 1290 4698 rependi
1325 4646 1416 4683 om.
1453 4630 1503 4678 P
1603 4630 1810 4680 detondi
1847 4639 1894 4678 et
1933 4630 2221 4694 praemon-di
2259 4629 2475 4679 dicimus
2508 4643 2545 4689 ‚q
2581 4628 2852 4679 Putat-Itius
2975 4627 3042 4679 30
3072 4641 3156 4676 so·

574 4698 714 4818 littiam
762 4701 1011 4819 coz-uertit
1049 4701 1096 4749 P
1144 4700 1357 4750 solidam
1397 4701 1625 4750 conuerti
1661 4702 1711 4750 F
1743 4699 1963 4750 solidam
2012 4700 2260 4749 conuertit
2294 4712 2328 4755 ς
2505 4696 2568 4749 31
2607 4697 2751 4747 effert
2788 4713 2822 4755 ς
2861 4698 3072 4748 efferent
3109 4697 3161 4745 P

577 4785 603 4819 e
646 4776 792 4819 erunt
