3541 5564
1398 365 1866 427 COMMENTVM
2803 359 2923 425 125

2582 482 2625 524 p.
2651 471 2803 512 63—65
2830 469 2874 509 L.

349 572 588 615 sescum
637 555 791 615 enim
844 553 1061 614 dicitur
1106 552 1439 614 dimidium:
1490 561 1548 614 et
1594 563 1681 614 est
1709 554 1772 613 in
1802 554 1929 613 istis
1958 550 2227 631 pedibus,
2281 549 2558 612 bacchius
2591 549 2923 632 sescuplam

351 655 534 717 habet
577 654 957 724 divisionem,
1006 654 1430 739 antibacchius,
1479 655 1918 734 amphimacrus
1965 661 2023 714 et
2065 672 2340 734 paeones,

523 758 631 818 His
678 759 936 836 exceptis
980 735 1290 819 remanent
1333 756 1509 835 aliqui
1554 756 1764 836 pedes,
1814 758 1914 837 qui
1957 775 2075 816 non
2122 756 2386 814 serviunt
2428 754 2602 815 alicui
2633 754 2920 824 divisioni,
2946 766 3067 830 425,
3093 766 3157 814 32

350 859 816 940 amphibrachus
871 866 930 918 et
985 860 1226 938 epitriti.
1328 857 1785 939 amphibrachus
1840 877 1956 919 non
2012 864 2207 937 potest
2261 875 2498 917 servare
2555 856 2919 922 divisionem.

298 979 324 1017 5
351 962 575 1038 quare?
619 963 753 1041 quia
800 960 981 1022 habet
1024 961 1263 1021 brevem
1310 969 1369 1022 et
1412 960 1646 1039 longam
1694 969 1753 1020 et
1783 958 2048 1022 brevem.
2115 961 2284 1019 istam
2316 958 2549 1036 longam
2598 976 2712 1035 quo
2745 957 2924 1018 habes

349 1062 609 1124 addere?
665 1062 736 1123 ad
781 1064 1046 1124 initium?
1104 1065 1156 1123 si
1199 1063 1271 1124 ad
1329 1065 1593 1133 initium,
1651 1065 1761 1124 tria
1818 1071 1876 1123 et
1920 1081 2101 1124 unum
2149 1063 2289 1129 erit,
2350 1060 2508 1120 nulla
2554 1059 2761 1120 divisio
2805 1068 2920 1127 est;

351 1167 398 1223 si
446 1165 519 1224 ad
569 1165 771 1235 linem,
823 1183 1001 1226 unum
1047 1173 1106 1227 et
1149 1167 1259 1225 tria
1307 1172 1499 1226 erunt.
1593 1184 1732 1225 ecce
1779 1183 1894 1225 non
1941 1162 2120 1224 hahet
2163 1162 2526 1223 divisionem.
2615 1164 2753 1222 item
2799 1164 2922 1240 epi-

350 1268 473 1326 triti
534 1275 780 1345 septena
836 1266 1054 1328 habent
1113 1275 1397 1347 tempora.
1491 1267 1776 1347 numquid
1835 1265 2056 1327 habent
2101 1264 2481 1325 divisionem?
2553 1264 2602 1323 si
2650 1271 2921 1341 quattuor

354 1377 412 1428 et
458 1369 572 1427 tria
618 1368 902 1438 volueri8‚
950 1386 1070 1429 non
1116 1376 1231 1430 stat
1273 1368 1509 1439 divisim
1546 1371 1616 1431 'si
1673 1370 1785 1429 tria
1845 1376 1903 1428 et
1956 1375 2260 1447 quattuor,
2323 1364 2607 1427 similiter.
2701 1367 2924 1426 idcirco

278 1471 451 1530 misti
508 1469 693 1548 pedes
746 1471 1117 1550 proiciuntur
1173 1490 1205 1530 a
1250 1472 1475 1532 metris,
1566 1488 1749 1548 quare
1808 1469 1919 1530 hoc
1975 1469 2132 1530 dixi?
2207 1469 2442 1528 invenio
2498 1469 2652 1528 enim
2700 1469 2757 1526 in
2803 1485 2923 1528 non

352 1571 536 1633 nullis
582 1573 843 1633 metricis
888 1591 960 1632 ex
1002 1570 1426 1651 amphibracho
1474 1579 1532 1632 et
1576 1575 1815 1652 epitrito
1861 1579 2137 1633 metrum.
2209 1588 2330 1630 non
2373 1568 2529 1630 licet.
2596 1571 2698 1629 isti
2742 1569 2924 1648 pedes

353 1682 546 1735 metra
594 1673 881 1738 naturalia
927 1693 1046 1735 non
1091 1675 1334 1735 faciunt.
1387 1673 1649 1736 incidere
1693 1683 1943 1755 possunt
1985 1675 2047 1734 in
2094 1659 2531 1733 secundo'toco
2577 1679 2673 1731 aut
2720 1673 2922 1739 tertio;

354 1784 417 1836 ut
454 1780 464 1848 1
504 1783 700 1837 autem
745 1777 841 1835 isti
886 1776 1100 1837 faciant
1157 1787 1342 1837 metra
1391 1796 1506 1837 non
1556 1778 1710 1837 licet.
1800 1774 1946 1836 nulli
2002 1776 2159 1835 enim
2215 1773 2399 1853 pedes
2453 1775 2672 1834 l'aciunt
2717 1782 2921 1843 metra,

355 1880 467 1938 nisi
512 1880 611 1959 qui
660 1878 922 1937 serviunt
966 1878 1347 1939 divisionibus
1393 1877 1776 1940 naturalibus
1866 1878 2003 1938 binc
2048 1875 2390 1946 turbantur,
2437 1871 2574 1935 hinc
2620 1873 2922 1935 dubitant:

282 1997 330 2037 15
354 1981 454 2060 qui
498 1979 656 2040 bene
701 1976 923 2040 babent
967 1988 1153 2042 metra
1200 1979 1493 2050 scribere,
1540 1978 1672 2041 illos
1715 1978 1935 2041 debent
1976 1979 2158 2059 pedes
2202 1996 2457 2058 ponere,
2519 1979 2618 2057 qui
2665 1980 2928 2038 serviunt

354 2080 759 2142 divisionibus.
851 2090 992 2160 puta
1036 2083 1356 2163 sapphicus
1402 2089 1629 2143 constat
1675 2100 1747 2142 ex
1793 2084 2028 2162 epitrito
2073 2080 2331 2142 secundo
2377 2087 2436 2139 et
2464 2079 2764 2140 trochaeo.
2813 2078 2927 2138 hoc

355 2184 511 2262 siqui
557 2182 752 2252 saciat,
814 2182 1057 2243 stultum
1103 2190 1191 2244 est
1236 2191 1295 2244 et
1338 2202 1570 2245 vanum.
1634 2202 1769 2244 nam
1817 2185 2090 2263 epitritus
2137 2201 2455 2263 numquam
2503 2182 2642 2242 facit
2670 2189 2926 2240 metrum

354 2303 558 2354 suum,
617 2303 739 2345 non
795 2283 960 2354 licet;
1007 2303 1127 2345 non
1175 2288 1331 2347 enim
1377 2289 1557 2348 servit
1611 2285 1896 2346 divisioni.
1988 2287 2104 2345 nisi
2149 2285 2394 2346 credere
2439 2284 2723 2345 debemus
2768 2281 2923 2362 quod
2949 2292 3068 2353 481,
3096 2292 3160 2340 27

358 2406 511 2448 unus
556 2387 812 2466 quisque
859 2405 1061 2447 versus
1105 2386 1282 2448 habet
1323 2388 1505 2469 pedes
1550 2388 1868 2466 legitimos,
1916 2386 2095 2448 habet
2138 2388 2370 2449 nothos
2442 2384 2737 2463 legitimus
2782 2384 2925 2443 dici·

278 2500 453 2551 sotur
495 2507 633 2568 peS,
684 2488 961 2550 naturalis
1007 2492 1104 2568 qui
1151 2501 1266 2556 est:
1315 2491 1562 2560 nothuS,
1614 2492 1733 2567 qui·
1762 2490 2106 2551 admittitur.
2198 2508 2335 2550 ecce
2377 2491 2439 2549 in
2484 2506 2656 2549 versu
2686 2487 2927 2548 heroico

355 2611 502 2652 unus
547 2610 655 2671 pes
702 2601 791 2651 est
833 2591 1131 2668 legitimus
1174 2592 1500 2671 spondeus;
1560 2593 1662 2653 sed
1721 2593 2002 2670 quoniam
2062 2593 2218 2652 visus
2275 2598 2364 2652 est
2418 2590 2600 2650 durus
2657 2598 2714 2649 et
2756 2608 2925 2668 prae-

302 2683 311 2693 ’
354 2696 606 2763 fractuS,
655 2692 844 2754 soluta
890 2700 980 2754 est
1023 2697 1317 2773 posterior
1362 2695 1610 2774 syllaba,
1661 2703 1718 2755 et
1760 2694 1901 2754 l‘ecit
1944 2692 2256 2774 dactylum.
2318 2696 2366 2754 si
2410 2692 2599 2753 solvas
2644 2693 2924 2771 priorem,

274 2802 277 2815 '
353 2799 492 2858 facit
537 2805 914 2877 anapaestum
963 2825 998 2860 a
1049 2806 1107 2858 et
1153 2797 1494 2859 trochaeum
1539 2801 1600 2860 in
1644 2800 1778 2860 [ine.
1840 2799 1936 2858 isti
1981 2796 2145 2858 nothi
2189 2804 2340 2857 sunt.

523 2898 747 2959 Omnes
803 2906 1110 2978 praeterea
1167 2899 1465 2979 simplices
1529 2900 1715 2980 pedes
1782 2918 1969 2979 usque
2023 2900 2095 2960 ad
2152 2907 2274 2960 tres
2326 2898 2575 2980 syllabas
2632 2904 2924 2967 crescunt,
2951 2907 3014 2953 31

278 3020 332 3060 25
358 2999 622 3080 duplices
668 3017 853 3078 usque
900 2999 971 3060 ad
1016 3019 1150 3069 sex;
1199 3008 1257 3061 et
1301 3002 1414 3063 hoc
1458 3010 1620 3063 recta
1665 3005 1914 3063 ratione.
1977 3020 2113 3062 nam
2158 3004 2208 3061 si
2249 3000 2545 3080 simplices
2576 3008 2713 3061 sunt
2742 3020 2928 3082 usque

355 3101 427 3162 ad
474 3110 708 3171 ternas,
766 3104 1058 3180 geminata
1116 3104 1224 3164 ista
1278 3106 1429 3165 ratio
1486 3104 1840 3184 simplicium
1886 3103 2062 3164 debet
2115 3102 2377 3183 duplices
2426 3106 2436 3177 Ι
2484 3102 2667 3183 pedes
2711 3103 2925 3164 facere.

355 3223 529 3284 quem
589 3203 663 3264 ad
720 3203 960 3265 modum
1015 3204 1231 3285 probat
1293 3205 1436 3276 hoc,
1497 3207 1795 3287 simplices
1847 3206 2029 3287 pedes
2075 3224 2260 3286 usque
2316 3206 2388 3266 ad
2433 3214 2635 3266 ternas
2679 3205 2930 3287 syllabas

356 3307 668 3368 crescere?
713 3308 989 3386 quoniam
1038 3309 1216 3368 istum
1260 3307 1587 3388 simplicem
1632 3309 1844 3389 pedem
1891 3309 2172 3377 diximuS,
2232 3309 2334 3387 qui
2380 3308 2603 3369 solutus
2650 3307 2765 3369 duo
2813 3328 2928 3369 non

354 3409 507 3469 facit.
603 3408 653 3468 si
698 3408 1061 3491 trisyllabum
1106 3409 1317 3479 solvas,
1367 3410 1485 3471 duo
1529 3430 1649 3472 non
1692 3413 1852 3473 facit.
1945 3429 2082 3473 ecce
2125 3416 2267 3491 puta
2313 3409 2673 3471 tribrachum
2720 3414 2769 3471 si
2812 3411 2926 3470 sol-

279 3526 483 3580 sovaS,
530 3510 822 3591 numquid
867 3510 980 3571 duo
1028 3512 1202 3572 facit?
1249 3531 1389 3591 ergo
1435 3516 1714 3593 quoniam
1760 3512 1987 3574 solutus
2032 3513 2178 3574 duos
2222 3532 2339 3573 non
2385 3521 2582 3592 potest
2623 3513 2836 3581 facere,
2883 3514 2932 3571 si

356 3611 566 3672 demus
638 3610 725 3671 illi
803 3632 976 3673 unam
1050 3613 1361 3693 syllabam,
1444 3616 1648 3695 incipit
1744 3635 1871 3677 esse
1947 3615 2492 3695 proceleumaticus,
2586 3633 2729 3693 ergo
2795 3614 2931 3673 ideo

355 3714 658 3795 simplices
713 3713 896 3794 pedes
953 3734 1136 3795 usque
1194 3716 1265 3776 ad
1324 3724 1522 3778 ternas
1577 3716 1832 3799 syllabas
1886 3718 2248 3798 procedunt,
2307 3730 2366 3778 et
2421 3717 2687 3797 duplices
2744 3736 2931 3798 usque

353 3817 425 3877 ad
472 3836 599 3878 sex.

1343 3973 1441 4035 DE
1483 3973 1944 4035 ACCENTlBVS

522 4091 736 4152 Graeci
778 4089 1091 4170 prosodias
1140 4091 1342 4153 dicunt
1384 4100 1660 4154 accentus
1706 4092 1816 4154 hac-
1860 4094 2117 4154 ratione:
2165 4112 2308 4172 pros
2339 4094 2541 4155 dicunt
2571 4092 2661 4164 ad,
2696 4099 2930 4153 cantum
2955 4097 3075 4162 420,
3103 4099 3132 4147 7

495 4314 521 4363 1
561 4310 631 4379 et]
664 4322 719 4364 ut
745 4314 889 4364 ABG
987 4315 1019 4365 5
1052 4323 1101 4363 et
1124 4314 1328 4363 breuem
1355 4329 1448 4364 om.
1478 4314 1587 4378 Bc,
1612 4317 1963 4383 superscripta
1982 4331 2067 4379 pr.
2092 4332 2152 4367 m.
2175 4314 2327 4367 habet
2350 4318 2398 4366 A
2504 4334 2601 4382 quo
2629 4318 2713 4368 Ba
2738 4324 2858 4381 quot
2885 4317 2933 4365 Α

356 4383 443 4431 ubi
481 4384 523 4433 C
625 4384 657 4432 7
695 4381 863 4449 habet]
906 4383 1091 4433 habent
1119 4384 1282 4434 ABG
1420 4386 1479 4436 ll
1519 4400 1619 4434 nou
1654 4388 1772 4436 licet
1797 4388 1846 4436 Α
1880 4402 2008 4449 quae
2039 4402 2137 4437 non
2177 4386 2290 4436 licet
2325 4388 2389 4436 a*
2427 4390 2562 4451 quod
2609 4404 2707 4438 uon
2746 4388 2861 4437 licet
2885 4387 2936 4435 B

358 4455 474 4514 quia
515 4468 612 4502 non
644 4453 760 4502 licet
796 4453 837 4503 C
942 4454 1006 4504 18
1034 4455 1236 4504 credere
1272 4455 1412 4504 ABc
1449 4457 1581 4506 scire
1612 4456 1653 4506 C
1764 4457 1833 4506 20
1866 4457 2111 4506 amittitur
2145 4458 2240 4508 AC
2341 4456 2408 4508 23
2444 4460 2670 4510 lacunam
2704 4458 2938 4508 indicavit

356 4524 732 4573 Lindemannus
778 4523 872 4573 hoc
918 4527 1183 4587 proposito
1222 4527 1586 4590 supplemento,
1625 4541 1716 4592 pro
1763 4528 1993 4591 spondeo
2037 4527 2190 4591 igitur
2227 4527 2444 4577 admittit
2485 4545 2660 4579 versus
2701 4526 2934 4576 heroicus

359 4593 631 4656 dactylum,
669 4602 996 4658 anapaestum
1033 4603 1082 4643 et
1117 4594 1408 4644 trochaeum
1446 4597 1493 4644 iu
1535 4597 1633 4645 line
1740 4598 1810 4647 26
1846 4598 1974 4647 ratio
2000 4596 2242 4662 simplicis
2280 4595 2393 4648 Ca*
2434 4600 2562 4648 ratio
2601 4598 2857 4662 simplices
2885 4596 2932 4646 A

358 4664 553 4714 ratione
577 4662 826 4727 simplicis
853 4664 905 4712 B
1008 4665 1073 4714 27
1101 4665 1288 4729 probas
1312 4666 1680 4717 Lindemannus
1785 4667 1849 4715 ad
1878 4677 2047 4717 ternas
2072 4667 2295 4729 syllabas
2320 4666 2433 4717 Ca:
2462 4668 2684 4734 syllabas
2710 4683 2801 4719 om.
2832 4667 2936 4715 AB

495 4733 565 4782 29
602 4733 648 4781 si
684 4732 996 4795 trisyllabum
1029 4734 1201 4783 saluas
1241 4738 1341 4783 duo
1380 4751 1477 4784 uon
1520 4735 1638 4784 facit
1672 4751 1763 4788 om.
1798 4736 1924 4799 AB,
1954 4736 2073 4785 add.
2107 4753 2141 4786 a
2173 4738 2216 4785 si
2243 4737 2552 4800 trisyllabum
2590 4738 2760 4788 soluas
2789 4753 2932 4786 num-

360 4801 476 4864 quid
516 4803 620 4851 duo
656 4815 754 4850 nou
792 4801 909 4852 facit
948 4805 991 4853 C
1150 4804 1421 4854 tribrachiu
1466 4805 1579 4854 AB
1625 4805 1914 4870 tribrachyn
1953 4807 1996 4855 C
2157 4806 2225 4856 30
2266 4807 2494 4869 sortasse
2530 4825 2652 4875 ergo
2692 4808 2930 4874 quoniam

358 4872 553 4922 solutus
588 4873 719 4921 duos
749 4886 845 4921 non
883 4872 1019 4939 iacit,
1060 4874 1276 4938 simplex
1312 4875 1522 4937 dicitur3
1560 4876 1601 4924 si
1642 4876 1820 4924 demus
1857 4885 1951 4927 etc.
