3541 5564
1542 369 1684 431 Ans
2809 366 2894 431 49

2508 488 2551 530 p.
2579 476 2693 519 1905.
2719 478 2771 518 oe
2797 475 2844 518 Ρ.

1310 554 1404 615 DE
1447 555 1889 637 PRoNofflNE

477 674 899 746 Quaerendum
943 682 1138 736 utrum
1183 692 1511 754 pronomen
1557 692 1632 735 an
1662 674 2016 753 pronomine
2048 674 2294 738 dicatur.
2329 677 2513 753 magis
2541 694 2893 756 pronomen,

312 779 459 837 sicut
502 784 876 863 procurator.
930 813 1004 820 —
1052 778 1211 838 Inter
1256 795 1471 837 nomen
1518 785 1576 837 et
1616 794 1947 855 pronomen
1987 778 1996 853 Ι
2036 776 2148 837 hoc
2178 778 2458 846 interest,
2508 779 2646 856 quia
2678 796 2897 838 nomen

313 878 543 958 plenam
605 878 1000 941 elocutionem
1058 878 1265 949 habet,
1323 898 1655 959 pronomen
1711 878 2118 958 semiplenam.
2196 880 2339 940 haec
2394 880 2552 940 enim
2608 878 2946 959 particula.

270 980 553 1060 spropter
610 980 914 1043 fastidium
972 983 1208 1042 inventa
1266 988 1383 1050 est,
1443 1000 1519 1042 ne
1575 979 1665 1041 bis
1710 999 1928 1041 nomen
1975 989 2298 1061 repetatur.
2372 982 2531 1042 lnter
2576 1000 2792 1042 nomen
2840 990 2899 1041 et

315 1103 643 1163 pronomen
702 1084 816 1145 hoc
875 1085 1147 1145 interest:
1208 1085 1447 1143 nomina
1494 1085 1946 1163 conparationes
1992 1083 2239 1157 habent,
2296 1085 2648 1164 pronomina
2691 1103 2898 1164 perso-

314 1205 434 1247 nas.
516 1205 655 1247 nam
700 1203 897 1263 neque
944 1187 1180 1246 nomina
1226 1203 1513 1264 personas
1556 1194 1803 1264 possunt
1847 1186 2068 1247 habere
2114 1206 2307 1266 neque
2351 1189 2703 1265 pronomina
2736 1206 2897 1247 com-

314 1289 668 1367 parationes.
722 1323 790 1331 —
844 1287 1038 1358 Quae
1093 1306 1224 1366 pro
1287 1289 1581 1349 nomine
1635 1290 1875 1368 posita
1934 1288 2364 1349 tantundem
2421 1306 2601 1368 pene
2658 1289 3133 1366 signi-379,23

316 1392 339 1450 l
348 1392 528 1450 icat:
580 1409 702 1451 non
749 1399 837 1450 est
882 1392 1039 1451 enim
1084 1398 1338 1460 tantum,
1388 1408 1524 1450 cum
1571 1390 1703 1450 dico
1751 1391 1955 1460 GainS,
2004 1409 2179 1471 quam
2224 1390 2458 1468 quando
2505 1389 2637 1450 dico
2682 1408 2791 1469 ego
2837 1399 2900 1450 tu

249 1513 292 1549 10
315 1491 426 1553 ille.
508 1492 838 1570 ‘Vergilius
884 1494 1119 1572 scripsit
1162 1491 1461 1561 bucolica,
1523 1494 1647 1572 ipsc
1693 1499 1751 1553 et
1793 1495 2120 1571 georgica':
2180 1492 2308 1571 ipse
2353 1493 2548 1553 minus
2592 1491 2763 1573 plena
2809 1501 2902 1553 est

316 1596 534 1664 oratio;
585 1614 720 1655 nam
767 1595 1168 1671 quaerendum
1214 1594 1362 1654 mihi
1408 1602 1498 1655 est
1540 1613 1788 1664 nomen,
1850 1596 1980 1673 quis
2025 1596 2100 1654 sit
2154 1595 2297 1673 ipse.
2341 1629 2426 1641 -—-
2466 1594 2900 1654 Personam·
2927 1600 2991 1647 24

317 1715 448 1775 que
496 1696 873 1758 interdum
935 1698 1238 1777 recipit:
1289 1694 1660 1776 aliquotiens,
1738 1715 1874 1757 nam
1923 1706 2060 1757 tunc
2106 1697 2346 1776 accipit,
2396 1696 2632 1776 quando
2673 1696 2899 1757 finitum

316 1807 428 1869 est:
479 1800 715 1880 quando
761 1799 1054 1859 infinitum
1101 1806 1214 1868 est,
1264 1807 1425 1860 caret
1463 1794 1474 1882 Ι
1510 1817 1784 1878 persona.
1831 1835 1914 1842 —
1959 1797 2231 1859 Finita:
2278 1806 2491 1858 cuncta
2536 1796 2800 1860 absoluta
2847 1807 2905 1858 et
2928 1805 2991 1852 27

314 1903 607 1981 perfecta,
655 1902 915 1962 maxime
960 1903 1018 1961 in
1064 1902 1252 1980 prima
1297 1909 1355 1962 et
1398 1901 1661 1963 secunda
1705 1919 1991 1982 persona;
2041 1902 2213 1961 tertia
2257 1901 2424 1980 quasi
2464 1902 2720 1970 incerta,
2769 1902 2901 1980 quia

245 2020 289 2059 15
314 2011 511 2084 potest
556 2023 687 2065 esse
736 2010 794 2063 et
839 2001 1115 2063 absentis.
1169 2000 1413 2081 [primm
1462 2004 1651 2083 prima
1698 2010 1758 2064 et
1800 2001 2057 2063 secunda
2102 2021 2355 2082 persona
2400 2021 2636 2082 semper
2666 2005 2903 2081 generis

312 2113 446 2166 sunt
496 2108 709 2166 omnis.
788 2111 845 2164 et
902 2103 1071 2165 multi
1114 2104 1319 2166 volunt
1363 2108 1595 2167 tertiam
1639 2124 1957 2185 personam
2004 2105 2227 2165 finitam
2274 2122 2396 2165 non
2444 2122 2601 2173 esse,
2660 2106 2798 2181 quia
2844 2112 2904 2164 et

313 2206 383 2266 de
414 2205 666 2267 absente
699 2206 949 2268 dicimus
991 2205 1140 2288 ille.]
1188 2241 1270 2252 —
1302 2207 1471 2269 Cuias
1517 2214 1576 2267 et
1618 2209 1855 2269 cuiatis:
1903 2206 2018 2267 duo
2064 2208 2174 2268 ista
2219 2226 2400 2268 unum
2432 2207 2785 2285 significant.
2818 2218 2993 2262 —30

313 2309 355 2369 F
359 2310 572 2370 initum
618 2327 649 2367 a
696 2309 887 2388 prima
919 2327 1171 2389 persona
1204 2312 1529 2370 vocativum
1562 2309 1924 2389 singularem
1955 2327 2074 2370 non
2107 2308 2311 2380 habet,
2361 2311 2421 2368 in
2454 2308 2668 2389 plurali
2699 2307 2896 2378 habet,
2924 2317 2989 2366 27

313 2413 441 2488 quia
494 2409 643 2472 alios
687 2428 889 2471 secum
934 2411 1200 2472 includit.
1235 2446 1313 2457 -
1349 2411 1506 2472 lnter
1551 2412 1711 2472 finita
1759 2419 1819 2473 et
1846 2412 2074 2473 infinita
2104 2410 2218 2473 hoc
2248 2413 2523 2472 interest:
2570 2413 2734 2472 finita
2765 2418 2904 2472 sunt

241 2531 457 2594 eaquae
507 2511 733 2573 habent
775 2520 997 2573 certam
1041 2532 1387 2593 personam,
1434 2515 1661 2574 infinita
1705 2533 1856 2594 quae
1903 2515 2116 2598 cuique
2161 2515 2402 2591 aequari
2444 2521 2708 2593 possunt.
2799 2512 2905 2575 sed

312 2615 454 2676 haec
508 2614 662 2695 apud
710 2614 969 2675 Graecos
1013 2617 1251 2676 nomina
1297 2624 1434 2676 sunt
1478 2617 1898 2697 interrogativa
1953 2615 2043 2676 vel
2087 2617 2506 2695 comparativa.
2551 2651 2633 2660 —
2677 2615 2902 2676 Prono·
2931 2626 2996 2674 23

311 2737 475 2794 men,
533 2720 672 2797 quia
715 2735 838 2778 non
880 2718 1146 2797 fungitur
1202 2717 1394 2779 officio
1450 2719 1563 2778 nisi
1617 2720 1947 2799 praemisso
1994 2721 2252 2779 nomine.
2318 2718 2454 2779 ideo
2497 2717 2645 2779 haec
2691 2736 2828 2799 pars
2872 2739 2906 2780 a

227 2806 236 2819 ’
307 2822 579 2882 Varrone
619 2818 629 2901 Ι
666 2820 1029 2881 succedanea
1076 2820 1316 2890 dicitur,
1365 2822 1501 2901 qnia
1545 2840 1665 2882 non
1695 2829 1894 2902 potest
1921 2823 1983 2883 in
2016 2822 2221 2883 eadem
2253 2821 2549 2882 locutione
2582 2839 2743 2890 esse,
2791 2820 2906 2881 hoc

309 2932 395 2983 est
440 2923 589 3012 quia
629 2921 721 2983 bis
767 2940 984 2983 nomen
1029 2924 1219 3002 repeti
1263 2942 1381 2984 non
1432 2932 1644 3003 potest.
1724 2923 1871 2984 ordo
1917 2932 2113 2985 tamen
2157 2923 2254 2985 hic
2303 2923 2727 2985 custodiendus
2760 2921 2902 3004 est,l{

238 3042 286 3082 25
313 3033 377 3085 ut
421 3042 648 3098 nomen
692 3026 752 3085 in
797 3022 1180 3104 praecedenti
1222 3026 1298 3085 sit
1341 3023 1501 3095 loco,
1547 3044 1881 3105 pronomen
1925 3029 1988 3086 in
2032 3026 2316 3087 subiecto.
2394 3027 2528 3087 ideo
2572 3044 2904 3105 pronomen

310 3129 642 3188 vocativum
700 3145 897 3187 casum
955 3146 1072 3187 non
1129 3125 1335 3195 habet,
1396 3146 1491 3187 res
1547 3145 1699 3205 quae
1744 3147 1963 3189 nomen
2007 3136 2374 3208 praesentat,
2432 3130 2567 3209 quia
2623 3147 2721 3190 res
2766 3128 2903 3189 sub·

311 3231 459 3291 iecta
507 3229 840 3290 vocativum
886 3227 1104 3290 habere
1150 3247 1271 3289 non
1315 3235 1526 3309 potest.
1560 3265 1640 3274 —-
1689 3230 1882 3302 Quae
1927 3233 2303 3311 recipiunt
2344 3213 2737 3310 personas:
2787 3229 2995 3290 Pii-2⁷

311 3335 445 3393 nius
490 3331 872 3411 artigraphos
917 3330 1181 3394 dicentes
1224 3332 1679 3411 pronominibus
1726 3333 1906 3393 finitis
1951 3333 2220 3394 accidere
2266 3351 2549 3412 personas
2579 3334 2906 3413 reprehen-

309 3433 409 3493 dit.
492 3439 638 3495 tunc
686 3435 843 3494 enim
891 3432 1042 3494 bene
1087 3433 1402 3504 diceretur,
1448 3436 1498 3495 si
1543 3434 1697 3496 aliud
1732 3444 1886 3496 esset
1914 3453 2245 3515 pronomen
2276 3436 2536 3505 finitum,
2582 3434 2740 3497 aliud
2771 3454 2906 3516 per-

234 3555 475 3596 aosona.
580 3554 706 3596 non
766 3537 925 3595 enim
980 3554 1096 3596 una
1152 3555 1248 3596 res
1303 3544 1498 3617 potest
1556 3556 1682 3598 esse
1738 3556 1887 3617 quae
1932 3537 2146 3598 accidit
2192 3543 2250 3596 et
2293 3539 2384 3597 cni
2443 3537 2674 3598 accidit.
2763 3555 2906 3617 ergo

307 3637 525 3699 melius
572 3640 658 3698 ita
690 3637 1006 3699 dicendum
1039 3646 1154 3708 est,
1203 3639 1309 3707 ait,
1360 3639 1565 3699 eadem
1600 3659 1726 3700 esse
1756 3641 1919 3700 finita
1949 3640 2334 3720 pronomina,
2383 3657 2532 3717 quae
2561 3649 2700 3701 sunt
2729 3642 2906 3701 etiam

307 3760 629 3821 personae.
675 3777 758 3784 -—-
803 3742 887 3801 Vt
932 3758 1064 3817 ego
1111 3750 1182 3801 tu
1227 3740 1386 3801 ille:
1436 3744 1557 3821 ipsa
1604 3750 1742 3802 sunt
1781 3739 1791 3824 Ι
1830 3743 1990 3803 finita
2036 3750 2095 3803 et
2139 3759 2290 3819 quae
2322 3760 2393 3802 ex
2422 3740 2517 3802 his
2546 3742 2904 3812 derivantur,

445 3933 575 3984 Cod.
615 3931 774 3981 Ber-n.
815 3929 934 3978 vm
969 3927 1148 3980 4—6.
1296 3929 1320 3979 1
1360 3944 1425 3979 ns
1463 3943 1758 3980 mosomus
1792 3928 1884 3978 hoc
1932 3931 2042 3980 loco
2088 3930 2315 3980 omissum
2359 3937 2476 3991 post
2529 3929 2561 3980 3
2607 3939 2904 3995 procurator

304 4004 545 4065 terimam
579 4009 661 4051 est
800 3997 832 4049 3
868 3999 965 4048 hoc
999 3997 1097 4047 hoc
1133 4000 1341 4048 interest
1392 4059 1399 4067 ·
1480 4001 1513 4048 5
1538 4008 1830 4065 reppetatur
1970 4000 2034 4050 10
2071 4000 2272 4050 scribsit
2310 3999 2539 4049 uocolica
2683 4000 2743 4050 11
2784 4000 2908 4062 quid

309 4071 373 4122 sit
517 4072 587 4122 15
628 4079 777 4136 potes
921 4067 985 4118 16
1023 4069 1161 4117 omni
1322 4070 1385 4119 21
1424 4076 1547 4133 aput
1685 4071 1751 4119 22
1791 4084 1889 4118 non
1929 4085 2022 4118 om.
2168 4085 2198 4118 a
2230 4071 2442 4118 bartone
2478 4069 2714 4119 succedat
2754 4071 2801 4118 in
2849 4084 2907 4116 ea

445 4141 517 4194 23
554 4149 708 4207 potes
743 4147 793 4189 et
826 4141 879 4188 in
1019 4140 1088 4188 24
1118 4145 1265 4203 potes
1403 4139 1469 4189 25
1502 4140 1551 4187 in
1590 4139 1844 4189 subiectus
1984 4139 2051 4190 26
2083 4147 2349 4204 praesenta
2385 4155 2522 4191 corr.
2558 4142 2625 4189 al.
2662 4156 2791 4193 man.
2832 4149 2908 4187 -at

450 4214 519 4262 27
556 4209 767 4279 plenius
804 4207 1082 4273 artigrafus
1222 4208 1289 4258 28
1325 4209 1530 4257 infinitis
1671 4207 2031 4275 repraehendit
2169 4209 2238 4259 29
2274 4210 2400 4258 aliut
2436 4217 2569 4259 esset
2604 4225 2788 4259 nomen

311 4283 435 4333 aliut
580 4280 650 4332 31
688 4278 1019 4345 praenomina

449 4454 519 4505 15
554 4453 724 4519 prima
764 4479 823 4487 ——
866 4451 930 4503 16
958 4451 1122 4500 omnis
1169 4450 1241 4500 ad
1284 4466 1345 4500 ea
1382 4465 1511 4515 quae
1550 4454 1779 4513 proxime
1817 4452 2115 4502 antecedunt
2149 4451 2457 4515 explicanda
2501 4452 2764 4514 adscripta
2799 4464 2910 4499 esse

310 4524 568 4584 videntur,
619 4531 675 4572 ut
713 4523 879 4588 prima
920 4523 1159 4572 lemmatis
1196 4524 1306 4570 loco
1344 4523 1603 4583 repetitum
1637 4524 1702 4572 sit
1841 4524 1909 4574 20
1949 4537 2077 4585 quae
2118 4522 2417 4585 cuicumque
2455 4534 2702 4585 personae
2740 4521 2902 4585 aptari

310 4601 527 4659 possunt
562 4594 776 4644 Ser-vius
800 4595 849 4641 in
883 4593 1013 4644 Don.
1046 4607 1099 4654 p.
1141 4591 1262 4655 410,
1306 4591 1369 4640 10
1406 4590 1553 4656 Sery.
1584 4596 1792 4655 eaepIan.
1828 4608 1881 4655 p.
1918 4591 2038 4655 500,
2081 4593 2144 4642 17
2282 4593 2349 4641 22
2385 4592 2510 4655 quia
2541 4605 2638 4639 non
2677 4589 2909 4656 fungitur

314 4665 586 4714 Puesclzius
696 4662 763 4711 23
796 4662 1110 4712 succedanea
1146 4660 1438 4712 Bondamus
1463 4677 1569 4712 var.
1605 4665 1714 4716 lect.
1748 4678 1806 4727 p.
1845 4664 1943 4715 115
2053 4662 2283 4724 fortasse
2320 4663 2437 4724 quia
2473 4661 2553 4711 bis
2590 4674 2768 4708 nomen
2810 4674 2907 4709 non

314 4745 479 4799 potest
510 4736 566 4783 in
714 4734 781 4783 25
818 4736 869 4781 iu
895 4732 1136 4781 subiectis
1176 4731 1440 4782 paese-hius
1579 4732 1647 4780 26
1674 4733 1903 4795 sortasse
1933 4732 2221 4781 vocativum
2258 4747 2431 4781 casum
2460 4746 2558 4780 non
2584 4729 2751 4791 habet,
2789 4731 2909 4791 quia

316 4819 396 4855 res
434 4804 689 4866 subiecta,
728 4817 854 4868 quac
891 4816 1070 4852 nomen
1109 4809 1418 4867 praesentat,
1458 4802 1740 4852 vocativum
1782 4803 1966 4854 habere
2018 4817 2114 4852 non
2152 4809 2317 4868 potest
2456 4803 2523 4851 27
2571 4796 2784 4866 Plinius]
2836 4799 2906 4861 ‘'s-

320 4876 541 4939 Pompei.
578 4891 638 4939 p.
670 4871 771 4924 237
804 4874 882 4924 ed.
920 4873 1076 4923 Lina.

419 4963 782 5008 GRAMMATICI
810 4963 991 5005 LATINI
1019 4963 1073 5005 V.
2461 4955 2506 5017 4
