3541 5564
1424 339 1892 403 COMMENTVM
2814 340 2930 405 121

366 526 588 607 syllaba
633 528 793 588 arsin
838 526 1043 599 habet,
1091 528 1348 590 secunda
1392 527 1612 608 syllaba
1658 528 1890 620 thesin.-
1964 529 2104 607 quid
2160 532 2208 591 si
2255 537 2532 609 quattuor
2575 449 2932 612 spyllzbiztllm

366 632 585 692 suerit?
634 630 784 691 duae
829 638 999 691 erunt
1041 633 1103 692 in
1150 632 1265 691 arsi
1311 639 1369 692 et
1412 631 1560 693 duae
1605 633 1665 691 in
1712 632 1879 692 thesi.
1942 632 2082 711 quid
2129 634 2177 693 si
2223 635 2390 694 octo?
2436 641 2709 714 quattuor
2754 634 2934 696 habet

365 736 516 795 arsis
561 743 620 795 et
666 741 937 811 quattuor
981 732 1185 794 thesis
1278 733 1414 812 quid
1473 735 1522 794 si
1568 741 1687 795 tres
1730 742 1894 805 sunt,
1951 734 2009 794 id
2066 741 2154 795 est
2209 733 2351 815 quid
2395 738 2446 796 si
2490 739 2681 816 impar
2726 756 2930 798 nume-

366 837 502 896 rus?
557 838 607 896 si
664 837 856 915 impar
914 854 1195 897 numerus
1250 837 1454 905 fuerit,
1515 838 1791 914 quotiens
1845 836 2040 897 media
2096 836 2315 917 syllaba
2372 846 2674 900 accentum
2734 827 2928 909 habet,

313 939 515 998 sarsis
559 937 801 999 habebit
844 956 1023 999 unum
1070 947 1298 1018 tempus
1342 945 1402 999 et
1445 939 1627 1000 thesis
1672 939 1825 1008 duo:
1876 941 2147 1017 quotiens
2191 941 2356 1019 prior
2399 939 2616 1020 syllaba
2662 941 2934 1002 habuerit

364 1047 669 1110 acentum,
727 1041 877 1102 arsis
929 1038 1174 1102 babebit
1226 1041 1341 1102 duo
1398 1049 1663 1121 tempora
1718 1050 1778 1102 et
1832 1041 2012 1102 thesis
2069 1061 2269 1103 unum.
2357 1049 2423 1102 ut
2473 1052 2613 1122 puta
2657 1043 2934 1105 Camillus

364 1141 601 1221 quando
670 1142 946 1211 dicimuS,
1020 1162 1157 1204 ecce
1222 1143 1414 1204 media
1480 1142 1700 1223 syllaba
1769 1153 2077 1205 accentum
2138 1144 2341 1204 habet:
2412 1144 2658 1205 dicimus
2710 1146 2768 1205 in
2815 1146 2933 1205 arsi

364 1263 545 1306 unum
596 1251 653 1305 et
696 1249 758 1305 in
801 1245 955 1305 thesi
1000 1244 1133 1305 duo.
1224 1244 1504 1306 Romulus
1548 1244 1782 1325 quando
1828 1246 2091 1316 dicimus
2139 1249 2328 1326 prima
2374 1244 2590 1326 syllaba
2631 1245 2809 1308 habet
2839 1266 2933 1307 ac-

363 1355 631 1409 centum:
724 1347 973 1408 dicimus
1028 1347 1142 1407 duo
1197 1349 1258 1408 in
1315 1350 1460 1417 arsi,
1523 1366 1704 1410 unum
1760 1350 1821 1408 in
1879 1348 2051 1410 thesi.
2141 1367 2283 1426 ergo
2339 1351 2398 1409 in
2455 1350 2609 1419 istis,
2670 1347 2768 1408 ubi
2817 1368 2932 1410 non

287 1469 340 1507 ιο
366 1458 506 1512 sunt
552 1448 825 1529 aequales
871 1448 1154 1528 syllabae,
1214 1450 1447 1530 quando
1504 1449 1716 1512 debeat
1759 1452 1910 1511 arsis
1967 1450 2083 1511 duo
2141 1449 2360 1512 habere
2405 1458 2701 1531 tempora,
2752 1470 2934 1512 unum

363 1552 575 1622 thesis,
624 1551 712 1612 vel
757 1551 993 1632 quando
1035 1570 1221 1613 unum
1266 1554 1410 1613 arsis
1453 1561 1511 1613 et
1556 1553 1673 1613 duo
1715 1551 1930 1622 thesis,
1980 1571 2050 1613 ex
2095 1561 2339 1615 accentu
2386 1552 2629 1632 colligIS.
2708 1572 2843 1614 nam
2887 1556 2937 1615 si

364 1653 560 1716 media
606 1653 827 1734 syllaba
873 1662 1176 1715 accentum
1222 1654 1513 1723 habuerit,
1562 1653 1801 1715 ultimae
1845 1652 2100 1734 syllabae
2131 1658 2325 1734 iungis
2355 1654 2521 1735 plura
2554 1664 2839 1736 tempora,
2876 1664 2940 1717 ut

363 1758 514 1818 arsis
559 1756 771 1820 habeat
814 1774 1027 1826 unum,
1068 1743 1257 1818 'thesis
1301 1757 1449 1827 duo:
1508 1758 1559 1819 si
1614 1759 1778 1836 prior
1833 1755 2050 1836 syllaba
2109 1757 2380 1819 habuerit
2423 1767 2763 1831 accentum,
2817 1759 2933 1820 arsi

362 1861 563 1938 iungis
608 1857 778 1938 plura
825 1867 1109 1938 tempora.

282 1976 336 2019 15
533 1960 828 2023 Numerus
872 1959 1253 2040 syllabarum:
1300 1968 1366 2021 ut
1410 1963 1559 2023 scias
1603 1980 1757 2022 unus
1803 1964 2052 2041 quisque
2096 1979 2203 2039 pes
2249 1969 2390 2041 quot
2420 1962 2635 2024 habeat
2665 1963 2933 2045 syllabas,

364 2064 509 2125 duas
554 2071 677 2126 tres
722 2071 999 2141 quattuor
1044 2066 1300 2144 quinque
1345 2082 1463 2123 sex.
1551 2062 1684 2143 plus
1739 2082 1858 2124 non
1904 2064 2119 2134 habeS,
2180 2065 2292 2125 hoc
2351 2073 2438 2127 est
2482 2085 2673 2146 usque
2718 2067 2789 2128 ad
2835 2087 2937 2129 sex

342 2166 616 2249 =syllabas
660 2166 985 2227 ascendunt
1028 2166 1230 2246 pedeS.
1279 2164 1289 2248 Ι
2064 2165 2076 2180 ’

448 2293 455 2298 ·
535 2269 828 2348 Tempus:
873 2277 937 2328 ut
978 2271 1155 2339 sciaS,
1199 2287 1359 2340 ¹unus
1402 2271 1651 2349 quisque
1693 2287 1800 2348 pes
1844 2276 1988 2347 quot
2030 2269 2244 2330 h'abeat
2289 2277 2573 2349 tempora.
2632 2279 2769 2351 puta
2801 2291 2937 2352 pyr-

364 2372 591 2432 richius
635 2370 753 2431 duo
807 2370 987 2432 habet
1041 2381 1327 2452 tempora.
1416 2372 1665 2433 diximus
1721 2372 1879 2431 enim
1937 2370 2093 2448 quod
2149 2390 2264 2432 una
2320 2367 2538 2451 syllaba
2594 2373 2939 2434 naturaliter

281 2489 337 2530 so
365 2474 561 2536 brevis
607 2491 788 2534 unum
835 2481 1068 2554 tempus
1113 2473 1319 2544 habet,
1365 2472 1583 2554 syllaba
1631 2492 1770 2534 vero
1816 2472 1904 2533 vel
1950 2472 2293 2535 naturaliter
2325 2474 2497 2554 longa
2531 2475 2618 2536 vel
2650 2478 2938 2555 positione

362 2577 541 2656 longa
589 2575 707 2637 duo
753 2558 931 2637 habet
976 2583 1259 2657 tempora.
1322 2593 1464 2654 ergo
1508 2576 1868 2657 pyrrichiuS,
1917 2577 2194 2654 quoniam
2241 2577 2443 2638 ambas
2486 2577 2696 2638 breves
2741 2578 2936 2650 habet,

363 2680 487 2741 duo
534 2677 711 2740 habet
753 2686 1037 2758 tempora.
1128 2677 1415 2758 dactylus,
1465 2679 1743 2755 quoniam
1789 2686 1910 2740 tres
1955 2678 2150 2748 habet,
2201 2698 2377 2740 unam
2423 2678 2656 2759 longam
2705 2688 2763 2742 et
2793 2680 2938 2742 duas

363 2781 607 2852 breves,
658 2789 931 2860 quattuor
974 2780 1154 2845 habet
1195 2790 1484 2862 tempora.

536 2885 709 2946 Modo
751 2883 1142 2945 resolutiones
1188 2884 1369 2945 debes
1400 2884 1882 2946 animadvertere.
1947 2884 2230 2946 resolutio
2275 2895 2377 2956 est,
2426 2887 2564 2965 quia
2594 2885 2733 2947 licet
2765 2886 2937 2948 nobis
2961 2897 3078 2957 425,
3113 2898 3172 2945 13

280 3001 336 3043 25
365 3007 477 3068 pro
525 2987 754 3049 duabus
798 2985 988 3065 longis
1033 2993 1306 3066 quattuor
1353 2986 1562 3048 breves
1606 3006 1832 3066 ponere
1877 2994 1978 3048 aut
2020 3007 2128 3067 pro
2174 3006 2289 3048 una
2334 2986 2504 3066 longa
2552 2987 2698 3049 duas
2730 2989 2939 3050 breves

361 3109 609 3170 ponere.
700 3096 837 3169 puta
883 3089 1180 3169 spondeus
1225 3099 1312 3151 est
1354 3091 1415 3150 in
1461 3089 1704 3150 heroico
1750 3099 1972 3158 metro:
2018 3109 2128 3169 pro
2173 3090 2436 3169 spondeo
2482 3088 2622 3151 licet
2649 3091 2792 3152 mibi
2833 3112 2937 3173 po-

363 3212 513 3254 nere
557 3191 1136 3272 proceleumaticum.
1228 3193 1443 3272 quare?
1500 3190 1781 3253 resolutio
1828 3193 1985 3252 enim
2031 3192 2280 3253 duarum
2324 3192 2635 3270 longarum
2680 3193 2935 3271 siugula-

360 3314 497 3356 rum
543 3294 685 3355 facit
727 3294 1302 3374 proceleumaticum.
1395 3295 1541 3355 haec
1588 3296 1743 3355 enim
1792 3292 2076 3355 resolutio
2123 3302 2235 3356 est:
2296 3303 2361 3355 ut
2417 3296 2466 3355 si
2511 3295 2804 3374 spondeus
2850 3303 2940 3357 est

363 3407 425 3459 et
477 3399 846 3477 superiorem
903 3397 1150 3476 spondei
1205 3396 1484 3476 syllabam
1554 3396 1774 3465 solvas,
1848 3404 1905 3456 et
1968 3398 2164 3458 fecisti
2219 3404 2632 3477 anapaestum;
2690 3400 2831 3459 item
2890 3401 2938 3459 si

277 3514 334 3555 so
361 3497 616 3580 spondei
662 3501 1052 3579 posteriorem
1098 3498 1378 3579 syllabam
1425 3498 1641 3575 solvaS,
1693 3507 1751 3560 et
1796 3500 1987 3560 fecisti
2034 3498 2346 3579 dactylum.
2425 3516 2566 3577 ergo
2611 3498 2771 3561 solve
2816 3504 2936 3581 pri-

363 3621 559 3671 orem,
623 3610 679 3662 et
724 3602 916 3662 ser-isti
972 3609 1352 3682 anapaestum
1412 3609 1688 3663 manente
1735 3600 1956 3682 syllaba
2011 3603 2370 3681 posteriorc;
2431 3599 2591 3662 solve
2644 3604 2934 3682 posterio-

362 3723 523 3773 rem,
573 3712 632 3764 et
674 3704 865 3765 fecisti
910 3703 1201 3784 dactylum
1248 3712 1522 3766 manente
1578 3704 1798 3785 syllaba
1844 3706 2074 3784 priore;
2133 3702 2292 3765 solve
2338 3703 2570 3773 ambaS,
2630 3712 2689 3764 et
2744 3705 2933 3765 iecisti

360 3805 942 3885 proceleumaticum.
1061 3814 1121 3867 ut
1194 3815 1334 3887 puta
1397 3806 1699 3870 videamus
1768 3805 2062 3886 exempla:
2133 3804 2236 3867 ubi
2301 3804 2544 3866 solvitur
2617 3808 2931 3885 posterior,

362 3914 602 3969 ‘arma
646 3910 1031 3986 virumque
1075 3915 1314 3981 cano,'
1362 3929 1525 4001 araia
1572 3911 1624 3968 vi
1669 3908 1933 3989 dactylus
1980 3915 2068 3969 est
2110 3926 2220 3986 pro
2266 3907 2562 3987 spondeo:
2612 3908 2714 3968 ubi
2759 3908 2934 3969 solvi·

279 4018 460 4070 astur
505 4011 699 4089 prior,
748 4010 1185 4071 ‘fluviorum
1229 4031 1356 4072 rex
1401 4011 1826 4079 Eridanus;’
1875 4010 2012 4071 ssuvi
2059 4010 2209 4071 duae
2255 4009 2466 4070 breves
2511 4017 2651 4093 sunt
2679 4029 2787 4089 pro
2820 4029 2933 4071 una

364 4110 569 4190 longa:
632 4110 733 4172 ubi
789 4112 1093 4174 solvuntur
1146 4113 1380 4183 ambae,
1429 4114 1650 4174 faciunt
1696 4120 1973 4191 quattuor
2019 4112 2259 4180 breves,
2308 4111 2568 4189 ‘genua
2622 4111 2931 4180 labant';

360 4232 553 4293 genua
598 4212 652 4274 la
698 4222 973 4293 quattuor
1017 4214 1228 4277 breves
1273 4224 1436 4285 sunt,
1484 4216 1854 4294 accipiuntur
1897 4233 2009 4294 pro
2054 4213 2280 4275 duabus
2326 4213 2532 4291 longis,
2599 4230 2742 4291 ergo
2788 4214 2934 4275 haec

502 4435 535 4486 3
568 4436 619 4486 id
657 4445 734 4486 est
770 4438 916 4501 quasi
951 4437 1097 4501 inpar
1128 4437 1170 4487 0
1303 4438 1337 4486 4
1368 4438 1413 4486 si
1449 4437 1612 4501 impar
1648 4452 1891 4486 numerus
1916 4438 2198 4499 posteriore
2227 4438 2333 4485 loeo
2367 4451 2456 4485 om.
2487 4435 2554 4496 A,
2586 4435 2705 4485 add.
2734 4434 2795 4487 α*

361 4507 397 4557 8
433 4514 482 4556 et
519 4506 649 4555 thesi
688 4506 854 4557 ABG
991 4509 1156 4572 prima
1195 4506 1393 4571 syllaba
1434 4507 1479 4555 L
1514 4509 1651 4572 prior
1688 4509 1881 4572 syllaba
1916 4507 1955 4557 G
1981 4521 2038 4556 ro
2075 4506 2213 4571 prior
2247 4506 2438 4570 syllaba
2477 4505 2592 4555 AB
2735 4505 2796 4555 13
2834 4507 2935 4555 arsi

361 4577 535 4642 iungis
572 4576 620 4625 B
653 4579 752 4626 arsi
788 4578 953 4643 iungit
988 4577 1080 4626 Ac
1116 4578 1217 4627 arsi
1255 4579 1438 4644 iungas
1462 4577 1503 4626 G
1640 4578 1705 4629 16
1743 4586 1979 4642 quattuor
2011 4591 2102 4625 sex
2139 4584 2186 4624 et
2224 4574 2321 4627 hoo
2351 4585 2428 4624 est
2465 4576 2726 4640 (quattuor
2757 4586 2804 4624 et
2838 4575 2934 4624 hoc

363 4658 441 4697 est
479 4647 523 4697 C
557 4656 789 4711 quattuor
821 4663 911 4696 sex
949 4657 996 4696 et
1030 4647 1124 4697 hoc
1150 4646 1224 4709 L)
1262 4647 1379 4712 plus
1419 4661 1515 4695 non
1550 4645 1706 4696 babes
1744 4658 1905 4710 usque
1936 4644 2165 4695 ABGL
2308 4647 2371 4696 17
2408 4645 2686 4695 ascendunt
2713 4647 2760 4695 L
2793 4662 2933 4695 acce·-

362 4717 488 4766 dunt
528 4715 692 4767 ABG
804 4716 873 4766 29
912 4733 1025 4766 ecce
1064 4717 1231 4767 fecisti
1266 4727 1571 4782 anapaestou
1609 4744 1674 4753 -
1713 4733 1830 4767 ecce
1869 4717 2030 4765 fecisti
2069 4716 2321 4779 dactylum
2361 4714 2726 4766 Klussmannus
2751 4717 2932 4767 Plztlvz.

362 4803 404 4835 v.
447 4786 543 4835 ΧΠ
578 4789 658 4847 (a.
702 4785 861 4851 1857)
896 4803 947 4849 p.
982 4786 1080 4837 591
1213 4795 1492 4851 anapeston
1523 4787 1572 4835 A
1704 4788 1773 4837 35
1809 4783 2099 4852 fluviorum]
2144 4787 2302 4850 Ver-9.
2329 4786 2554 4852 9e0r9.1
2592 4786 2694 4836 482
2800 4785 2932 4835 heri-

364 4857 530 4907 danus
566 4856 673 4907 BG
701 4856 988 4907 heredanus
1027 4872 1161 4909 corr.
1202 4856 1474 4908 heridanus
1512 4857 1560 4905 A
1702 4856 1769 4908 36
1808 4855 1997 4923 genua]
2045 4859 2200 4921 Ver-9.
2232 4857 2363 4906 Aen.
2406 4856 2499 4906 ΧΠ
2532 4855 2634 4906 905
