3541 5564
1600 301 2073 364 COMMENTVM
3007 299 3135 364 279

2765 423 2809 464 p.
2835 412 3011 453 40⁷—oe
3039 409 3082 450 L.
3163 442 3174 469 ,

552 494 825 571 praeter?
870 494 996 553 sine
1040 492 1168 551 sine
1213 489 1409 550 dubio.
1500 491 1697 560 iussit,
1745 492 1853 561 ait,
1913 490 2168 571 populus
2212 491 2512 553 Romanus
2556 494 2868 571 ignoscere
2912 490 3028 551 illis
3072 498 3132 552 et

522 576 668 655 'illis
714 602 772 654 et
824 592 940 654 illis
984 600 1222 673 praeter
1278 591 1392 653 illis
1438 592 1539 671 (sic
1586 591 1816 654 locutus
1863 596 1999 671 est),
2059 603 2296 671 praeter
2341 594 2765 655 condemnatis,
2855 594 2995 673 quid
3042 602 3132 655 est

553 695 729 757 modo
773 698 1048 773 praeter?
1095 696 1221 756 sine
1267 696 1393 756 sine
1440 694 1635 754 dubio.
1727 714 1867 756 eece
1914 695 1987 755 de
2030 697 2140 757 ista
2186 697 2307 776 ipsa
2354 716 2422 757 re
2475 697 2614 776 quid
2660 696 2911 757 diximus
2954 695 3131 775 paulo

551 799 724 860 ante?
780 799 1055 877 quoniam
1113 798 1304 857 omnis
1359 798 1714 876 praepositio
1772 816 2014 859 necesse
2068 797 2247 858 habet
2302 801 2356 859 ei
2401 801 2561 860 casui
2607 800 2800 877 iungi,
2860 801 2919 858 in
2966 788 3132 859 cuius

500 916 525 955 5
552 903 680 962 iura
728 901 1055 970 transierit,
1104 899 1159 959 id
1208 910 1299 961 est
1344 901 1403 958 in
1449 901 1613 958 cuius
1657 901 2144 978 significationem
2176 901 2498 961 transierit.
2556 901 2682 962 sine
2728 899 2915 978 qualis
2960 919 3128 979 prae-

550 1004 761 1082 positio
807 1006 932 1063 est?
978 1001 1255 1071 ablativa,
1302 1003 1430 1062 sine
1475 1000 1724 1080 templo,
1774 1005 1903 1063 sine
1948 1002 2208 1062 homine.
2300 1020 2442 1080 ergo
2488 1003 2761 1082 quoniam
2807 1005 2913 1063 ista
2961 1021 3130 1081 prae·

548 1106 761 1185 positio
807 1107 922 1165 iam
970 1123 1090 1165 non
1136 1104 1627 1181 significationem
1672 1123 1841 1165 suam
1887 1103 2081 1173 habet,
2132 1103 2236 1166 sed
2281 1106 2494 1165 transit
2539 1107 2597 1164 iu
2643 1106 3131 1182 significationem

549 1208 790 1269 alterius
837 1207 1321 1286 praepositionis,
1379 1224 1622 1267 necesse
1680 1205 1885 1268 habuit
1941 1207 1992 1268 ei
2040 1208 2201 1268 casui
2255 1207 2450 1283 iungi,
2510 1209 2603 1267 cui
2646 1208 2909 1285 iungitur
2956 1225 3022 1267 ea
3070 1210 3129 1266 iu

549 1312 714 1370 cuius
769 1310 1253 1389 significationem
1311 1309 1553 1369 transiit.
1646 1316 1704 1367 et
1758 1307 1872 1368 hoc
1930 1326 2038 1385 per
2095 1306 2221 1368 illas
2275 1327 2497 1369 omnes,
2593 1327 2734 1387 ergo
2782 1308 2942 1369 vides
2986 1329 3129 1388 quo-

475 1426 524 1465 10
554 1414 708 1473 niam
740 1430 857 1472 non
891 1412 1096 1472 vitiose
1141 1410 1319 1470 locuti
1365 1418 1530 1480 sunt,
1579 1410 1683 1471 sed
1731 1410 2060 1470 seeundum
2103 1411 2413 1471 rationem.
2477 1430 2587 1472 nos
2617 1419 2814 1471 autem
2859 1420 3133 1490 putamus

550 1514 683 1574 ideo
738 1516 907 1575 istam
965 1532 1094 1574 esse
1153 1513 1449 1582 vitiosam,
1508 1513 1639 1591 quia
1688 1513 1939 1590 primam
1995 1516 2185 1592 ipsam
2230 1513 2578 1592 positionem
2627 1512 2893 1574 volumus
2938 1515 3131 1574 inten-

550 1617 720 1686 dere,
781 1634 899 1676 non
956 1615 1440 1694 significationem
1510 1615 1695 1692 ipsius
1764 1612 2096 1695 [primam].
2189 1622 2450 1675 ceterum
2504 1617 2554 1675 si
2609 1615 2880 1676 conferas
2937 1623 2994 1674 te
3056 1615 3173 1676 ad‘

548 1719 1064 1797 significationem,
1112 1717 1376 1777 invenies
1421 1718 1649 1793 integra
1693 1717 1923 1776 ratione
1969 1736 2100 1777 esse
2146 1715 2424 1778 locutum.
2476 1715 2482 1796 1

719 1820 871 1880 Dixit
937 1838 1112 1879 unam
1181 1837 1309 1879 rem
1367 1837 1563 1878 veram
1622 1817 1886 1897 quidem,
1944 1817 2046 1878 sed
2105 1837 2171 1878 ex
2232 1827 2399 1897 parte
2459 1819 2513 1879 ei
2568 1836 2689 1878 non
2746 1818 3123 1880 credendam.
3154 1830 3331 1887 420,ss

475 1936 523 1977 15
551 1923 738 1983 omnis
790 1922 1180 2001 praepositio,
1235 1923 1342 1990 ait,
1403 1927 1519 1981 tam
1578 1920 1676 1979 diu
1733 1921 2092 1998 praepositio
2153 1931 2267 1990 est,
2330 1938 2508 2000 quam
2564 1919 2664 1981 diu
2710 1899 3329 2000 praepouiu1r;443’4

547 2024 871 2103 postposita
925 2031 1120 2084 autem
1180 2031 1237 2083 et
1292 2040 1507 2083 nomen
1565 2030 1624 2082 et
1678 2022 2168 2100 significationem
2235 2023 2538 2102 propriam
2596 2022 2825 2083 amittit.
2917 2001 3126 2082 l'a‘lsum

549 2132 666 2186 est:
713 2132 906 2206 potest
961 2126 1117 2186 enim
1173 2125 1510 2203 praeposita
1569 2130 1628 2183 et
1671 2114 2143 2184 nomen'tenere
2190 2134 2248 2184 et
2292 2125 2779 2202 significationem
2824 2125 3129 2201 propriam

547 2235 781 2295 tenere;
831 2235 1055 2296 tamen,
1104 2228 1212 2287 etsi
1261 2227 1580 2305 postposita
1626 2225 1831 2295 suerit,
1892 2226 2086 2287 adhuc
2134 2244 2349 2287 nomeu
2397 2244 2569 2287 suum
2618 2234 2797 2286 tenet.
2871 2224 3131 2286 Donatus

548 2347 724 2407 quem
781 2328 853 2388 ad
911 2328 1150 2389 modum
1208 2327 1378 2396 dixit,
1437 2346 1645 2387 sensus
1702 2346 1876 2388 verus
1921 2334 2038 2396 est,
2087 2330 2554 2414 expressionon
2603 2337 2691 2388 est
2738 2326 2933 2405 plena.
3024 2326 3127 2387 sed

472 2448 522 2487 20
550 2441 611 2493 tu
657 2431 809 2491 hanc
855 2420 1143 2492 rationem
1192 2437 1357 2491 tene:
1405 2431 1762 2508 praepositio
1797 2438 1911 2490 tam
1945 2429 2044 2490 diu
2091 2438 2180 2490 est
2222 2449 2289 2490 re
2335 2448 2471 2490 vera
2519 2430 2906 2508 praepositio,
2955 2449 3130 2508 quam

548 2534 644 2594 diu
690 2534 1104 2612 praeponitur,
1161 2540 1228 2591 ut
1282 2539 1418 2592 ante
1480 2530 1790 2609 templum,
1848 2541 1985 2610 post
2038 2540 2299 2613 tempus:
2357 2538 2492 2611 post
2532 2534 2892 2610 praepositio
2938 2540 3029 2592 est
3073 2540 3132 2592 et

548 2638 961 2715 praeponitur,
1019 2643 1079 2695 et
1130 2634 1260 2694 iure
1318 2642 1512 2695 servat
1568 2641 1628 2694 et
1672 2652 1889 2694 nomen
1933 2652 2102 2694 suum
2150 2641 2210 2694 et
2260 2634 2764 2712 significationem.
2858 2635 3034 2694 etiam
3078 2634 3130 2693 si

547 2745 934 2818 postponatur
988 2738 1119 2818 ipso
1174 2754 1311 2797 casu
1365 2742 1676 2807 manente,
1736 2737 1831 2797 cui
1886 2735 2237 2815 iungebatur
2280 2738 2646 2816 praeposita,
2705 2734 2889 2797 nihilo
2933 2737 3130 2798 minus

548 2842 916 2920 praepositio
987 2846 1102 2909 est,
1171 2845 1310 2918 puta
1370 2847 1503 2919 post
1553 2848 1819 2918 tempus,
1883 2847 2117 2916 tempus
2170 2848 2332 2918 post,
2378 2841 2654 2919 quoniam
2702 2848 2760 2900 et
2804 2839 2917 2899 hac
2959 2847 3129 2918 parte

471 2957 521 2998 25
548 2944 678 3022 ipse
723 2960 893 3002 casus
939 2949 1054 3014 est,
1113 2949 1171 3001 et
1214 2939 1311 3000 illa
1369 2948 1538 3020 parte
1582 2943 1709 3021 ipse
1753 2959 1928 3001 casus
1972 2949 2087 3010 est,
2145 2942 2506 3020 praepositio
2553 2949 2659 3002 est.
2751 2962 2783 3002 e
2828 2942 3129 3002 contrario

545 3046 596 3105 si
652 3051 839 3105 mutet
892 3061 1123 3112 casum,
1183 3045 1300 3103 iam
1357 3060 1476 3103 non
1534 3052 1621 3102 est
1672 3044 2058 3123 praepositio,
2132 3051 2195 3103 ut
2248 3043 2298 3102 si
2351 3042 2513 3103 dieas
2568 3044 2587 3072 ‘
2602 3052 2739 3123 post
2803 3048 3125 3124 tempore',

548 3145 808 3223 ‘longo
862 3154 1030 3225 post
1086 3153 1421 3224 tempore
1476 3146 1733 3205 venit’.
1825 3147 1941 3206 iam
1987 3147 2268 3224 quoniam
2311 3146 2557 3206 mutavit
2600 3163 2832 3214 casum,
2882 3164 3129 3206 neeesse

547 3246 730 3308 habet
773 3256 832 3307 et
886 3245 1010 3307 illic
1065 3265 1283 3307 nomeu
1329 3253 1726 3317 commutare,
1774 3254 1833 3308 et
1876 3245 2054 3307 habet
2097 3246 2440 3307 adverbium
2485 3249 2634 3308 fieri.
2720 3248 2980 3309 Donatus
3024 3267 3125 3309 au-

549 3358 667 3411 tem
713 3349 860 3409 dixit
904 3351 1058 3409 ‘tam
1103 3348 1202 3409 diu
1247 3350 1610 3428 praepositio
1657 3356 1780 3418 est,
1828 3366 2003 3426 quam
2050 3348 2149 3409 diu
2192 3350 2609 3428 praeponitur;
2658 3351 2980 3429 postposita
3026 3369 3128 3411 au-

472 3460 666 3513 sotem
716 3453 911 3512 statim
958 3449 1297 3511 adverbium
1345 3456 1488 3512 est’.
1562 3450 1774 3512 falsum
1820 3458 1935 3511 est:
1986 3469 2120 3511 nam
2168 3462 2227 3512 et
2269 3452 2593 3530 postposita
2637 3460 2832 3531 potest
2877 3453 3130 3512 inveniri

545 3554 928 3633 praepositi0.
1017 3554 1064 3614 si
1111 3554 1266 3613 enim
1313 3553 1473 3613 dicas
1519 3556 1789 3632 ‘tempus
1834 3557 2022 3632 post’,
2082 3570 2199 3630 quo
2246 3553 2420 3614 modo
2466 3558 2831 3615 ‘transtra
2888 3573 3015 3633 per
3062 3562 3132 3614 et

545 3661 840 3730 remos',
893 3653 897 3734 ᾗ
952 3672 1090 3714 eece
1136 3656 1458 3734 postposita
1506 3663 1620 3725 est,
1673 3663 1732 3715 et
1777 3653 1961 3716 nihilo
2007 3656 2199 3715 minus
2242 3657 2601 3734 praepositio
2649 3662 2757 3717 est.
2820 3673 2960 3733 ergo
3007 3672 3128 3715 nou

543 3757 776 3818 ‘videtur
821 3755 971 3818 male
1017 3755 1404 3825 intellexisse,
1463 3756 1566 3816 sed
1613 3756 1764 3817 male
1810 3756 2057 3825 dixisse,
2106 3775 2235 3817 rem
2278 3758 2470 3834 ipsam
2515 3775 2636 3816 non
2685 3756 2837 3816 bene
2885 3776 3126 3837 expres-

545 3861 724 3928 sisse;
787 3868 1050 3920 ceterum
1108 3877 1345 3919 sensum
1401 3859 1697 3935 integrum
1753 3860 1978 3937 posuit,
2038 3859 2506 3938 praepositiones
2561 3857 2911 3938 plerumque
2955 3877 3125 3937 prae-

472 3981 521 4020 35
549 3962 691 4042 poni
755 3959 965 4021 solent.
1040 3958 1180 4036 quid
1251 3967 1341 4019 est
1410 3968 1608 4021 autem
1682 3961 2019 4039 praeposita
2097 3958 2184 4020 vel
2257 3962 2614 4040 postposita,
2692 3961 2944 4022 diximus
3009 3962 3124 4020 iarn

547 4064 839 4142 superius

716 4163 1209 4242 Praepositiones,
1258 4162 1492 4243 quando
1539 4162 1698 4224 solae
1742 4157 1897 4233 sunt,
1942 4163 2292 4243 plerumque
2322 4165 2483 4244 ipsae
2527 4174 2845 4233 acuuntur;
2893 4163 3127 4243 quando

689 4368 714 4418 1
755 4368 965 4433 ignosce
997 4369 1098 4418 illis
1129 4368 1274 4419 BCa
1412 4366 1445 4418 3
1481 4381 1614 4434 ecoe*
1632 4368 1695 4416 de
1723 4368 1820 4416 ista
1854 4366 1968 4431 ipsa
2003 4382 2055 4415 re
2091 4366 2181 4416 hoc
2217 4369 2324 4416 loco
2350 4383 2444 4419 om.
2480 4366 2531 4416 B
2544 4368 2585 4417 C
2720 4367 2873 4432 paulo
2908 4377 3024 4417 ante
3059 4369 3128 4417 Cb

552 4436 700 4503 paulo
739 4448 854 4501 post
889 4438 940 4488 B
1085 4440 1147 4489 12
1182 4440 1376 4504 primae
1414 4445 1663 4486 caeterum
1700 4437 1785 4487 A?
1813 4451 1951 4490 corr.
1993 4438 2207 4501 primam
2248 4447 2297 4486 et
2334 4446 2555 4486 ceterum
2592 4453 2626 4486 a
2662 4439 2876 4502 primam
2910 4448 2959 4488 et
2991 4449 3124 4487 eete-

551 4522 660 4557 rum
707 4517 954 4569 expuncto
990 4518 1037 4558 et
1064 4508 1115 4558 B
1251 4509 1312 4558 17
1353 4517 1516 4572 potest
1560 4508 1690 4556 enim
1739 4507 2031 4571 praeposita
2069 4522 2102 4555 a
2150 4515 2315 4572 potest
2356 4507 2664 4573 praepositio
2704 4508 2753 4556 Α
2790 4516 2953 4571 potest
2992 4509 3124 4556 enim

551 4578 862 4642 praepositio
902 4578 1002 4628 BC
1106 4581 1171 4629 22
1210 4589 1255 4626 et
1296 4579 1374 4627 ius
1410 4585 1578 4627 seruat
1620 4576 1667 4626 B
1772 4578 1839 4626 27
1876 4573 2048 4642 longo]
2102 4578 2259 4642 Very,
2296 4577 2454 4631 bucol.
2498 4578 2545 4639 1,
2580 4575 2649 4628 30
2777 4577 2840 4628 31
2882 4575 3119 4643 transtra]

558 4648 718 4711 Ver9.
758 4647 885 4697 Aen.
914 4648 959 4695 V
992 4648 1094 4698 603
1200 4647 1267 4698 33
1306 4649 1625 4711 expressisse
1661 4645 1734 4696 ab
1773 4661 2017 4712 expresse
2042 4646 2187 4696 ABG
2290 4646 2359 4698 34
2394 4647 2795 4712 praepositiones
2828 4646 3126 4713 plerumque

548 4715 821 4782 (praeponi
855 4718 977 4772 add.
1001 4720 1060 4781 α)
1101 4718 1265 4769 solent
1296 4718 1417 4782 quid
1457 4728 1535 4768 est
1569 4726 1735 4766 autem
1772 4717 2066 4783 praeposita
2103 4717 2182 4765 uel
2222 4718 2502 4783 postposita
2538 4716 2762 4767 diximus
2798 4718 2847 4766 A
2861 4717 2943 4767 B?
2978 4733 3125 4783 prae·

551 4787 828 4851 positiones
864 4788 1160 4852 plerumque
1192 4788 1355 4839 solent
1391 4788 1593 4851 quidem
1623 4787 1869 4853 praeponi
1905 4786 1987 4836 uel
2024 4787 2259 4852 postponi
2296 4797 2349 4837 ut
2386 4787 2607 4836 diximus
2648 4787 2726 4838 Cb
