3541 5564
644 345 773 410 220
1591 356 1594 357 ’
1782 345 2085 407 ΡΟΜΙἘΙΙ

697 468 740 509 p.
767 457 947 497 svs-so
973 454 1018 495 1..

644 536 957 615 participio
1012 535 1238 605 futuro,
1306 553 1481 596 nemo
1536 533 1678 594 dicit
1732 532 2131 593 calescituruS.
2234 550 2348 611 qua
2403 535 2633 595 ratione
2688 539 2854 593 caret
2909 532 3223 612 participio

645 638 828 700 futuri
888 639 1207 717 temporis?
1277 637 1428 698 llaec
1481 654 1656 697 causa
1716 642 1820 695 est.
1913 653 2089 696 omne
2143 636 2519 715 participium
2579 636 2760 696 futuri
2815 636 3099 714 temporis
3152 633 3223 695 ab

645 741 830 801 activa
876 741 1301 818 significatione
1348 740 1635 817 originem
1681 736 1843 798 ducit
1886 756 1918 797 a
1964 738 2286 817 praeterito
2330 739 2579 816 passivo.
2641 744 2778 816 puta
2820 735 3037 807 lectuS,
3086 735 3223 797 tolle

644 842 782 904 inde
812 862 858 912 s,
905 841 1056 904 adde
1088 861 1207 913 ruS,
1256 841 1398 902 lacit
1426 840 1718 902 lecturus:
1764 842 2038 919 scriptuS,
2074 838 2396 900 tolle‘inde
2427 858 2473 910 s,
2521 838 2672 899 adde
2702 858 2822 908 ωε,
2870 840 3009 900 facit
3038 839 3223 917 scrip·

645 953 841 1007 turus:
901 945 1168 1012 auditus,
1216 942 1355 1003 tolle
1398 942 1536 1003 inde
1580 959 1624 1017 S,
1674 941 1825 1005 adde
1868 960 1996 1011 rus,
2053 942 2193 1002 facit
2236 941 2563 1003 auditurus,
2653 959 2794 1019 ergo
2840 941 3002 1003 vides
3044 943 3270 1019 parti-5

647 1048 795 1127 cipia
843 1048 1028 1109 futuri
1070 1046 1360 1125 temporis
1406 1064 1435 1106 a
1467 1045 1806 1125 praeteritis
1848 1044 2129 1124 perfectis
2172 1045 2392 1103 venire.
2482 1062 2614 1104 cum
2661 1052 2856 1104 autem
2904 1043 3228 1104 dixerimus

644 1151 1036 1229 praeteritum
1082 1147 1414 1228 perfectum
1461 1165 1580 1207 non
1626 1147 1881 1207 inveniri
1924 1148 1983 1206 in
2030 1147 2141 1207 isto
2184 1144 2396 1217 verbo,
2445 1147 2712 1225 sequitur
2768 1151 2834 1207 ut
2875 1144 3021 1206 illud
3071 1146 3224 1225 quod

646 1252 784 1312 inde
841 1252 1103 1312 nascitur
1160 1268 1276 1310 non
1331 1250 1683 1310 inveniatur.
1774 1248 1918 1309 haec
1976 1266 2148 1310 causa
2208 1247 2345 1309 facit
2398 1257 2465 1309 ut
2516 1266 2634 1309 non
2685 1245 2693 1329 Ι
2742 1249 2935 1327 possit'
2978 1249 3231 1308 inveniri

649 1353 762 1415 hoc
807 1353 1183 1433 participium
1231 1351 1412 1412 futuri
1460 1353 1762 1430 temporis
1854 1351 1964 1411 ista
2014 1359 2103 1412 est
2146 1350 2348 1428 regula
2394 1348 2879 1411 inchoativorum.
2976 1384 2985 1393 ν

409 1470 527 1532 413,
561 1469 622 1519 10
813 1455 1080 1515 Perfecta
1113 1452 1317 1532 regula
1352 1460 1456 1524 est,
1503 1453 1602 1514 ubi
1635 1454 1847 1534 plenus
1880 1462 1971 1514 est
2015 1471 2243 1523 sensuS,
2277 1460 2342 1513 ut
2371 1453 2420 1514 si
2452 1450 2613 1512 dicas
2643 1451 2776 1530 lego
2818 1452 3017 1513 scribo
3049 1467 3293 1513 currum

408 1540 527 1635 5055,
559 1540 620 1587 14
645 1556 1012 1636 simpliciter.
1068 1556 1490 1636 frequentativa
1525 1562 1628 1630 est,
1661 1554 1766 1616 uhi
1796 1574 1973 1634 saepe
2006 1574 2114 1617 nos
2145 1554 2362 1635 aliquid
2395 1554 2591 1616 facere
2620 1554 3008 1625 ostendimus,
3044 1562 3111 1615 ut
3141 1562 3227 1615 est

647 1658 864 1729 lectito,
910 1658 968 1718 id
1003 1666 1092 1720 est
1119 1676 1299 1737 saepe
1327 1657 1481 1736 lego,
1528 1658 1813 1736 scriptito,
1847 1657 1903 1717 id
1937 1666 2025 1719 est
2054 1676 2231 1737 saepe
2263 1655 2476 1744 scribo,
2525 1658 2763 1727 cursito,
2796 1675 2973 1736 saepe
3029 1676 3225 1717 curro.

644 1761 1071 1841 frequentativa
1103 1758 1280 1821 verba
1313 1768 1450 1821 sunt
1479 1762 1610 1821 ista.
1674 1761 1734 1820 in
1768 1760 1860 1820 his
1890 1760 2336 1837 frequentativis
2365 1759 2514 1819 dixit
2542 1777 2718 1819 unam
2751 1777 2879 1820 rem
2920 1760 3225 1839 optimam,
3251 1738 3265 1755 Χ

647 1862 752 1925 sed
797 1881 913 1923 non
962 1864 1206 1927 firmam.
1254 1864 1476 1925 scimus
1521 1863 1799 1940 quoniam
1846 1863 2007 1923 novit
2050 1871 2108 1921 et
2151 1859 2454 1931 intellexit,
2504 1861 2606 1921 sed
2656 1879 2774 1921 non
2805 1862 2881 1921 ita
2916 1863 3224 1940 expressit,

647 1983 818 2043 quem
852 1965 925 2025 ad
970 1964 1209 2026 modum
1256 1953 1475 2025 debuit.
1539 1966 1620 2026 ait
1661 1965 1762 2051 sic,
1812 1983 2016 2024 omnes
2060 1964 2281 2025 formas
2321 1964 2784 2042 frequentativas
2828 1965 3054 2044 primae
3101 1983 3228 2024 esse
3253 1974 3295 2016 ¹⁵

654 2068 1104 2144 coniugationis,
1152 2076 1219 2128 ut
1262 2076 1354 2127 est
1395 2065 1595 2129 lectito
1625 2065 1871 2135 lectitas,
1920 2068 2189 2144 scriptito
2220 2067 2531 2146 scriptitas
2594 2084 2796 2127 verum
2829 2075 2920 2127 est
2950 2068 3227 2143 quoniam

645 2171 836 2230 omnis
879 2169 1068 2229 forma
1114 2170 1539 2248 frequentativa
1584 2170 1812 2249 primae
1844 2169 2277 2247 coniugationis
2308 2176 2421 2237 est;
2470 2177 2529 2228 et
2572 2167 2722 2228 adde
2766 2166 2928 2238 illud,
2979 2170 3123 2228 siin
3169 2176 3226 2228 to

644 2277 830 2342 exeat,
878 2272 1146 2350 scriptito
1177 2272 1493 2350 scriptitas,
1527 2270 1726 2332 lectito
1758 2269 2005 2340 lectitas,
2039 2271 2257 2331 ctu-sito
2289 2272 2556 2331 cursitas.
2618 2273 2670 2331 si
2701 2272 2858 2331 enim
2889 2272 3225 2350 frequenta-

644 2376 756 2435 tiva
789 2373 977 2434 forma
1008 2373 1189 2433 fuerit
1220 2382 1277 2432 et
1306 2391 1424 2433 non
1455 2374 1516 2433 in
1550 2381 1607 2433 to
1639 2374 1866 2444 exierit,
1901 2371 2005 2433 sed
2040 2372 2229 2442 aliter,
2262 2374 2379 2433 iam
2410 2374 2640 2435 recedit
2669 2392 2700 2434 a
2734 2373 2955 2451 regula.
3000 2373 3227 2434 lacesso

642 2494 761 2536 non
806 2475 948 2535 facit
989 2473 1259 2545 lacessas,
1305 2474 1407 2535 sed
1455 2474 1715 2536 lacessis,
1788 2492 1929 2554 ergo
1959 2481 2155 2554 potest
2182 2474 2672 2554 frequentativum
2707 2465 2853 2536 etin
2886 2482 2946 2535 to
2979 2484 3037 2537 et
3066 2477 3125 2536 in
3161 2495 3226 2536 so
3251 2490 3296 2528 20

644 2578 828 2638 exire.
874 2579 923 2637 si
951 2583 1148 2638 autem
1180 2578 1673 2657 frequentativum
1704 2578 1766 2638 in
1799 2584 1858 2639 to
1890 2584 2076 2647 exeat,
2112 2595 2355 2638 necesse
2386 2587 2475 2639 est
2503 2580 2732 2659 primae
2763 2580 2836 2638 sit
2862 2580 3226 2657 coniugatio-

645 2682 763 2750 nis;
812 2681 863 2741 si
908 2681 966 2740 in
999 2698 1083 2749 so,
1117 2688 1294 2759 prout
1323 2682 1623 2741 inventum
1653 2681 1849 2749 fuerit,
1897 2679 2209 2759 aliquando
2239 2681 2533 2741 invenitur
2567 2681 2627 2739 in
2658 2681 2867 2759 prima,
2914 2679 3227 2760 aliquando

643 2785 701 2844 in
748 2782 939 2844 tertia.
1030 2784 1456 2863 frequentativa
1509 2791 1701 2843 autem
1758 2784 1871 2843 ista
1917 2781 2061 2844 nihil
2106 2781 2261 2867 aliud
2308 2782 2641 2861 significant
2695 2784 2806 2844 nisi
2851 2784 3225 2860 frequentem

643 2892 856 2947 actum.
919 2885 1066 2946 haec
1109 2893 1303 2946 autem
1348 2885 1526 2947 verba
1573 2884 1888 2965 aliquando
1933 2887 1990 2945 in
2038 2904 2222 2947 unum
2256 2884 2504 2964 gradum
2538 2893 2762 2946 tantum
2798 2885 3224 2959 conscendunt,

644 2987 957 3066 aliquando
1014 2988 1076 3048 in
1132 2988 1309 3056 duos;
1368 2989 1428 3047 in
1485 3004 1696 3057 unum,
1759 2992 1821 3046 ut
1867 2984 1873 3064 Ι
1923 2985 2057 3065 lego
2116 2987 2343 3058 lectito,
2403 2989 2462 3048 in
2509 2986 2672 3057 duos,
2721 2994 2783 3048 ut
2828 3005 3004 3048 curro
3050 2999 3296 3048 cursozs

645 3091 897 3159 cursito,
957 3089 1153 3150 scribo
1210 3091 1432 3170 scripto
1487 3089 1777 3168 scriptito.
1869 3106 1982 3166 qua
2035 3091 2265 3151 ratione
2320 3088 2426 3150 tibi
2481 3090 2600 3150 dixi
2667 3089 2845 3169 paulo
2911 3096 3048 3150 ante
3094 3089 3224 3160 hoc,

644 3193 918 3271 quoniam
963 3193 1014 3252 si
1058 3194 1117 3252 in
1164 3199 1224 3252 to
1271 3195 1482 3254 exierit
1524 3191 2017 3271 frequentativum
2051 3191 2317 3261 verbum,
2366 3194 2592 3272 primae
2639 3202 2727 3254 est
2759 3193 3221 3270 coniugationis;

646 3294 697 3352 si
728 3295 787 3354 in
820 3312 905 3362 so,
940 3312 1061 3354 non
1094 3292 1213 3353 dixi
1245 3295 1472 3364 tertiae,
1521 3294 1622 3355 sed
1655 3303 1835 3374 prout
1867 3313 1931 3354 se
1962 3312 2134 3355 casus
2165 3293 2480 3355 obtulerit?
2526 3314 2640 3374 qua
2663 3295 2932 3355 ratione?
2978 3300 3228 3374 propter

647 3393 761 3454 hoc
804 3392 1069 3464 verbum,
1118 3404 1254 3475 puta
1303 3395 1464 3477 [lego
1510 3396 1709 3457 lectito
1756 3394 1963 3477 curro]
1999 3415 2173 3458 curso
2218 3394 2534 3477 [cursito];
2586 3415 2724 3458 ecce
2770 3415 2944 3458 curso
2991 3399 3078 3457 sic
3123 3403 3227 3466 est,

645 3515 763 3577 quo
808 3495 983 3557 modo
1028 3496 1270 3565 facesso,
1320 3507 1378 3559 et
1423 3506 1618 3560 tamen
1666 3517 1842 3559 curso
1888 3517 2090 3560 cursas
2134 3500 2290 3560 facit.
2369 3516 2511 3576 ergo
2557 3498 2652 3559 illa
2700 3517 2851 3579 quae
2897 3500 2956 3558 in
3006 3507 3064 3559 to
3112 3500 3297 3560 exitoe

645 3598 1051 3660 indifferenter
1096 3601 1321 3679 primae
1368 3610 1456 3662 est
1500 3601 1959 3678 coniugationis‚
2009 3602 2118 3660 ista
2167 3618 2317 3680 quae
2374 3602 2435 3660 in
2491 3619 2555 3660 so
2611 3599 2925 3680 aliquando
2970 3604 3225 3680 primae,

645 3699 962 3778 aliquando
1019 3703 1245 3763 tertiae.
1347 3702 1490 3763 illud
1548 3705 1723 3762 etiam
1780 3703 1932 3762 scire
1992 3701 2305 3772 debemus,
2375 3703 2625 3763 inveniri
2682 3702 2834 3782 apud
2893 3721 2999 3762 nos
3053 3702 3227 3763 verba

646 3804 839 3884 aliqua
895 3803 1270 3884 principalia,
1332 3823 1481 3883 quae
1541 3811 1807 3884 possunt*
1843 3805 2037 3866 facere
2083 3805 2445 3865 diminutiva.
2546 3806 2815 3865 novimus
2869 3807 2928 3865 in
2990 3807 3227 3865 nomine

645 3906 759 3967 hoc
804 3922 932 3966 esse
977 3905 1197 3967 dictum
1247 3906 1411 3987 [sunt
1454 3906 1648 3986 aliqua
1696 3907 1935 3966 nomina
1982 3925 2126 3967 sono
2174 3906 2534 3974 diminutiva,
2582 3906 2882 3968 intellectu
2931 3909 3225 3987 priucipa-

648 4006 777 4089 lia]‚
823 4016 889 4068 ut
933 4026 1104 4068 mons
1148 4009 1521 4069 monticulus,
1614 4008 1726 4068 hoc
1774 4009 1948 4069 etiam
1992 4010 2054 4070 in
2098 4008 2296 4069 verbis
2341 4028 2658 4088 possumus
2701 4010 2999 4078 invenire,
3046 4017 3111 4070 ut
3153 4010 3226 4070 sit
3250 4018 3297 4058 ὣ

647 4109 891 4172 verbum
936 4108 1267 4189 principale
1315 4119 1374 4171 et
1416 4112 1590 4172 saciat
1634 4107 2064 4180 diminutivum,
2114 4119 2179 4172 ut
2224 4120 2314 4172 est
2356 4110 2571 4173 sorbeo
2603 4118 2663 4172 et
2691 4129 2857 4190 sugo,
2918 4112 3031 4172 ista
3062 4113 3224 4191 prin·

781 4353 813 4402 3
848 4350 1219 4416 significatione
1255 4365 1347 4399 om.
1379 4350 1426 4398 A
1449 4353 1508 4414 B,
1547 4349 1668 4399 add.
1696 4346 1806 4399 a*b
1950 4350 2089 4398 ducit
2125 4351 2195 4398 ita
2232 4350 2504 4414 praeterito
2542 4350 2707 4401 ABG
2841 4351 2876 4400 8
2916 4347 3219 4415 invenimur]

647 4423 958 4472 inueniretur
988 4420 1093 4471 AG
1127 4423 1450 4469 inueneretur
1487 4420 1537 4468 B
1678 4421 1744 4469 22
1785 4420 2055 4484 aliquando
2086 4422 2264 4482 Priore
2300 4423 2407 4470 loco
2441 4433 2531 4469 om.
2573 4421 2653 4486 A,
2692 4421 2815 4474 add.
2853 4437 2886 4470 a
3029 4421 3095 4471 26
3133 4421 3225 4470 hoc

647 4493 886 4556 quoniam
922 4491 966 4541 si
1002 4491 1052 4538 in
1085 4497 1134 4538 to
1171 4489 1351 4538 exierit
1383 4490 1525 4540 BGa
1564 4489 1659 4538 lioc
1687 4490 1738 4538 in
1778 4499 1827 4539 to
1859 4493 1903 4539 si
1941 4490 2121 4540 exierit
2152 4490 2201 4537 A
2341 4488 2409 4539 28
2438 4505 2536 4541 non
2566 4491 2693 4541 dixit
2728 4490 2778 4539 A
2920 4501 3226 4556 quapropter

647 4562 742 4611 hoc
783 4563 990 4612 uerbum
1027 4561 1227 4622 (uerum
1272 4557 1335 4622 C)
1368 4568 1490 4625 puto
1532 4560 1644 4626 lego
1684 4560 1847 4610 ABG
1984 4561 2051 4612 29
2087 4561 2162 4609 sic
2199 4567 2275 4609 est
2310 4560 2421 4609 AB
2455 4561 2530 4609 sic
2563 4562 2666 4610 exit
2708 4561 2784 4611 Cb
2927 4561 2991 4612 31
3035 4561 3225 4627 primae

647 4640 723 4682 est
755 4630 1128 4696 coniugationis
1165 4645 1255 4684 om.
1287 4631 1362 4691 Α,
1395 4632 1518 4683 add.
1548 4648 1581 4680 a
1724 4630 1791 4680 32
1831 4631 1979 4679 etiam
2018 4647 2111 4680 om.
2152 4631 2193 4680 C
2330 4631 2485 4678 uerba
2532 4632 2697 4695 aliqua
2751 4631 3057 4696 principalia
3099 4645 3225 4694 quae

647 4719 709 4752 ex
748 4718 805 4753 se
841 4702 1033 4752 faciunt
1068 4700 1371 4751 diminutiua
1407 4702 1659 4752 intellectu
1701 4709 1867 4750 autem
1906 4700 2209 4768 principalia
2240 4708 2292 4749 ut
2326 4715 2470 4748 mons
2510 4701 2550 4750 G
2666 4700 2733 4751 34
2762 4701 2949 4750 dictum
2984 4714 3101 4751 sum
3138 4701 3226 4749 uli-

646 4788 746 4834 qna
790 4773 1019 4833 (nomina
1055 4769 1175 4823 add.
1208 4771 1261 4833 b)
1313 4773 1612 4839 principalia
1654 4785 1784 4834 quae
1830 4786 1892 4820 ex
1942 4787 1997 4820 se
2048 4769 2236 4819 faciunt
2289 4770 2591 4820 diminutiua
2634 4771 2682 4820 B
2852 4771 2925 4840 136
2974 4787 3105 4837 sugo
3148 4770 3224 4820 Cb

647 4857 807 4908 sugeo
843 4842 952 4891 AB
