3541 5564
585 361 714 427 340
1678 367 2085 429 CONSENTII

637 485 679 525 p.
708 475 821 514 2020.
847 475 894 513 21
926 474 970 513 P.
1385 512 1398 517 -

587 556 794 614 dexter
839 557 1113 623 sinister,
1170 576 1320 634 quae
1377 558 1821 634 conparativum
1877 557 2124 633 gradum
2172 557 2508 617 admittunt.
2597 568 2734 618 sunt
2790 561 2900 619 alia
2946 564 3161 637 gentis,

589 664 651 717 ut
707 656 967 716 Graecus
1037 657 1351 737 Hispanus
1443 666 1580 717 sunt
1634 657 1745 717 alia
1804 661 2060 737 patriae,
2121 665 2185 718 ut
2242 658 2560 719 Thebanus
2618 660 2933 720 Romanus.
3025 671 3165 723 sunt

586 758 696 817 alia
747 762 1008 828 numeri,
1074 767 1139 819 ut
1196 778 1347 819 iuius
1391 760 1526 818 duo.
1618 767 1755 818 sunt
1813 760 1925 819 alia
1984 759 2242 828 ordiuiS,
2304 767 2368 819 ut
2413 763 2642 839 primus
2687 764 3012 833 secundus;
3061 765 3162 824 sed

584 864 813 939 primus
858 862 929 920 de
978 862 1208 927 multis,
1266 862 1338 920 de
1385 860 1616 919 duobus
1660 865 1826 940 prior
1872 862 2119 929 (licitur,
2179 864 2333 921 sicut
2377 861 2448 920 de
2495 862 2727 923 duobus
2772 864 3023 925 alterum
3070 866 3161 924 di-

585 965 805 1027 cimus,
865 963 936 1021 de
995 963 1194 1022 nndtis
1250 962 1450 1022 alium.
1540 969 1677 1021 suut
1745 963 1857 1023 alia
1914 962 2188 1042 specialis
2244 963 2574 1042 qualitatiS,
2635 965 2745 1023 sub
2793 965 2887 1025 illa
2936 966 3216 1026 scilicet5

585 1064 865 1142 qualitate
922 1084 1072 1143 quae
1135 1063 1498 1139 generaliter
1555 1067 1779 1124 nomini
1841 1065 2082 1131 accidit,
2162 1072 2224 1122 ut
2289 1064 2477 1124 bouus
2542 1066 2750 1126 nialus.
2850 1075 2990 1126 sunt
3048 1067 3162 1127 alia

585 1168 958 1244 quantitatis,
1025 1174 1087 1225 ut
1145 1182 1392 1241 magnus
1448 1184 1684 1243 parvuS.
1775 1166 1920 1226 haec
1980 1167 2208 1226 mediae
2267 1167 2723 1243 significationis
2765 1167 3060 1229 habentur
3105 1177 3164 1228 et

585 1270 753 1346 quasi
812 1268 1038 1327 adiecta
1096 1267 1467 1335 nominihuS,
1527 1286 1675 1345 quae
1735 1269 1914 1327 etiam
1984 1269 2243 1346 epitheta
2304 1269 2693 1347 appellantur.
2784 1276 2957 1348 atque
3016 1271 3163 1329 haec

586 1376 723 1428 sunt
780 1376 1005 1429 tantum
1060 1371 1331 1437 nomina,
1391 1387 1540 1447 quae
1600 1371 2082 1447 conparationem
2141 1372 2460 1448 recipiunt.
2551 1377 2724 1449 atque
2778 1373 2840 1429 iu
2897 1372 2990 1431 his
3035 1373 3160 1431 sere

585 1471 823 1549 quidem
888 1470 1229 1530 nominihus
1284 1469 1536 1550 qualitas
1592 1474 1897 1532 nominum
1954 1478 2253 1549 spectatur
2308 1474 2595 1532 minutius
2639 1450 2929 1531 divisione
2975 1474 3242 1542 sacta;10

585 1579 850 1631 ceterum
895 1572 1040 1631 haec
1097 1575 1226 1651 ipsa
1272 1575 1546 1632 universa
1593 1574 1665 1632 ad
1709 1574 1872 1633 illam
1916 1573 2257 1652 qualitatem
2305 1575 2572 1633 revocari
2619 1582 2894 1651 possunt,
2954 1582 3019 1633 ut
3063 1582 3163 1634 aut

584 1673 933 1751 appellativa
979 1674 1252 1734 dicantur
1298 1681 1399 1733 aut
1442 1677 1703 1752 propria.
1767 1682 2075 1753 praeterea
2123 1675 2430 1735 sciendum
2472 1680 2563 1734 est
2592 1675 2879 1753 quaedam
2926 1678 3163 1735 nomina

585 1794 714 1834 csse
761 1782 821 1833 ct
866 1778 1107 1853 propria
1154 1782 1213 1833 et
1258 1776 1635 1854 appellativa,
1686 1784 1748 1834 ut
1795 1778 1985 1836 scrofa
2032 1777 2317 1837 dolabella
2363 1796 2520 1837 sura.
2597 1778 2750 1836 item
2783 1778 2936 1837 scire
2984 1775 3161 1835 debe-

584 1895 715 1937 mus
759 1878 944 1955 qu0d‚
1005 1895 1182 1955 quem
1237 1878 1307 1937 ad
1367 1877 1604 1937 modum
1662 1885 1801 1938 sunt
1855 1880 2091 1938 nomina
2151 1878 2501 1958 appellativa
2557 1880 2783 1957 primae
2829 1879 3161 1956 positioniS,

585 1986 647 2037 ut
693 1997 860 2038 mons
905 1978 1120 2047 schola,
1171 1989 1306 2039 sunt
1349 1979 1673 2039 derivativa
1720 2000 1750 2039 a
1798 1982 2065 2048 nomine,
2127 1987 2190 2038 ut
2247 1988 2557 2039 montanus
2613 1980 3029 2045 scholasticus,
3078 1980 3159 2038 ita
3192 2001 3240 2041 15

583 2089 646 2138 et,
685 2082 957 2158 propria:
1019 2099 1152 2140 nam
1210 2081 1439 2141 Tullius
1495 2083 1636 2141 facit
1692 2080 2019 2141 Tullianus.
2111 2088 2249 2141 sunt
2307 2084 2450 2141 item
2508 2080 2833 2139 derivativa
2879 2100 2910 2138 a
2959 2078 3159 2149 verbe,

584 2189 647 2240 ut
692 2200 724 2240 a
769 2181 900 2258 lego
946 2181 1148 2248 lector,
1200 2184 1342 2241 item
1390 2203 1420 2242 a
1468 2183 1601 2241 dico
1646 2183 1879 2249 dictor,
1927 2203 1958 2241 a
2018 2200 2250 2242 mereor
2307 2189 2617 2242 mercator.
2708 2182 2972 2259 quorum'
3016 2180 3161 2239 haec

582 2290 671 2341 est
717 2282 1024 2352 distantia,
1073 2283 1229 2362 quod
1284 2286 1294 2366 Ι
1341 2304 1372 2344 a
1420 2286 1655 2343 nomine
1703 2285 2000 2342 venientia
2048 2286 2107 2342 in
2155 2304 2182 2342 s
2227 2284 2484 2343 litteram
2531 2282 2836 2350 desinunt,
2886 2288 2950 2341 ut
2994 2300 3159 2341 mou-

584 2392 784 2453 tanus;
833 2405 863 2444 a
911 2385 1093 2444 verbo
1125 2392 1320 2445 autem
1366 2404 1396 2443 ι·
1441 2385 1636 2445 littera
1670 2387 2095 2452 terminantur,
2144 2392 2209 2443 ut
2254 2386 2437 2444 lector
2487 2383 2659 2463 [quid
2704 2384 2970 2460 legulus‘?
3016 2383 3159 2461 quid

586 2485 860 2544 bibulus?
927 2505 1120 2545 nonne
1169 2506 1276 2565 pro
1323 2489 1602 2547 varietate
1650 2487 2086 2561 signiticatuum
2134 2488 2218 2545 sic
2265 2493 2364 2544 aut
2429 2488 2514 2544 sic
2560 2485 2874 2544 dicuntur?
2944 2484 3159 2544 deiude
3189 2509 3241 2549 20

581 2585 873 2663 gerulus]
949 2595 1008 2644 vt
1052 2588 1292 2665 quidem
1338 2608 1368 2646 a
1419 2588 1596 2647 verbo
1645 2589 1938 2646 venientia
1988 2594 2261 2647 neutrum
2307 2605 2494 2663 genus
2540 2605 2653 2646 non
2700 2586 2944 2645 faciunt.
3022 2592 3162 2644 sunt

581 2690 758 2746 etiam
816 2688 1195 2755 diminutiva,
1269 2696 1333 2749 ut
1388 2688 1744 2748 monticulus
1810 2687 2275 2747 scholasticulus.
2366 2688 2712 2746 diminutiva
2779 2694 2975 2745 autem
3041 2705 3158 2746 non

582 2789 768 2849 solum
816 2809 847 2849 a
895 2792 1175 2868 positivo,
1224 2791 1327 2850 sed
1374 2793 1552 2850 etiam
1600 2810 1630 2849 a
1678 2792 2056 2868 conparativo
2102 2791 2290 2866 gradu
2335 2788 2636 2849 interdum
2682 2791 2944 2848 veniunt..
3023 2807 3157 2847 nam

582 2897 646 2949 ut
689 2892 934 2967 grandis
977 2892 1360 2970 grandiculus
1405 2894 1575 2963 facit,
1633 2894 1718 2951 sic
1765 2892 2049 2968 grandior
2103 2890 2578 2968 grandiusculus,
2670 2890 3159 2949 diminutivorum

582 3000 777 3052 autem
848 2999 970 3052 tres
1036 2999 1173 3053 sunt
1236 2994 1483 3068 gradus,
1555 3011 1806 3072 quorum
1874 2994 2064 3052 forma
2122 3011 2296 3070 quam
2354 2994 2543 3068 magis
2600 2993 2920 3059 minuitur,
2980 3009 3155 3068 saepe
3185 3015 3236 3054 25

582 3095 800 3152 crescit
846 3113 1128 3154 numerus
1173 3093 1550 3172 syllabarum.
1641 3095 1743 3154 sed
1794 3097 1853 3154 in
1902 3095 2252 3154 diminutivo
2298 3094 2482 3170 gradu
2529 3092 2644 3152 hoc
2689 3091 3156 3152 animadvertere

581 3194 895 3264 debemuS,
945 3213 1018 3255 ne
1065 3195 1214 3254 t‘orte
1262 3196 1561 3265 fallamur,
1610 3198 1764 3275 quod
1815 3204 1953 3255 sunt.
1983 3196 2270 3274 quaedam
2304 3196 2537 3255 nomina
2570 3197 2739 3274 quasi
2786 3195 3154 3261 diminutiva,

580 3315 731 3375 quae
777 3297 1124 3356 diminutiva
1173 3316 1287 3356 uon
1335 3306 1498 3364 sunt,
1548 3299 1825 3376 quoniam
1873 3299 2064 3375 prima
2099 3298 2313 3375 positio
2346 3314 2552 3355 eorum
2599 3314 2716 3355 non
2763 3297 3046 3362 cernitur,
3096 3302 3159 3352 ut

582 3399 877 3458 vinculum
934 3398 1159 3457 macula
1220 3399 1412 3459 tabula
1471 3400 1686 3458 fabula.
1758 3406 1895 3460 sunt
1942 3408 2249 3477 praeterea
2295 3400 2533 3456 nomina
2581 3397 2958 3476 appellativa,
3007 3415 3155 3475 quae

581 3498 933 3577 principalia
990 3499 1295 3568 dicuntur,
1353 3508 1418 3560 ut
1474 3503 1702 3560 iustitia
1762 3502 2050 3560 doctrina.
2141 3507 2280 3560 suut
2338 3501 2479 3559 item
2538 3501 2776 3559 nomina
2824 3499 3235 3576 participiisso

719 3721 743 3769 1
782 3728 898 3769 sunt
925 3721 1093 3784 gentis
1129 3720 1194 3768 M
1329 3722 1360 3769 2
1394 3729 1511 3770 sunt
1548 3721 1742 3784 patriae
1769 3719 1821 3768 B
1961 3720 1991 3766 7
2032 3727 2083 3767 ut
2126 3732 2315 3782 paruus
2362 3733 2579 3781 magnus
2617 3717 2743 3765 ML
2884 3714 3153 3778 habentur]

579 3789 810 3838 dicuntur
848 3789 925 3838 M.
963 3791 1156 3839 medIae
1186 3791 1568 3853 st'ynifieationis
1605 3794 1798 3838 nomina
1835 3790 1911 3836 vel
1948 3788 2163 3850 epitheta
2197 3788 2399 3837 diversa
2446 3805 2477 3834 a
2512 3786 2785 3836 nominibus
2819 3788 3075 3850 qualitatis
3111 3793 3160 3834 et

578 3861 868 3923 quantitatis
901 3869 1146 3922 tamquam
1182 3875 1353 3910 novam
1387 3861 1599 3920 speeiem
1625 3874 1815 3920 ponere
1857 3861 2019 3906 solent
2047 3858 2383 3921 9⁷·arnmatici,
2414 3858 2676 3905 Diomedes
2712 3871 2763 3917 p.
2807 3854 2925 3913 323,
2967 3857 2999 3903 2
3038 3870 3153 3907 exc,

579 3929 776 3980 Charis.
805 3944 856 3990 p.
891 3928 1010 3992 536,
1041 3929 1103 3978 14
1139 3929 1366 3977 Donatus
1396 3943 1448 3990 p.
1486 3928 1605 3985 374,
1635 3931 1666 3976 2
1701 3927 1907 3976 Servius
1940 3944 1992 3990 p,
2026 3925 2148 3982 430,
2192 3927 2254 3976 12
2295 3927 2557 3988 Pompeius
2580 3941 2633 3986 p.
2670 3926 2792 3983 147,
2828 3925 2908 3974 12.
2956 3940 3159 3988 quorum

577 4000 801 4048 rationes
825 4001 871 4046 si
904 3999 995 4047 hoe
1026 4013 1215 4062 quoque
1251 4001 1360 4048 loco
1390 4004 1587 4046 secutus
1614 4005 1690 4046 ese
1720 3998 2027 4057 Consentius,
2061 3997 2276 4057 definitio
2303 3997 2539 4043 nominum
2566 3995 2759 4043 mediae
2784 3994 3157 4058 significationis

578 4069 783 4117 excidit.
823 4067 918 4115 sed
949 4068 1099 4117 aliter
1122 4068 1366 4117 adiectiva
1394 4068 1612 4129 definivit
1636 4069 1932 4117 Priscianus
1965 4067 1999 4116 1.
2032 4065 2067 4112 11
2105 4082 2158 4128 p.
2185 4064 2271 4124 58,
2313 4065 2375 4113 19
2406 4064 2527 4112 haec
2566 4065 2695 4110 enim
2734 4078 2934 4125 quoque
2970 4078 3097 4125 quae
3127 4077 3158 4110 a

579 4137 821 4200 qualitate
861 4135 937 4184 vel
972 4137 1249 4198 quantitate
1284 4148 1552 4185 sumuntur
1589 4137 1830 4198 speciali,
1871 4136 1921 4183 id
1961 4142 2037 4183 est
2072 4134 2338 4196 adiectiva‚
2378 4134 2669 4181 naturaliter
2707 4132 2993 4180 communia
3038 4140 3158 4181 sunt

578 4206 879 4266 multorum
931 4205 1177 4253 adiectiva
1224 4215 1389 4254 autem
1436 4205 1549 4254 ideo
1598 4215 1876 4267 vocantur,
1919 4204 2054 4265 quod
2098 4201 2212 4252 aliis
2257 4202 2609 4268 appellativis,
2653 4216 2783 4262 quae
2822 4201 3154 4250 substantiam

578 4276 899 4340 significant,
938 4274 1019 4323 vel
1069 4276 1220 4323 etiam
1258 4275 1478 4340 propriis
1526 4275 1658 4323 adici
1713 4275 1877 4324 solent
1926 4275 1989 4321 ad
2042 4271 2462 4320 manifestandam
2516 4285 2689 4319 eorum
2720 4271 3027 4349 qualitatem
3075 4270 3156 4318 vel

579 4347 934 4425 quantitatem,
958 4351 1155 4394 secutus
1179 4344 1495 4408 Apollonium
1527 4347 1591 4394 de
1622 4359 1769 4407 pron.
1800 4362 1855 4408 p.
1891 4343 1959 4392 32
1998 4335 2066 4392 τὰ
2105 4332 2487 4392 ἔπιθετικὰ
2450 4358 2486 4404 η
2523 4331 2879 4405 πηλικότητα
2916 4357 2951 4402 η
2988 4333 3155 4388 ποσό-

580 4431 720 4478 τητα
756 4401 796 4479 ἢ
832 4407 1106 4464 διάθεσιν
1141 4410 1332 4478 ψυχῆς
1368 4412 1541 4478 δηλοῖ
1569 4405 1609 4478 ἥ
1644 4431 1697 4464 τι
1735 4408 1995 4465 τοιοῦτον
2139 4410 2203 4459 10
2248 4406 2528 4474 spectatur]
2578 4408 2870 4472 speculatur
2909 4407 3016 4456 BL

581 4481 644 4531 13
681 4497 794 4532 esse
832 4483 1037 4546 propria
1075 4481 1202 4530 ΒΜ
1341 4482 1589 4532 dolobella
1627 4482 1734 4530 BL
1876 4495 2020 4529 surra
2060 4479 2183 4527 ML
2330 4479 2390 4527 14
2439 4476 2748 4541 appellatiua
2786 4491 2915 4539 quae
2964 4478 3154 4540 primae

580 4552 849 4616 positionis
887 4560 1004 4600 sunt
1037 4559 1090 4600 ut
1119 4566 1264 4600 mons
1301 4552 1365 4600 M
1472 4551 1536 4601 15
1575 4552 1711 4601 scola
1749 4552 1816 4599 ita
1856 4558 1901 4598 et
1940 4550 2145 4614 propria
2180 4562 2296 4596 nam
2334 4545 2508 4595 tullius
2539 4546 2656 4594 facit
2691 4544 2930 4594 tullianus
2956 4545 3155 4606 (tullius

579 4619 819 4671 tullianus
859 4619 978 4669 facit
1013 4618 1089 4681 B)
1139 4626 1256 4670 sunt
1301 4621 1575 4670 diriuatiua
1619 4636 1648 4669 a
1697 4621 1900 4669 nomine
1948 4626 1999 4668 ut
2048 4626 2313 4667 montanus
2362 4616 2659 4665 scolasticus
2694 4621 2810 4664 sunt
2850 4615 2969 4663 item
3013 4615 3154 4672 (item

578 4704 667 4738 om.
708 4692 780 4746 L)
814 4689 1089 4739 diriuatiua
1121 4707 1151 4738 a
1180 4690 1331 4741 uerbo
1373 4691 1556 4739 BML
1675 4690 1736 4738 17
1773 4683 1957 4750 dictor]
1998 4688 2210 4737 dictator
2245 4685 2546 4734 Sic-hardus:
2580 4684 2650 4746 cs.
2688 4684 2893 4735 Cledon.
2927 4699 2981 4745 p.
3010 4684 3095 4741 37,
3123 4684 3154 4731 7

719 4758 783 4807 19
821 4774 844 4805 r
880 4757 1063 4824 littera]
1111 4761 1160 4807 in
1197 4775 1219 4805 r
1257 4759 1474 4808 litteram
1515 4758 1626 4806 BL
1769 4759 1833 4808 21
1875 4765 1922 4804 et
1969 4756 2171 4816 quidem
2209 4755 2335 4804 haec
2373 4771 2402 4803 a
2440 4753 2593 4802 uerbo
2632 4753 2695 4802 M
2835 4754 2903 4801 24
2942 4752 3153 4818 grandi-

582 4826 739 4888 culus]
777 4827 1167 4894 grandiusculus
1206 4829 1265 4877 M
1406 4825 1473 4877 30
1513 4827 1739 4875 doctriua
1778 4840 1870 4875 om.
1909 4825 2031 4875 BL.
2075 4826 2266 4875 iustitia
2303 4831 2353 4873 et
2386 4822 2613 4872 doctrina
2647 4824 2697 4870 in
2730 4823 2972 4887 eoeemplae's
3005 4824 3153 4871 nonti-
