3541 5564
671 356 797 420 228
1190 352 1198 358 ’
1813 318 2118 420 Pomessu

723 480 767 521 p.
794 469 973 508 296-98
1000 466 1046 506 L.

674 548 829 608 dixi?
906 548 1114 625 nequis
1178 545 1288 607 tihi
1347 545 1603 607 diceret:
1673 562 1789 622 quo
1836 545 2009 606 modo
2068 545 2215 605 dicis
2272 563 2388 604 non
2450 564 2579 605 esse
2645 546 3107 623 significationes
3153 546 3258 605 nisi

673 648 834 720 duae,
884 650 1111 725 agentis
1157 656 1216 710 et
1259 649 1554 727 patientis,
1603 666 1737 708 cum
1768 648 2145 709 inveniantur
2177 649 2349 706 etiam
2385 646 2493 707 alia
2526 645 2738 708 verba?
2782 646 2885 707 sed
2919 649 3018 727 qui
3060 647 3264 708 dicunt

672 752 816 812 duas
863 770 991 812 esse
1037 752 1515 829 significationes,
1564 751 1793 828 agentis
1840 757 1898 809 et
1941 751 2247 828 patientis,
2298 756 2503 809 tenent
2546 768 2609 809 se
2664 749 2736 809 ad
2795 748 2927 810 illas
2972 769 3071 810 res
3118 768 3261 828 quas

672 853 810 924 dixi,
857 854 914 912 id
971 862 1059 914 est
1102 853 1278 914 Plinii
1323 850 1578 911 Secundi
1625 850 2045 911 definitionem.
2137 853 2233 927 qui
2291 860 2484 911 autem
2532 852 2673 912 dicit
2716 850 2826 912 alia
2883 853 3064 913 verba
3111 872 3258 923 esse,

671 962 834 1015 tenet
878 975 942 1017 se
987 955 1061 1015 ad
1105 954 1204 1016 illa
1247 955 1526 1033 quinque,
1575 971 1724 1030 quae
1773 953 1874 1013 tibi
1922 953 2059 1014 dixi.
2120 953 2239 1013 dixi
2288 953 2390 1013 tihi
2439 956 2595 1014 euim
2643 953 2787 1015 illud
2821 957 3074 1015 activum
3110 974 3255 1023 esse,
3282 976 3305 1015 5

672 1057 827 1135 quod
888 1057 1037 1117 alter
1091 1058 1256 1126 facit,
1318 1054 1467 1117 alter
1522 1058 1767 1135 patitur,
1831 1055 1969 1116 illud
2027 1058 2322 1135 passivum
2371 1075 2526 1125 esse,
2587 1056 2743 1136 quod
2783 1059 2793 1131 Ι
2833 1056 2981 1118 alter
3024 1057 3259 1135 patitur,

677 1158 825 1220 alter
872 1160 1027 1220 facit.
1121 1160 1356 1238 quando
1404 1158 1535 1218 dico
1584 1167 1736 1227 nato,
1787 1158 2033 1218 ostende
2080 1158 2222 1218 mihi
2268 1167 2614 1236 utrumque;
2665 1178 2801 1219 ecce
2848 1177 2968 1220 non
3014 1160 3262 1219 invenis.

665 1280 814 1340 «ergo
861 1263 1000 1339 quid
1048 1260 1231 1323 hahes
1276 1260 1512 1322 dicere?
1574 1263 1831 1321 activum
1878 1262 2041 1321 csse?
2119 1262 2221 1321 sed
2267 1278 2386 1321 non
2432 1260 2582 1322 alter
2635 1264 2872 1340 patitur.
2962 1263 3258 1341 passivum

672 1365 845 1423 esse?
906 1363 1010 1423 scd
1059 1365 1187 1444 ipse
1232 1363 1390 1424 solus
1436 1365 1571 1441 agit,
1621 1364 1772 1423 alter
1820 1382 1935 1423 uon
1980 1364 2218 1441 patitur.
2312 1382 2455 1441 ergo
2513 1365 2562 1424 si
2608 1383 2718 1424 nec
2761 1362 2904 1423 illud
2965 1382 3075 1423 nec
3118 1362 3258 1422 illud

671 1486 983 1547 possumus
1027 1466 1246 1535 dicere,
1295 1473 1565 1545 superest
1613 1473 1675 1525 ut
1720 1474 1993 1526 neutrum
2042 1467 2135 1525 sit.
2226 1465 2359 1524 ideo
2406 1465 2776 1526 admiserunt
2819 1467 2930 1544 ipsi
2974 1471 3040 1525 ut
3100 1464 3255 1524 diee—
3283 1483 3326 1519 ιο

671 1577 807 1628 rent
852 1574 1061 1628 neutra
1094 1570 1432 1629 communia
1463 1568 1838 1646 deponentia,
1874 1576 2116 1647 propter
2148 1566 2307 1628 illam
2345 1567 2768 1629 definitionem.
2831 1586 2974 1645 ergo
3006 1569 3257 1627 activum

673 1678 759 1730 cst
806 1670 961 1748 quod
1011 1690 1045 1730 o
1092 1672 1441 1730 terminatur
1488 1679 1545 1731 ct
1591 1675 1830 1749 accepta
1876 1689 1907 1728 r
1951 1669 2144 1729 littera
2191 1672 2331 1730 facit
2360 1672 2673 1749 passivum.
2736 1678 2794 1729 et
2838 1669 3196 1749 deponentia
3228 1689 3256 1729 ι·

671 1772 863 1833 littera
910 1775 1332 1840 terminantur;
1379 1771 1480 1831 sed
1529 1774 1576 1831 si
1624 1773 1788 1849 quasi
1833 1774 2127 1852 passivum
2176 1779 2266 1833 est
2309 1781 2367 1831 el
2393 1793 2424 1832 r
2453 1773 2649 1834 littera
2693 1770 2921 1832 sublata
2969 1791 3086 1832 non
3122 1774 3260 1832 facit

672 1878 944 1946 activum,
993 1875 1296 1955 deponens
1343 1882 1447 1933 est.
1509 1876 1559 1934 si
1605 1882 1801 1934 autem
1849 1876 2018 1954 quasi
2065 1876 2316 1934 activum
2364 1881 2454 1935 est
2500 1882 2559 1934 et
2603 1893 2721 1934 non
2769 1875 2983 1954 accipit
3027 1894 3059 1934 r
3102 1873 3256 1934 litte-

671 1996 826 2047 ram,
894 1976 1158 2038 neutrale
1217 1985 1321 2037 est.
1424 1985 1562 2056 puta
1619 1984 1757 2037 nato
1814 1994 1933 2037 uon
1988 1977 2129 2036 facit
2184 1984 2385 2045 nator;
2456 1994 2596 2054 ergo
2654 1984 2791 2037 nato
2847 1975 3117 2038 neutrale
3173 1982 3258 2035 est
3281 1991 3325 2031 ιε»

671 2079 897 2160 [scribo
945 2100 1059 2141 non
1110 2080 1250 2140 facit
1277 2078 1524 2148 scribor,
1560 2098 1702 2158 ergo
1736 2077 2003 2140 neutrale
2034 2077 2171 2158 est].
2218 2097 2361 2158 ergo
2395 2078 2749 2159 deponentia
2774 2086 2911 2139 sunt
2942 2080 3255 2148 contraria,

668 2202 820 2261 quae
864 2182 1138 2243 videntur
1185 2183 1352 2259 quasi
1407 2183 1632 2261 passiva
1682 2200 1811 2242 esse
1857 2199 1966 2259 nec
2011 2180 2265 2241 redeunt
2310 2184 2368 2242 in
2416 2183 2618 2250 activa,
2678 2189 2744 2241 ut
2786 2180 2979 2242 luctor
3022 2181 3255 2260 loquor.
3301 2256 3305 2258 V

470 2296 646 2358 507,9
841 2285 1187 2355 Quaesitum
1235 2293 1340 2353 est,
1390 2302 1571 2362 quare
1617 2284 1890 2345 dieantur
1936 2282 2309 2363 deponentia.
2390 2285 2724 2345 invenimus
2767 2284 2826 2343 in
2874 2282 3102 2344 artibus
3133 2285 3258 2344 istis

671 2387 1007 2465 vulgaribus
1053 2387 1185 2447 ideo
1231 2388 1384 2447 dicta
1430 2406 1560 2447 esse
1608 2386 1783 2446 verba
1831 2387 2202 2465 deponentia,
2252 2388 2528 2463 quoniam
2560 2405 2590 2446 r
2622 2386 2875 2446 litteram
2909 2404 3027 2446 non
3075 2386 3256 2465 depo-

671 2498 835 2558 nunt,
884 2484 1050 2550 κατά
1096 2485 1506 2569 ἄντίφρασιν
1551 2488 1707 2565 qnod
1755 2488 1990 2558 dicitur,
2036 2488 2094 2547 id
2143 2496 2233 2547 est
2264 2510 2295 2547 e
2326 2490 2644 2558 contrarie,
2692 2507 2869 2567 quem
2900 2488 2972 2548 ad
3014 2488 3322 2549 modumm

670 2592 919 2651 dicimus
964 2590 1163 2652 lucum
1210 2590 1284 2651 al»
1331 2612 1418 2659 eo,
1467 2590 1622 2671 quod
1671 2610 1788 2650 non
1836 2591 2046 2660 luceat,
2097 2609 2272 2668 quem
2326 2590 2396 2651 ad
2448 2591 2684 2651 modum
2732 2592 2947 2651 Parcas
3004 2591 3255 2651 dicimus

669 2694 741 2753 al»
790 2714 879 2763 eo,
928 2694 1082 2774 ‹piod
1117 2713 1234 2754 non
1265 2704 1538 2773 par‹·aut;
1587 2692 1721 2752 ideo
1767 2692 2017 2753 dicimus
2064 2699 2120 2751 et
2152 2692 2456 2772 deponens
2487 2692 2733 2754 verbum
2768 2695 2902 2771 quia
2935 2713 2966 2755 r
2995 2693 3252 2754 litteram

671 2818 787 2858 non
834 2797 1105 2878 deponat.
1195 2796 1572 2857 salsissimum
1618 2803 1725 2856 est.
1817 2814 1931 2872 qua
1976 2797 2263 2876 ratione?
2332 2798 2379 2855 si
2429 2799 2583 2857 euim
2628 2797 2762 2856 idco
2808 2796 3025 2857 dicitur
3072 2796 3252 2876 (lepo-

670 2920 815 2961 nens
861 2900 1124 2969 verbum,
1174 2901 1310 2976 quia
1356 2918 1386 2958 r
1433 2897 1687 2959 litteram
1737 2917 1851 2958 non
1899 2898 2170 2977 deponit,
2229 2900 2436 2978 incipit
2481 2907 2541 2959 et
2584 2917 2900 2959 commune
2946 2898 3253 2978 deponens

671 3023 818 3062 osse.
911 3022 1044 3063 nam
1092 2993 1426 3062 comm'uuia
1474 2999 1649 3060 verba
1696 3020 1727 3060 r
1775 3018 2093 3077 numquam
2154 3001 2475 3079 deponunt.
2570 3000 2779 3070 vador,
2835 3001 3073 3080 quaudo
3119 3001 3318 3061 dicoes

668 3105 882 3165 ‘vador
927 3105 1000 3166 ad
1046 3105 1382 3173 iudicium’,
1431 3102 1487 3161 id
1537 3110 1625 3161 est
1669 3102 2060 3163 vadimonium
2107 3105 2405 3183 promitte,
2455 3102 2738 3181 numquid
2771 3122 3019 3183 possum
3053 3103 3251 3163 dicere

669 3207 848 3267 ‘vado
893 3207 1055 3266 illum
1102 3207 1171 3266 ad
1219 3205 1578 3265 iudicium’?
1646 3204 1901 3272 osculor,
1948 3206 2230 3282 nui'uquid
2278 3225 2517 3284 possum
2565 3205 2764 3266 dicere
2811 3204 3049 3266 osculo?
3110 3225 3249 3284 ergo

670 3308 879 3368 salsum
927 3303 1034 3369 est.
1123 3325 1306 3392 quare
1352 3325 1492 3383 ergo
1539 3305 1755 3367 dicitur
1803 3307 2048 3367 verbum
2095 3307 2439 3386 deponens?
2509 3309 2784 3384 quoniam
2829 3307 3074 3387 deponit
3118 3327 3247 3387 par·

668 3412 934 3488 ticipium
982 3411 1166 3470 futuri
1212 3410 1510 3489 temporiS,
1560 3409 1715 3486 quod
1762 3411 1823 3469 in
1872 3409 1981 3470 dus
2028 3411 2164 3470 exit.
2254 3418 2393 3489 puta
2439 3409 2677 3489 loquor,
2737 3411 2829 3471 sac
2873 3412 3248 3489 participium

669 3531 951 3592 praesens
995 3513 1264 3590 loquens,
1313 3513 1697 3589 praeteritum
1746 3509 2009 3580 locutus,
2060 3512 2322 3572 futurum
2367 3511 2700 3581 locuturus;
2745 3512 3084 3592 loquendus
3131 3529 3317 3573 uonao

666 3616 823 3675 facit.
912 3625 1050 3694 puta
1108 3615 1258 3699 siqui
1305 3612 1459 3672 dicat
1505 3615 1865 3692 ‘posteritati
1925 3612 2264 3694 loquendi’‚
2325 3614 2457 3675 dico
2514 3614 2900 3675 soloecismus
2957 3623 3072 3684 est,
3146 3614 3247 3674 sed

667 3717 952 3777 debemus
1006 3717 1204 3776 dicere
1262 3717 1628 3794 ‘posteritati
1683 3716 1991 3776 locuturi'.
2082 3735 2223 3795 ergo
2279 3717 2522 3778 verbum
2580 3717 2884 3796 deponens
2939 3737 3058 3778 non
3117 3717 3249 3777 ideo

667 3820 899 3889 dicitur,
948 3818 1100 3896 quod
1149 3836 1265 3877 nou
1313 3817 1569 3897 deponat
1615 3838 1645 3878 r
1690 3816 1965 3889 litteram,
2014 3819 2118 3878 sed
2166 3820 2321 3896 quod
2357 3838 2542 3880 unum
2573 3820 2947 3899 participium
2992 3819 3250 3900 deponat

666 3924 739 3982 de
787 3921 1017 3981 duobus
1062 3921 1301 3987 futuris;
1352 3919 1596 3999 deponit
1639 3927 1838 3980 autem
1883 3919 2027 3980 illud
2078 3922 2232 3998 quod
2280 3922 2480 3981 indus
2512 3925 2645 3983 exit.
2708 3941 3023 3982 commune
3054 3931 3244 3983 autem

665 4023 912 4084 verbum
961 4032 1048 4083 est
1092 4022 1246 4103 quod
1295 4029 1352 4082 et
1396 4024 1627 4100 agentis
1686 4029 1745 4082 et
1798 4024 2071 4102 patientis
2126 4024 2612 4100 significationem
2669 4024 2960 4100 similiter,
2998 4024 3314 4104 proferens

665 4133 730 4186 ut
776 4131 865 4184 est
909 4123 1083 4194 illud,
1156 4126 1457 4185 criminor.
1548 4133 1744 4185 tamen
1794 4125 1970 4204 nequi
2016 4123 2123 4183 tibi
2171 4124 2390 4185 obiciat
2434 4128 2585 4206 apud
2644 4128 2921 4189 Statium:
2997 4125 3242 4204 legimus

807 4367 830 4416 1
873 4368 970 4415 nisi
1006 4368 1132 4414 duas
1167 4366 1311 4414 Bca
1351 4364 1448 4413 nisi
1491 4364 1539 4411 in
1578 4363 1707 4413 duas
1735 4363 1785 4414 A
1928 4362 1959 4412 3
2001 4379 2126 4426 quas
2163 4365 2269 4414 dixi
2309 4366 2361 4415 id
2399 4374 2475 4414 est
2512 4364 2630 4415 Ba:
2670 4367 2719 4416 id
2758 4377 2834 4416 est
2870 4383 2963 4417 om.
3005 4366 3111 4418 AC

663 4439 693 4485 4
733 4437 881 4501 plinii
919 4453 1057 4489 corr.
1102 4435 1255 4499 pleuii
1280 4434 1332 4483 B
1367 4432 1502 4499 pleni
1542 4434 1590 4482 A
1731 4436 1762 4483 5
1794 4435 1854 4483 ad
1891 4434 1975 4482 illa
2006 4436 2165 4497 (corr.
2201 4437 2312 4486 illas
2341 4435 2418 4500 B)
2447 4437 2664 4500 quinque
2699 4436 2814 4485 AB
2849 4438 2912 4487 ad
2953 4437 3235 4502 illas·quin·

663 4522 759 4567 que
800 4521 880 4554 res
921 4507 962 4555 0
1099 4508 1130 4555 7
1168 4504 1378 4554 ostendo
1416 4503 1530 4552 AB
1673 4503 1733 4554 13
1773 4505 1863 4553 sed
1903 4505 2046 4568 quasi
2083 4505 2124 4554 C
2260 4508 2523 4572 passiuum
2563 4516 2639 4556 est
2685 4523 2709 4554 r
2745 4508 2909 4556 littera
2946 4508 3107 4557 ABG

666 4576 725 4625 14
760 4586 809 4626 et
839 4590 937 4624 nou
976 4576 1169 4639 accepit
1195 4591 1218 4622 r
1245 4575 1294 4623 A
1321 4584 1368 4624 et
1395 4590 1494 4622 non
1522 4575 1734 4638 recipiat
1766 4592 1791 4623 r
1826 4575 2036 4624 litteram
2070 4576 2186 4626 BC:
2227 4576 2442 4626 litteram
2470 4593 2561 4626 om.
2594 4577 2660 4637 A,
2688 4577 2808 4630 add.
2835 4594 2868 4626 a
2979 4578 3044 4629 16
3073 4580 3233 4628 scribo

661 4655 713 4694 et
754 4647 947 4695 scribor
981 4647 1029 4695 in
1064 4647 1217 4694 litura
1242 4645 1290 4692 A
1399 4645 1462 4696 17
1496 4645 1704 4694 redeunt
1732 4641 1905 4695 lma*
1947 4644 2155 4695 redeant
2188 4647 2238 4694 A
2380 4647 2447 4697 29
2485 4647 2640 4696 futuri
2678 4649 2916 4711 temporis
2952 4650 3155 4711 quaudo
3189 4650 3232 4696 in

660 4717 756 4765 dus
788 4718 894 4764 exit
920 4715 969 4762 A
1010 4714 1164 4765 futuri
1204 4716 1445 4779 temporis
1479 4716 1590 4764 ideo
1629 4731 1751 4781 ergo
1789 4716 1976 4765 dicitur
2014 4717 2224 4765 uerbum
2268 4717 2528 4781 deponens
2561 4718 2697 4782 quod
2739 4719 3009 4781 (quoniam
3039 4720 3089 4768 B
3121 4719 3153 4782 ιῖ
3177 4715 3231 4781 α)

661 4787 871 4850 deponit
909 4785 1232 4851 participium
1271 4785 1423 4834 futuri
1465 4786 1704 4849 temporis
1752 4787 1886 4849 quod
1936 4788 1983 4836 in
2033 4788 2129 4836 dus
2166 4788 2269 4835 exit
2305 4788 2445 4838 lma
2598 4789 2668 4840 36
2704 4805 2766 4838 ue
2803 4789 2923 4851 quid
2964 4789 3054 4838 tibi
3091 4791 3139 4838 A
3179 4804 3230 4836 ue

661 4858 747 4919 qui
790 4855 914 4905 illud
952 4855 1040 4905 tibi
1076 4857 1285 4907 coniecit
1325 4856 1690 4905 Lindemanmts
