3541 5564
1322 420 1329 427 .
1375 371 1847 435 COMMENTVM
2783 367 2908 433 243

2540 492 2581 533 p.
2609 479 2787 521 ³31-ae
2816 478 2859 519 L.

324 568 512 624 metra
557 563 824 642 scripsit,
873 578 1051 639 quem
1083 560 1154 621 ad
1188 561 1425 622 modum
1471 560 1657 622 habes
1702 561 1938 622 dicere?
1994 560 2384 622 Terentianus
2427 559 2526 620 ille
2571 560 2813 629 dicitur;
2862 561 2913 619 si

326 664 471 725 velis
516 664 941 725 derivationem
986 663 1124 724 inde
1169 664 1391 733 facere,
1442 663 1728 740 numquid
1777 663 2045 742 sequitur
2090 665 2378 724 rationem
2411 662 2618 723 istam?
2663 662 2764 722 sed
2799 661 2912 722 hoc

325 774 732 846 contemptum
777 775 867 827 est
909 784 1087 828 causa
1133 766 1464 845 euphoniae
1514 764 1695 843 [male
1739 759 2004 845 sonant].
2072 783 2214 843 ergo
2260 764 2535 826 adverbia
2582 772 2681 824 aut
2725 783 2755 824 a
2802 782 2910 823 no-

323 868 587 929 minibus
640 869 900 948 propriis
955 877 1306 938 nascuntur,
1371 876 1436 927 ut
1488 865 1713 927 Tullius
1768 865 2067 936 Tulliane,
2125 875 2226 927 aut
2280 866 2353 926 ab
2412 865 2803 946 appellativis,
2850 872 2914 925 ut

276 988 299 1025 5
328 971 540 1031 doctus
584 970 785 1040 docte,
831 968 1029 1031 clarus
1073 969 1262 1040 clare,
1310 979 1409 1031 aut
1452 988 1481 1029 a
1528 968 1846 1038 vocabulo,
1898 977 1960 1030 ut
1992 969 2207 1030 ostium
2239 969 2499 1029 ostiatim
2546 967 2909 1046 [absolutum

327 1080 445 1143 est,
506 1074 568 1132 in
625 1069 991 1151 appellativis
1047 1070 1204 1132 nulla
1259 1070 1549 1133 dubitatio
1607 1065 1753 1151 est];
1825 1078 1927 1132 aut
1982 1078 2143 1132 certe
2205 1086 2235 1132 a
2295 1072 2675 1151 pronomine,
2745 1088 2914 1130 meus

328 1175 601 1244 meatim,
664 1184 798 1234 tuus
853 1170 1076 1233 tuatim.
1170 1182 1229 1233 et
1283 1172 1428 1233 nihil
1485 1172 1642 1233 aliud
1708 1174 2000 1251 significat
2053 1174 2289 1234 meatim
2349 1174 2550 1235 tuatim
2612 1174 2724 1233 nisi
2781 1190 2914 1233 meo

327 1295 525 1346 more,
573 1285 676 1337 tuo
723 1293 907 1336 more.
1001 1284 1142 1355 puta
1199 1275 1472 1336 ‘meatim
1528 1275 1787 1336 fecisti’:
1864 1276 2003 1356 quid
2063 1284 2149 1336 est
2204 1277 2474 1336 ‘meatim
2521 1275 2783 1336 fecisti’?
2856 1273 2915 1333 id

328 1387 420 1440 est
475 1397 610 1438 meo
669 1396 867 1447 more;
933 1379 1176 1438 ‘tuatim
1232 1378 1478 1447 fecisti'‚
1534 1377 1593 1437 id
1653 1384 1745 1437 est
1788 1386 1886 1438 tuo
1943 1396 2126 1439 more.
2217 1379 2358 1438 item
2405 1397 2437 1438 a
2486 1376 2796 1445 vocabulo,
2855 1383 2937 1435 ut¹

255 1498 304 1535 ιο
329 1482 552 1541 ostium
622 1480 898 1541 ostiatim.
990 1479 1093 1539 sed
1162 1486 1219 1539 et
1273 1480 1487 1539 ostium
1545 1497 1760 1539 nomen
1830 1487 1935 1541 est.
2028 1480 2166 1558 quid
2225 1498 2367 1558 ergo
2422 1482 2702 1549 interest,
2761 1478 2918 1558 quod

329 1581 476 1642 dicit
516 1600 735 1643 nomen
783 1590 841 1641 et
885 1581 1272 1643 vocabulum?
1319 1580 1458 1661 quid
1488 1581 1769 1642 interest?
1816 1581 1970 1659 quod
2020 1600 2236 1643 nomen
2281 1581 2406 1642 vult
2450 1600 2580 1643 esse
2627 1579 2914 1650 animaliS,

327 1683 684 1745 vocabulum
738 1681 863 1744 vult
919 1701 1048 1743 esse
1104 1685 1194 1743 rei
1247 1681 1598 1744 inanimalis,
1690 1690 1829 1763 puta
1887 1685 2100 1745 ostium
2147 1685 2404 1745 fenestra
2450 1685 2672 1763 parieS,
2722 1685 2916 1744 omnia

328 1787 438 1846 ista
497 1783 782 1846 vocabula
837 1792 994 1845 sunt.
1085 1804 1118 1846 e
1173 1786 1471 1846 contrario
1528 1787 1578 1844 si
1636 1785 1858 1847 dixeris
1916 1784 2125 1847 doctus
2171 1786 2395 1856 clarUS,
2442 1787 2553 1847 ista
2599 1788 2727 1865 ipsa
2769 1804 2917 1867 ,quo-

327 1890 491 1948 niam
536 1894 788 1967 possunt
829 1896 888 1948 et
930 1888 990 1948 in
1035 1886 1338 1948 hominem
1385 1886 1599 1948 cadere
1631 1890 1778 1948 etin
1810 1906 1937 1949 rem
1969 1887 2349 1949 inanimalem
2390 1886 2632 1958 cadere,
2681 1889 2917 1947 nomina

253 2007 303 2046 15
330 1997 516 2050 sunt.
577 1986 864 2049 vocabula
911 2006 1055 2067 ergo
1099 2007 1302 2050 rerum
1348 1997 1486 2050 sunt
1532 1987 1538 2071 Ι
1586 1989 1989 2051 inanimalium
2036 1992 2297 2069 propria.
2372 1992 2583 2052 ostium
2631 1990 2917 2050 ostiatim:

329 2092 714 2152 ‘ostiatim
782 2098 1021 2152 totum
1088 2090 1439 2171 oppidum
1507 2090 2027 2172 compilatim'.
2118 2094 2260 2153 item
2327 2110 2359 2153 a
2425 2091 2632 2161 verbo,
2700 2092 2918 2152 cursim

329 2194 602 2254 strictim.
692 2192 723 2253 a
771 2193 1013 2253 nomine
1059 2200 1119 2253 et
1163 2191 1343 2254 verbo
1389 2192 1592 2263 simul,
1639 2192 2052 2272 pedetemtim,
2104 2192 2298 2273 [quasi
2342 2212 2449 2272 pes
2494 2201 2552 2254 et
2593 2193 2798 2272 teneo]
2846 2192 2920 2254 ab

333 2314 406 2355 eo
452 2295 608 2373 quod
656 2304 747 2355 est
788 2314 895 2375 pes
940 2303 1000 2356 et
1046 2303 1249 2363 teneo;
1298 2296 1598 2372 utrimque
1626 2296 1846 2356 factum
1879 2303 1969 2356 est
1992 2294 2412 2373 ‘pedetemtim,
2460 2294 2517 2355 id
2566 2302 2655 2356 est
2699 2296 2917 2355 sensim

328 2399 459 2458 sine
503 2398 962 2459 intermissione.
1026 2398 1168 2458 item
1213 2395 1528 2475 indulgens
1570 2396 1952 2474 indulgenter
1996 2399 2103 2467 ait,
2163 2415 2301 2458 ecce
2347 2415 2379 2457 a
2425 2398 2737 2477 participio
2784 2414 2914 2457 nas·

252 2520 307 2558 eo
334 2501 520 2568 citur,
569 2497 628 2558 id
675 2506 763 2559 est
809 2517 947 2560 ecce
977 2498 1320 2561 adverbium
1368 2497 1524 2577 quod
1570 2516 1601 2559 a
1647 2500 1963 2579 participio
2008 2506 2208 2560 natum
2254 2506 2359 2560 est.
2422 2505 2641 2577 negant
2682 2517 2917 2567 omnes;

331 2599 497 2662 solus
543 2599 803 2661 Donatus
847 2600 1025 2662 audet
1068 2600 1182 2661 hoc
1227 2599 1455 2670 dicere;
1504 2603 1759 2680 sumpsit
1804 2600 2114 2662 consilium
2163 2620 2195 2662 a
2241 2602 2451 2680 Capro.
2544 2609 2809 2662 ceterum
2855 2620 2921 2660 re

331 2722 473 2764 vera
522 2720 639 2762 non
685 2702 862 2763 debet
905 2704 1068 2763 nasci
1112 2701 1458 2764 adverbium
1491 2720 1521 2762 a
1553 2704 1896 2784 participio;
1948 2711 2007 2764 et
2043 2703 2338 2785 decipitur
2383 2704 2652 2775 nomine,
2701 2710 2761 2763 et
2786 2701 2921 2762 ideo

333 2808 451 2867 hoc
497 2812 680 2885 putat.
740 2804 991 2885 legimus
1034 2807 1094 2866 in
1141 2805 1430 2885 principio
1477 2824 1606 2866 esse
1652 2807 1890 2867 nomina
1936 2808 2146 2867 eadem
2192 2814 2251 2867 et
2293 2808 2622 2886 participia.
2694 2806 2920 2866 idcirco

331 2907 620 2987 indulgeo
674 2907 991 2987 indulgens
1045 2909 1421 2987 participium
1470 2915 1585 2978 est,
1647 2916 1706 2969 et
1748 2927 1867 2969 non
1914 2908 2055 2969 vidit
2111 2909 2387 2988 quoniam
2434 2908 2547 2971 hoc
2589 2910 2783 2988 ipsum
2830 2908 2919 2967 in-

248 3035 305 3072 25
332 3009 587 3089 dulgens
640 3016 839 3089 potest
892 3027 1025 3070 esse
1082 3016 1143 3070 et
1205 3027 1441 3070 nomen.
1530 3008 1689 3071 unde
1743 3018 1990 3090 apparet
2044 3012 2320 3091 quoniam
2366 3018 2559 3090 potest
2605 3019 2664 3071 et
2706 3028 2921 3070 nomen

333 3114 502 3173 osse?
575 3111 1058 3189 conparationem
1128 3112 1366 3192 recipit;
1452 3112 1592 3172 facit
1660 3114 1816 3173 enim
1885 3112 2291 3191 indulgentior
2354 3112 2918 3191 indulgentissimus,

332 3216 383 3275 si
450 3214 829 3293 participium
906 3222 1092 3283 esset,
1183 3232 1300 3274 non
1378 3215 1675 3293 reciperet
1750 3216 2261 3294 conparationem:
2350 3215 2691 3295 conparatio
2765 3216 2921 3274 enim

334 3316 566 3394 nomini
640 3298 882 3384 accidit,
960 3333 1278 3395 numquam
1354 3317 1686 3396 participio.
1779 3334 1921 3395 ergo
1995 3316 2230 3396 quando
2296 3315 2698 3396 indulgentior
2765 3317 2921 3386 fecit,

334 3434 458 3476 non
527 3415 731 3478 videor
795 3417 1219 3478 derivationem
1288 3418 1460 3478 istam
1518 3417 1779 3480 adverbii
1837 3417 2073 3480 trahere
2131 3439 2164 3481 a
2230 3420 2571 3499 participio,
2645 3418 2747 3479 sed
2806 3426 2923 3479 tra-

251 3518 484 3581 sohere
540 3536 572 3578 a
632 3521 891 3581 nomine.
985 3527 1074 3579 est
1127 3527 1323 3580 tamen
1389 3519 1634 3580 validior
1690 3539 1790 3582 res
1847 3538 1997 3597 quae
2053 3519 2267 3601 probat
2323 3539 2442 3581 non
2500 3539 2629 3582 esse
2684 3522 2923 3600 partici-

332 3623 521 3701 pium.
615 3637 769 3698 quae
812 3640 912 3682 res
955 3621 1170 3702 probat
1223 3639 1343 3681 non
1405 3639 1533 3682 esse
1591 3623 2006 3702 participium?
2052 3641 2228 3684 omne
2272 3623 2646 3702 participium
2695 3631 2926 3702 tempus

335 3722 519 3784 habet
575 3723 704 3783 sine
761 3722 959 3785 dubio.
1051 3722 1286 3804 quando
1343 3722 1475 3784 dico
1534 3720 1966 3805 ‘indulgenlter
2023 3725 2192 3793 feci',
2252 3725 2418 3785 cuius
2472 3726 2758 3804 temporis
2804 3727 2928 3784 est?

337 3825 630 3904 numquid
706 3826 994 3904 significat
1064 3834 1165 3887 aut
1237 3843 1521 3905 praesens
1594 3833 1831 3905 tempus
1903 3835 2005 3888 aut
2058 3828 2446 3906 praeteritum
2521 3834 2754 3907 tempus
2827 3834 2927 3887 aut

335 3929 641 3989 futurum?
729 3919 982 3989 cuiusvis
1058 3929 1341 4007 temporis
1415 3935 1534 3998 est,
1615 3936 1756 4008 puta
1831 3928 2208 4008 indulgenter
2277 3929 2539 3991 facturus
2606 3948 2767 4000 sum,
2830 3931 2927 3989 in-

254 4029 654 4108 asdulgenter
726 4029 869 4099 feci,
943 4029 1324 4109 indulgenter
1396 4031 1569 4091 facio.
1662 4049 1806 4092 ecce
1883 4029 2119 4111 [quare]
2196 4029 2579 4110 indulgenter
2652 4033 2929 4111 congruit

336 4131 618 4192 omnibus
661 4132 1054 4211 temporibus,
1130 4131 1236 4193 sed
1281 4131 1595 4210 indulgens
1638 4135 1969 4212 praesentis
2013 4135 2295 4213 temporis
2343 4141 2434 4194 est
2476 4141 2721 4196 tantum.
2784 4151 2929 4211 ergo

337 4251 456 4312 quo
499 4232 682 4294 modo
726 4241 923 4313 potest
967 4234 1095 4295 fleri
1142 4241 1207 4295 ut
1249 4236 1623 4314 participium
1668 4236 2000 4314 praesentis
2030 4236 2318 4315 temporis
2363 4235 2539 4296 faciat
2582 4233 2926 4295 adverbium

477 4457 512 4506 2
547 4457 681 4505 ratio
710 4457 806 4506 ista
842 4456 1008 4507 ABG
1179 4455 1212 4505 5
1245 4455 1531 4506 absolutum
1568 4465 1645 4507 est
1678 4457 1729 4505 B
1743 4456 1853 4507 Ca:
1895 4465 1972 4508 est
2007 4473 2102 4510 om.
2139 4458 2190 4507 A
2360 4456 2425 4508 10
2461 4456 2605 4508 sedet
2643 4455 2927 4521 hospicium

334 4543 475 4582 corr,
510 4527 606 4577 sed
643 4536 691 4575 et
725 4527 910 4577 ostium
949 4526 997 4575 A
1122 4525 1258 4590 quod
1295 4526 1480 4575 dicitur
1515 4540 1698 4576 nomen
1734 4526 1788 4576 B
1817 4528 1953 4590 quod
1989 4528 2110 4577 dicit
2148 4529 2279 4577 inter
2311 4541 2496 4577 nomen
2537 4526 2578 4577 C
2715 4528 2776 4577 11
2809 4526 2927 4589 quid

335 4601 550 4648 interest
585 4596 722 4660 quod
762 4610 943 4647 nomen
977 4595 1122 4646 BCa
1160 4596 1260 4644 nisi
1298 4596 1432 4659 quod
1471 4610 1651 4645 nomen
1691 4597 1738 4645 A
1883 4597 1946 4647 14
1987 4605 2201 4663 possunt
2235 4598 2288 4646 in
2335 4597 2589 4648 hominem
2623 4596 2796 4647 ABG
2831 4618 2836 4623 ·

334 4672 387 4720 in
437 4683 546 4718 rem
585 4666 856 4716 animalem
893 4665 1059 4716 ABG
1195 4666 1259 4717 15
1298 4666 1505 4732 proprie
1541 4666 1706 4716 ABG
1838 4665 2061 4718 hostium
2098 4666 2358 4718 hostiatim
2396 4666 2676 4729 (hostiatim
2722 4665 2842 4717 add.
2874 4667 2931 4726 a)

334 4746 500 4790 totum
538 4736 785 4802 oppidum
812 4735 916 4785 AB
954 4736 1135 4787 ostium
1176 4736 1396 4786 ostiatim
1425 4744 1582 4786 totum
1620 4737 1830 4800 opidum
1856 4737 1926 4788 0.-
1961 4739 2062 4790 Cic.
2090 4740 2140 4787 in
2172 4739 2329 4794 Ver-r.
2365 4747 2463 4789 act.
2502 4752 2603 4789 see.
2633 4737 2723 4787 1111
2758 4738 2843 4798 24,
2868 4735 2933 4786 53

479 4806 550 4859 18
585 4815 853 4868 utrumque
878 4806 1044 4855 ABG
1144 4805 1212 4856 23
1250 4806 1426 4855 eadem
1461 4822 1555 4858 om.
1580 4806 1744 4856 ABG
1845 4806 1910 4857 34
1948 4808 2176 4858 cuiusuis
2216 4806 2358 4859 BGa
2397 4809 2544 4858 cuius
2581 4806 2629 4854 A
2737 4804 2805 4856 36
2840 4805 2929 4855 sed

336 4877 621 4944 indulgens
656 4902 721 4912 -·
753 4876 874 4942 244,
916 4876 940 4926 l
982 4875 1295 4941 temporibus
1332 4892 1421 4929 om.
1469 4876 1533 4938 A,
1569 4876 1691 4926 add.
1729 4892 1764 4924 a

2402 4963 2527 5025 16*
