3541 5564
534 335 661 399 448
1641 329 2009 394 EVTYCHIS

537 436 548 447 ‘
590 459 632 498 p.
663 446 749 485 153.
776 444 826 484 ω
854 442 897 482 1..
2710 450 2752 490 p.
2780 436 2985 477 sus—45
3012 435 3058 476 Ρ.

540 525 651 586 bus
706 532 841 586 ante
897 523 1131 584 finalem
1179 543 1230 583 ω
1276 524 1534 583 inventis
1590 522 1862 582 ordinem
1919 540 2023 582 sex
2079 521 2564 598 coniugationum
2611 520 2936 597 significat;
2983 519 3116 589 alia,

539 646 690 707 quae
734 626 1116 686 circumflexo
1162 631 1407 687 accentu
1465 624 1693 705 prolata
1740 624 1894 704 apud
1941 643 2043 684 eos
2089 625 2219 683 iure
2264 620 2736 702 περισπωμένη
2780 624 3121 683 nominatur

541 738 598 789 et
643 749 714 789 ex
761 728 1063 790 vocalibus
1107 730 1170 787 in
1216 727 1474 787 secunda
1520 746 1774 807 persona
1821 728 2080 789 inventis
2110 726 2384 786 ordinem
2423 727 2606 785 trium
2639 727 3118 803 coniugationum

542 831 831 901 ostendit;
893 839 953 890 et
996 832 1204 899 tertia,
1264 848 1441 909 quam
1487 848 1559 889 ex
1603 830 1762 890 finali
1809 830 2240 889 terminatione
2276 830 2339 888 in
2384 846 2458 907 μι
2501 827 2872 888 desinentem
2915 828 3123 888 dicunt

540 955 577 990 az
636 933 774 994 licet
820 934 883 993 in
927 935 1135 1012 paucis
1180 931 1379 991 verbis
1423 940 1693 1011 quartam
1736 931 1958 992 habent
2001 933 2498 1009 coniugationem.
2568 930 2761 992 Latini
2808 948 2977 1001 vero,
3040 931 3120 989 si·
3148 949 3174 987 5

542 1044 642 1097 cut
686 1037 750 1096 in
797 1035 929 1095 aliis
975 1034 1205 1104 multiS,
1265 1052 1376 1094 nec
1431 1052 1678 1113 prorsus
1732 1036 1933 1095 omnia
1990 1034 2267 1094 videntur
2310 1031 2533 1093 habere
2581 1028 2590 1113 Ι
2639 1035 3120 1111 coniugationum

547 1138 766 1199 indicia
814 1155 923 1197 nec
970 1138 1186 1196 iterum
1231 1154 1437 1196 carere
1484 1138 1723 1215 penitus
1769 1136 2068 1197 omnibuS.
2136 1155 2271 1197 nam
2318 1137 2381 1195 in
2425 1154 2477 1195 ω
2522 1137 3005 1196 terminationem
3051 1154 3122 1194 ex

545 1247 711 1320 parte
758 1239 1034 1299 videntur
1080 1218 1335 1307 imitari,
1393 1258 1427 1298 o
1479 1238 1856 1300 terminalem
1911 1240 2137 1318 primae
2185 1256 2474 1318 personae
2522 1240 2582 1298 in
2627 1238 2928 1318 plerisque
2974 1245 3121 1297 tem-

547 1341 795 1423 poribus
852 1340 1161 1401 habenteS.
1251 1359 1503 1420 cumque
1559 1342 1679 1402 sint
1745 1343 1942 1402 omnia
2008 1340 2189 1401 verba
2250 1340 2488 1418 linguae
2555 1348 2763 1401 natura
2828 1340 3123 1401 Romanae

543 1439 918 1524 βαρύτονα,
976 1442 1086 1502 hoc
1141 1450 1231 1504 est
1281 1451 1489 1504 tenore
1545 1461 1790 1522 prorsus
1834 1445 1897 1503 in
1942 1444 2058 1503 line
2104 1444 2400 1513 carentia,
2450 1461 2559 1503 nec
2602 1449 2806 1504 tamen
2854 1446 3122 1522 proprie·
3156 1461 3203 1499 ιο

549 1554 668 1607 tate
724 1545 1242 1605 circumflexorum
1299 1554 1533 1613 carent,
1595 1564 1665 1606 ex
1722 1546 1910 1606 vocali
1968 1545 2262 1606 secundae
2307 1563 2595 1623 personae
2642 1547 3126 1623 coniugationum

547 1648 820 1709 ordinem
877 1647 1270 1708 ostendentia.
1332 1643 1361 1729 ΙΙ
1419 1646 1522 1707 sed
1581 1666 1715 1707 cum
1775 1648 2071 1709 secundae
2129 1665 2419 1727 personae
2475 1646 2814 1708 observatio
2869 1647 3126 1727 syllabae

547 1749 904 1817 terminalis,
954 1767 1024 1809 ex
1055 1768 1170 1827 qua
1202 1749 1435 1809 dinosci
1466 1751 1916 1828 coniugationes
1960 1751 2178 1809 artium
2210 1750 2536 1827 scriptores
2582 1749 2924 1819 voluerunt,
2972 1749 3125 1829 apud

546 1852 841 1912 Romanos
886 1853 1125 1930 penitus
1171 1859 1261 1912 est
1307 1853 1562 1921 incerta,
1611 1854 1751 1931 quia
1784 1872 1900 1913 non
1934 1855 2163 1912 ratione
2193 1854 2464 1929 cogimur
2510 1851 2704 1931 aliqua
2750 1851 2949 1912 scribo
2980 1854 3126 1912 scri-

551 1952 641 2014 bis
696 1952 943 2044 verbum
1011 1955 1223 2014 tertiae
1280 1956 1470 2033 magis
1527 1973 1600 2015 an
1657 1953 1887 2015 scribas
1942 1955 2172 2033 primae
2229 1961 2288 2013 et
2333 1952 2485 2013 cubo
2531 1953 2712 2015 cubas
2759 1957 2820 2015 in
2867 1955 3124 2015 secunda
3156 1973 3206 2012 15

549 2073 802 2135 persona
858 2074 932 2115 an
990 2054 1162 2114 cubis
1218 2057 1563 2125 enuntiare,
1626 2055 1888 2116 conabor
1943 2075 2014 2116 ex
2070 2057 2292 2136 prima,
2351 2058 2529 2116 sicuti
2576 2058 2826 2136 possim,
2875 2076 3130 2137 persona

549 2156 917 2217 differentias
972 2158 1457 2234 coniugationum
1513 2158 1799 2237 quasdam
1854 2158 2199 2227 ostendere,
2257 2166 2378 2217 tam
2426 2157 2656 2219 vocales
2699 2177 2875 2239 quam
2920 2178 3126 2220 conso-

551 2267 763 2320 nantes
810 2267 946 2320 ante
992 2278 1027 2317 o
1073 2258 1162 2318 vel
1207 2278 1275 2318 or
1318 2261 1555 2322 finalem
1599 2262 1917 2339 positionis
1962 2260 2131 2321 verbi
2177 2260 2589 2330 consideranS,
2637 2263 2855 2322 notatis
2900 2262 3132 2341 scilicet

548 2361 834 2423 anomalis
891 2359 981 2419 vel
1036 2360 1376 2432 defectiviS‚
1436 2364 1496 2423 in
1553 2361 1775 2442 quibus
1832 2362 2179 2443 plerumque
2236 2364 2387 2423 ratio
2441 2362 2640 2423 deficit
2685 2363 3016 2441 analogiae,
3066 2371 3132 2424 ut

549 2482 680 2524 sum
726 2480 968 2543 prosum
1014 2464 1258 2541 inquam
1302 2464 1448 2524 cedo
1494 2464 1604 2526 edo
1648 2466 1784 2526 faxo
1816 2464 1990 2525 sodes
2019 2483 2123 2525 ave
2154 2466 2295 2525 serit
2339 2466 2467 2525 infit
2513 2471 2572 2525 et
2617 2466 2945 2536 similibus3
2991 2466 3208 2527 licetso

553 2568 615 2627 in
668 2565 764 2625 his
820 2566 970 2644 ipsis
1023 2564 1313 2651 quaedam
1369 2574 1536 2637 sunt,
1595 2586 1746 2646 quae
1809 2586 1883 2626 ex
1928 2568 2057 2647 ipsa
2102 2566 2494 2628 similitudine
2539 2567 2841 2629 finalitatis
2889 2576 3133 2648 possunt

552 2675 891 2728 ceterorum
935 2664 1164 2745 regulis
1208 2666 1491 2730 oboedire
1537 2669 1876 2730 verborum.

725 2769 874 2830 Ante
918 2770 1265 2849 specialium
1294 2779 1494 2833 tamen
1526 2772 1960 2852 expositionem
1990 2771 2329 2850 regularum
2376 2774 2544 2852 prius
2589 2772 2811 2852 aliquid
2857 2774 3131 2851 generale

554 2874 626 2934 de
681 2872 792 2933 hac
846 2871 1231 2950 ambiguitate
1289 2876 1772 2952 coniugationum
1827 2873 2077 2933 definire
2147 2874 2448 2954 temptabo
2505 2896 2543 2932 -x
2586 2875 2742 2955 quod
2799 2875 3134 2938 inchoativa

555 2975 825 3055 quidem,
883 2993 1034 3054 quae
1090 2994 1325 3056 semper
1379 2977 1702 3037 derivativa
1755 2983 1893 3036 sunt
1951 2993 2061 3034 nec
2130 2995 2161 3036 a
2220 2976 2417 3037 verbis
2471 2984 2699 3038 tantum
2754 2978 2958 3048 modo,
3028 2979 3211 3038 sedes

556 3079 733 3139 etiam
779 3096 811 3137 a
856 3077 1197 3138 nominibus
1243 3079 1618 3146 derivantur,
1667 3084 1726 3136 et
1776 3073 1801 3158 ΙΙ
1850 3079 1910 3137 in
1955 3096 2057 3137 sco
2101 3077 2290 3139 solum
2334 3078 2615 3140 desinunt
2667 3089 2728 3140 et
2782 3082 2958 3140 unius
3004 3088 3131 3141 tan-

557 3188 681 3240 tum
726 3179 900 3240 modo
944 3187 1083 3240 sunt
1127 3178 1403 3240 omnibus
1448 3178 1810 3258 artigraphis
1854 3181 1918 3239 in
1961 3178 2074 3239 hoc
2119 3180 2625 3242 consentientibus
2668 3182 2884 3242 tertiae
2928 3183 3132 3242 coniu-

559 3282 845 3359 gationiS,
903 3289 970 3341 ut
1024 3281 1283 3343 hebesco
1328 3280 1558 3342 calesco
1615 3281 1975 3360 pertimesco
2020 3300 2306 3343 evanesco
2348 3290 2643 3343 tremesco
2686 3290 2951 3344 terresco
2994 3283 3131 3344 hor-

699 3504 725 3555 1
767 3499 829 3568 m]
869 3518 900 3553 ο
938 3502 1049 3551 BP
1150 3504 1184 3552 4
1224 3504 1273 3551 in
1307 3518 1374 3567 μι
1402 3501 1714 3552 desinentem
1752 3502 1927 3552 dicunt
1956 3517 1990 3560 ς
2025 3503 2076 3552 in
2113 3519 2157 3553 ω
2189 3501 2269 3568 (in
2304 3501 2350 3551 cii
2376 3499 2453 3564 B)
2488 3502 2801 3553 desinentem
2833 3503 3007 3554 dicunt
3038 3505 3139 3555 BP

560 3577 608 3624 in
649 3590 679 3624 a
721 3573 1034 3623 desinentem
1072 3572 1244 3623 dicunt
1279 3579 1301 3622 t
1333 3572 1383 3620 in
1423 3588 1452 3620 ο
1504 3572 1849 3622 dessinentem
1888 3573 2063 3623 dicunt
2097 3573 2147 3622 id
2188 3582 2263 3622 est
2306 3587 2523 3624 amensa
2559 3588 2737 3638 correp
2774 3574 3038 3638 adscripta
3084 3576 3136 3625 in

560 3661 720 3709 mar-9.
760 3644 932 3708 glossa
973 3657 1185 3695 amessa
1213 3643 1500 3691 nominatur
1526 3643 1673 3692 tertia
1703 3644 1740 3697 i.
1786 3642 1975 3692 acuslis
2008 3644 2127 3707 quia
2164 3642 2426 3694 aeuabitur
2455 3644 2492 3725 ζ’
2649 3645 2683 3694 5
2722 3644 2839 3694 licet
2872 3645 2924 3692 in
2958 3645 3135 3709 paucis

561 3715 732 3765 uerbis
771 3721 998 3776 quartam
1039 3703 1318 3775 ὄξύτονον
1349 3712 1572 3762 habeant
1599 3713 2007 3779 coniugationem
2032 3727 2066 3770 ς
2096 3713 2213 3763 licet
2246 3714 2296 3761 in
2328 3714 2506 3777 paucis
2545 3713 2732 3776 uerbis,
2768 3722 3005 3778 quattuor
3043 3714 3135 3764 ha-

560 3788 643 3837 bet
680 3783 1068 3849 coniugatioues
1095 3783 1302 3831 coniecit
1337 3782 1727 3837 Lindemannus.
1780 3784 2034 3834 excidisse
2054 3786 2226 3848 potius
2257 3784 2453 3833 videtur
2486 3782 2663 3835 divisio
2691 3785 3049 3848 coniugatione
3086 3787 3136 3835 in

560 3873 643 3921 μι,
680 3870 826 3919 quam
851 3855 1013 3915 ipsam
1038 3866 1233 3918 quoque
1260 3860 1365 3902 tres
1393 3855 1588 3917 speeies
1617 3869 1687 3903 ea:
1711 3853 1871 3903 tribus
1894 3852 2152 3904 ordinibus
2157 3855 2542 3939 coniugationis
2573 3856 2927 3921 circmnfleoeae
2954 3855 3137 3905 ductas

559 3924 748 3975 habere
788 3925 1051 3972 voluerunt
1081 3924 1417 3987 qrammatici,
1456 3923 1632 3989 quihus
1667 3924 1864 3974 accedit
1901 3931 2087 3989 quarta
2137 3913 2252 3972 ἀπὸ
2292 3921 2393 3989 τῆς
2436 3917 2602 3989 ἕκτης
2651 3922 2763 3976 τῶν
2805 3914 3135 3989 βαρυτόνων

563 3996 736 4056 (Dion.
779 3991 902 4041 Thr.
931 4007 990 4054 p.
1032 3990 1151 4054 639,
1191 3992 1282 4054 25)
1448 3991 1667 4043 habeant
1702 3995 1752 4044 P
1916 3996 1946 4044 7
1986 3993 2214 4054 fortasse
2247 4005 2276 4040 ο
2309 3992 2623 4042 terminalem
2662 3994 2856 4058 primae
2892 4008 3137 4058 personae

549 4063 843 4130 praesentis
877 4062 1120 4126 temporis
1148 4061 1197 4109 in
1233 4061 1489 4127 plerisque
1525 4062 1768 4114 habentes
1879 4063 1944 4114 18
1980 4062 2284 4127 positionem
2313 4061 2361 4110 P
2456 4062 2515 4111 21
2549 4060 2687 4130 sunt]
2721 4065 2821 4113 sint
2848 4063 2898 4111 P
2992 4060 3130 4128 ferit]

567 4134 740 4186 feret.
768 4132 997 4194 sortasse
1036 4131 1166 4182 foret
1202 4134 1280 4181 vel
1314 4131 1474 4187 furis·
1515 4132 1585 4193 cf.
1625 4134 1794 4185 Prisc.
1823 4134 1859 4186 l.
1902 4134 2014 4182 VIII
2048 4129 2560 4196 ρ.420,14.450,
2604 4134 2666 4184 15
2836 4132 2905 4183 23
2942 4130 3133 4196 tamen]

565 4217 766 4268 quoque
802 4202 852 4251 P
1022 4204 1089 4252 24
1125 4203 1306 4252 lacuna
1354 4219 1498 4268 quam
1539 4204 1755 4254 indicavi
1799 4210 2034 4270 quattuor·
2060 4202 2340 4265 formarum
2377 4201 2595 4264 definitio
2638 4203 2891 4252 excidisse
2922 4203 3135 4262 videtur,

564 4289 692 4339 quac
724 4273 926 4322 adiecta
954 4279 1034 4323 est
1057 4274 1107 4322 in
1133 4275 1338 4334 epitome
1364 4273 1551 4324 codicis
1580 4273 1625 4336 f,
1654 4274 1745 4324 sed
1784 4285 1898 4323 ante
1935 4273 2223 4338 spetialium
2263 4273 2634 4337 expositionem
2669 4273 2958 4339 regularum
2997 4273 3138 4338 prius

565 4341 757 4407 aliquid
803 4341 1040 4408 generale
1076 4341 1139 4391 de
1185 4341 1279 4390 hae
1328 4343 1657 4409 ambiguitate
1698 4344 2109 4409 coniugationum
2146 4340 2367 4392 diffinire
2403 4342 2679 4407 temptabo.
2742 4351 2976 4406 quattuor
3011 4355 3135 4408 ergo

567 4418 763 4463 constat
801 4427 912 4462 esse
938 4412 1129 4462 formas
1158 4412 1442 4474 uerborum,
1474 4413 1526 4461 id
1551 4422 1628 4462 est
1655 4414 1994 4464 inchoatiuam
2020 4413 2363 4462 meditatiuam
2394 4410 2814 4475 frequentatiuam
2839 4410 3132 4478 perfectam.

567 4499 630 4534 ex
666 4482 849 4545 quibus
891 4481 1178 4531 inchoatiua
1223 4482 1274 4530 in
1322 4497 1408 4531 sco
1444 4482 1607 4532 solum
1644 4484 1886 4534 desinunt
2058 4483 2124 4533 27
2162 4481 2486 4549 ortographis
2522 4483 2569 4532 P
2740 4480 2808 4532 28
2837 4492 2890 4532 nt
2921 4480 3136 4532 hebesco

568 4553 766 4603 albesco
803 4552 1033 4601 caluesco
1064 4552 1361 4616 pertimesco
1398 4567 1648 4605 euaneseo
1671 4563 1893 4605 terresco
1918 4553 2155 4604 horresco
2182 4561 2385 4619 patesco
2410 4550 2638 4603 feruesco
2664 4552 2865 4603 labasco
2892 4561 3137 4602 tremesco

567 4623 820 4674 dormisco
857 4622 1155 4671 uerberasco
1198 4635 1512 4688 purpurasco
1549 4625 1864 4676 inueterasco
1899 4638 2111 4673 senesce
2158 4623 2420 4673 iuueniseo
2456 4622 2617 4688 glisco
2647 4629 2669 4672 i
2704 4630 2758 4672 ut
2794 4621 3011 4672 hebesco
3054 4637 3137 4672 ca-

570 4695 703 4743 lesco
731 4692 931 4741 albesco
959 4691 1261 4756 pertimesco
1290 4699 1506 4742 terresco
1541 4709 1791 4745 euaneseo
1823 4709 2023 4746 orresco
2062 4701 2267 4759 patesco
2299 4691 2529 4743 feruesco
2560 4701 2766 4743 notesco
2798 4693 2999 4743 labesco
3037 4701 3139 4743 tre-

569 4777 738 4814 mesco
774 4763 1088 4812 inueterasco
1116 4776 1324 4810 senesce
1357 4775 1656 4827 uesperasco
1685 4765 1947 4815 iuuenisco
1984 4778 2297 4829 purpurasco
2325 4763 2486 4828 glisco
2516 4762 2554 4825 f
2647 4760 2865 4830 calesco]
2906 4763 3138 4813 caluesco

570 4833 621 4883 P
755 4826 993 4897 teri-esce]
1031 4832 1259 4894 fortasse
1292 4839 1494 4897 tepesco
