3541 5564
1397 352 1870 416 COMMENTVM
2811 348 2930 414 189

2562 472 2604 514 p.
2632 461 2810 501 210—12
2840 459 2883 499 1„

345 560 477 602 mus
520 561 633 622 per
678 542 874 602 omnia
921 540 1184 621 regulam
1230 543 1423 621 sequi;
1472 541 1576 603 sed
1622 542 1672 601 si
1717 538 1952 619 quando
1995 541 2175 600 fuerit
2232 541 2554 601 necessitas
2599 542 2932 601 testamenti

346 643 683 715 scribendi,
733 653 872 705 tunc
917 646 1026 705 ista
1071 643 1356 705 servanda
1402 651 1564 713 sunt,
1625 642 1796 703 aliter
1851 645 2032 703 non'.
2117 650 2257 721 puta
2302 643 2556 703 maiores
2601 644 2787 703 nostri
2832 661 2932 702 vo·

344 745 585 807 luerunt
638 748 788 808 iuris
843 746 1195 807 necessitate
1254 744 1536 806 dirimere
1594 754 1856 825 apertam
1902 742 2164 822 regulam
2212 751 2271 804 et
2315 751 2574 824 apertam
2618 746 2929 812 rationem,

345 867 421 909 ne
467 847 689 928 aliquid
735 851 796 909 in
842 847 1270 910 dubitationem
1317 847 1560 907 veniret.
1652 865 1787 906 nam
1835 848 1885 906 si
1931 845 2154 907 diceret
2210 846 2377 906 ‘volo
2412 845 2553 910 filiis
2597 848 2746 907 meis
2789 845 2932 907 dare

293 946 512 1010 sillum
568 950 872 1019 fundum’,
929 968 1044 1029 quo
1100 948 1277 1009 modo
1333 947 1633 1009 videretur
1690 955 1958 1028 apertum
2017 967 2175 1024 esse,
2238 948 2311 1009 de
2355 948 2570 1028 quibus
2613 949 2930 1009 sensisset?

344 1053 655 1132 utriusque
702 1053 857 1112 enim
905 1070 1081 1112 sexus
1126 1050 1410 1111 confusus
1456 1058 1561 1111 est.
1652 1050 1756 1111 sed
1812 1059 1877 1111 ut
1922 1049 2354 1121 discernamuS,
2411 1049 2635 1111 idcirco
2681 1050 2932 1111 dicimus

344 1153 607 1223 filiabus,
665 1161 913 1234 propter
957 1154 1369 1214 necessitatem
1413 1153 1592 1223 iuriS‚
1640 1151 1767 1213 deis
1813 1152 2066 1224 deabuS,
2113 1162 2172 1215 et
2201 1151 2311 1213 alia
2353 1171 2502 1232 quae
2532 1152 2741 1214 similia
2772 1160 2928 1226 sunt,

344 1274 497 1336 quae
555 1258 858 1337 pertinent
911 1255 982 1317 ad
1040 1256 1453 1316 necessitatem
1507 1255 1670 1315 iuriS.
1761 1263 1956 1316 cetera
2013 1254 2236 1334 regulis
2279 1257 2560 1316 serviunt.
2650 1262 2708 1314 et
2754 1271 2932 1331 quem

343 1357 415 1419 ad
465 1359 711 1420 modum
759 1357 1213 1420 discernuntur?
1258 1374 1435 1417 sensu
1479 1363 1724 1418 tantum.
1804 1357 2038 1437 quando
2083 1357 2334 1418 dicimus
2377 1357 2450 1418 ab
2497 1356 2589 1416 his
2633 1356 2929 1426 Romanis,

264 1476 318 1514 ιο
345 1467 545 1520 utrum
604 1460 679 1522 de
735 1458 997 1522 masculo
1052 1459 1317 1520 dicamus
1382 1477 1455 1519 an
1512 1459 1586 1519 de
1643 1460 1884 1528 semina,
1947 1460 2241 1521 incertum
2298 1466 2411 1527 est;
2471 1477 2649 1519 sensu
2707 1465 2930 1519 tantum

345 1561 761 1624 discernimus.
850 1563 910 1622 in
966 1570 1193 1623 tantum
1252 1579 1454 1621 verum
1514 1568 1628 1631 est,
1703 1569 1767 1622 ut
1824 1563 1998 1622 etiam
2052 1562 2443 1622 nominativus
2511 1561 2771 1621 incertus
2839 1561 2933 1621 sit.

337 1671 486 1744 puta
543 1663 797 1725 advena:
866 1670 1063 1743 potest
1117 1672 1175 1724 et
1230 1662 1525 1724 masculus
1581 1681 1714 1723 esse
1775 1654 1993 1724 advena
2054 1671 2113 1724 et
2158 1664 2373 1725 femina
2420 1680 2551 1724 esse
2596 1666 2831 1724 advena
2876 1669 2935 1722 et

285 1804 298 1811 =
346 1768 709 1846 mancipium
767 1784 899 1827 esse
953 1764 1205 1834 advena;
1263 1766 1560 1826 incertum
1616 1772 1704 1825 est
1761 1767 1930 1826 cuius
1986 1784 2162 1827 sexus
2219 1767 2313 1826 sit.
2404 1762 2570 1843 agilis
2626 1772 2821 1846 potest
2876 1774 2934 1825 et

345 1868 659 1929 masculini
721 1886 850 1929 esse
897 1877 954 1928 et
1011 1868 1282 1928 seminini
1326 1869 1584 1945 generis.
1671 1865 1836 1928 vides
1881 1885 2024 1946 ergo
2069 1870 2346 1947 quoniam
2394 1885 2512 1928 non
2559 1885 2802 1929 necesse
2848 1874 2936 1928 est

262 1984 319 2025 ιε
345 1969 581 2031 diverso
639 1972 796 2031 exitu
852 1969 1206 2051 syllabarum
1263 1968 1650 2030 determinari
1704 1988 1956 2048 genera,
2013 1971 2117 2031 sed
2172 1967 2485 2049 aliquando
2543 1971 2668 2049 ipsa
2713 1987 2932 2048 genera

344 2070 681 2153 divildimus
738 2090 944 2141 sensu;
1004 2074 1283 2151 quoniam
1338 2072 1620 2133 confusus
1675 2079 1764 2132 est
1818 2090 2019 2141 sexus,
2082 2071 2387 2133 intellectu
2442 2070 2729 2134 debemus
2788 2072 2934 2133 haec

343 2175 518 2235 scire.
579 2193 723 2254 ergo
756 2173 1070 2245 debemus,
1118 2175 1221 2235 ubi
1267 2181 1356 2234 est
1385 2175 1706 2234 necessitas
1749 2176 1927 2245 iuriS‚
1975 2174 2089 2235 hoc
2119 2182 2377 2242 mutare,
2428 2174 2526 2234 ubi
2572 2192 2689 2234 non
2733 2175 2932 2243 fuerit,

344 2277 571 2338 servire
626 2275 864 2355 reguliS.
955 2285 1014 2338 et
1066 2278 1126 2337 in
1186 2283 1412 2337 tantum
1466 2275 1579 2335 hoc
1633 2278 1860 2356 putavit
1915 2275 2172 2346 Probus,
2233 2283 2300 2336 ut
2343 2276 2520 2335 etiam
2567 2275 2779 2336 dixerit
2822 2276 2934 2335 ista

344 2377 526 2439 verba
585 2380 830 2450 mutari,
901 2387 1035 2440 nata
1090 2377 1366 2448 natabus,
1436 2377 1552 2439 filia
1610 2376 1869 2449 filiabus,
1929 2378 2039 2440 dea
2094 2376 2348 2448 deabuS,
2415 2376 2571 2438 mula
2639 2376 2929 2439 mulabus.

260 2497 317 2536 so
346 2483 618 2559 quinque
656 2482 852 2560 posuit
896 2489 1124 2541 tantum
1170 2479 1365 2540 modo.
1453 2482 1564 2541 ista
1610 2490 1777 2551 sunt,
1826 2480 1937 2543 alia
1982 2483 2099 2543 iam
2143 2478 2691 2571 regulis-serviunt.

515 2584 562 2645 Ε
605 2584 954 2644 terminatus
998 2582 1285 2644 ablativus
1329 2591 1388 2644 et
1442 2583 1796 2663 productum
1842 2582 2021 2645 habet
2065 2602 2097 2643 e
2143 2591 2203 2644 et
2246 2589 2609 2663 correptum.
2698 2582 2934 2662 quando

345 2692 544 2746 autem
589 2687 990 2746 necessarium
1037 2683 1216 2745 habet
1257 2684 1590 2764 producere
1621 2685 1711 2747 vel
1743 2686 2077 2765 corripere,
2128 2703 2199 2746 ex
2242 2684 2633 2746 declinatione
2679 2684 2937 2762 genetivi

342 2786 662 2866 singularis
707 2787 997 2866 colligitis
1061 2790 1111 2849 si
1155 2790 1462 2867 genetivus
1504 2789 1821 2868 singularis
1864 2790 1915 2851 is
1961 2786 2183 2869 syllaba
2237 2789 2420 2850 fuerit
2462 2789 2825 2858 terminatus
2872 2788 2935 2847 in

342 2889 602 2951 ablativo
663 2909 695 2951 e
752 2891 1100 2969 corripitur,
1158 2898 1327 2971 pater
1382 2893 1567 2971 patris
1624 2891 1697 2952 ab
1753 2890 1867 2951 hoc
1921 2899 2119 2971 patre,
2190 2900 2378 2953 mater
2437 2891 2641 2951 matris
2696 2889 2770 2950 ab
2828 2889 2938 2949 hac

256 3011 317 3051 ss
346 2999 571 3062 matre;
619 2992 956 3071 corripitur.
1050 2993 1098 3054 si
1155 2994 1209 3053 ei
1264 2993 1445 3054 suerit
1498 2995 1852 3055 terminatus
1906 2994 2215 3071 genetivus
2261 2992 2604 3071 singulariS,
2652 2990 2937 3052 ablativus

345 3093 731 3174 producitur,
789 3093 914 3154 dies
967 3093 1085 3154 diei
1139 3093 1213 3154 ab
1269 3095 1379 3157 hac
1435 3094 1560 3166 die,
1617 3095 1763 3157 fides
1818 3094 2074 3157 fidei'ab
2119 3094 2228 3156 hac
2271 3095 2417 3172 fide,
2495 3095 2587 3156 vel
2630 3096 2715 3156 sic
2761 3094 2936 3154 etiam

347 3198 602 3275 potestis
646 3194 792 3258 illud
839 3195 1149 3275 colligere,
1200 3213 1376 3274 quem
1421 3197 1494 3258 ad
1538 3197 1795 3268 modum,
1824 3197 2050 3276 legistis
2095 3198 2155 3257 in
2199 3196 2568 3277 primordiis:
2627 3198 2934 3276 quotiens-

349 3316 605 3377 cumque
651 3299 822 3376 tertia
869 3305 958 3360 est
1000 3298 1348 3369 declinatio,
1410 3298 1702 3361 ablativus
1745 3298 2063 3378 singularis
2108 3320 2141 3359 e
2186 3307 2524 3378 correptum
2569 3298 2774 3368 habet;
2835 3297 2935 3357 de-

345 3400 490 3460 inde
547 3400 1075 3479 quotienscumque
1131 3401 1311 3462 fuerit
1366 3402 1567 3482 quinta
1625 3400 1969 3472 declinatio,
2019 3420 2051 3462 e
2095 3401 2450 3480 productum
2495 3399 2691 3462 babet.
2784 3407 2843 3460 et
2869 3393 2936 3461 'si

260 3525 319 3565 so
347 3502 532 3564 fuerit
577 3521 609 3562 e
655 3511 1029 3583 correptum,
1088 3503 1211 3564 noli
1269 3506 1437 3591 sequi
1488 3506 1658 3565 istam
1718 3503 2014 3582 regulam,
2063 3505 2629 3583 ‘quotienscumque
2683 3501 2859 3563 fuerit
2904 3520 2938 3561 e

346 3611 629 3683 correpto
673 3606 1024 3667 terminatus
1069 3604 1354 3668 ablativus
1398 3606 1739 3685 singulariS,
1791 3607 2125 3682 genetivum
2172 3605 2460 3686 pluralem
2518 3606 2579 3664 in
2622 3623 2720 3665 um
2765 3604 2940 3665 mittit

345 3703 648 3776 absolute,
709 3713 772 3767 ut
824 3707 897 3768 ab
954 3706 1066 3768 hoc
1123 3716 1288 3789 patre
1347 3708 1562 3769 horum
1616 3713 1908 3787 patrum'.
1998 3710 2331 3769 invenimus
2388 3716 2584 3768 autem
2630 3724 2738 3767 nos
2781 3704 2937 3784 quod
2960 3713 3080 3774 496,
3106 3716 3138 3763 9

344 3806 604 3869 ablativo
661 3808 948 3887 singulari
1004 3829 1036 3870 e
1091 3809 1422 3889 terlminato
1482 3810 1798 3891 aliquando
1853 3812 1914 3871 in
1961 3829 2056 3871 um
2106 3812 2256 3880 exit,
2316 3809 2630 3889 aliquando
2675 3810 2739 3869 in
2783 3811 2936 3869 ium:

342 3913 410 3972 in
458 3929 557 3971 um
606 3912 755 3980 exit,
805 3921 869 3972 ut
912 3911 986 3974 ab
1032 3910 1144 3972 hoc
1187 3914 1415 3992 pariete
1471 3912 1685 3974 horum
1730 3913 2054 3992 parietum;
2112 3915 2173 3973 in
2217 3915 2339 3974 ium
2386 3913 2533 3982 exit,
2591 3919 2657 3972 ut
2708 3913 2785 3972 ab
2828 3913 2946 3975 hoc.

263 4014 524 4077 sshoste
570 4013 848 4074 hostium.'
907 4032 1085 4094 quem
1131 4014 1203 4074 ad
1249 4016 1489 4077 modum
1535 4017 1647 4075 ista
1693 4015 1900 4092 regula
1948 4013 2261 4076 definitur?
2309 4015 2454 4076 dicit
2496 4015 2593 4084 ita,
2643 4015 2728 4075 ‘si
2774 4012 2937 4074 abla-

345 4119 502 4178 tivus
545 4116 864 4195 singularis
911 4134 942 4177 e
987 4117 1166 4177 suerit
1210 4119 1587 4188 terminatuS,
1635 4117 1952 4196 aliquando
1995 4116 2223 4197 perdita
2268 4119 2394 4198 ipsa
2425 4136 2456 4177 e
2487 4115 2683 4177 littera
2726 4108 2940 4195 accipit

345 4238 481 4289 um,
530 4218 1010 4312 aliquandoUnon
1052 4218 1250 4300 perdit
1295 4239 1345 4291 e,
1392 4218 1498 4282 sed
1543 4221 1605 4281 in
1649 4221 1670 4280 i
1714 4228 1903 4282 mutat
1947 4228 2006 4281 et
2047 4221 2133 4281 sic
2177 4239 2278 4282 um
2324 4218 2590 4297 accipit'.
2679 4224 2818 4297 puta
2863 4218 2936 4279 ab

495 4441 518 4493 l
569 4439 823 4509 regulam]
865 4442 1068 4493 saecula
1102 4444 1153 4492 A
1295 4440 1328 4492 3
1367 4443 1720 4494 necessitatem
1759 4444 1996 4493 dirimere
2033 4442 2309 4506 (derimere
2346 4439 2422 4502 A)
2460 4450 2636 4506 aperta
2674 4440 2851 4506 regula
2889 4450 2938 4489 et

346 4520 526 4580 aperta
557 4516 750 4562 ratione
777 4512 938 4563 ABG
1073 4515 1108 4563 4
1135 4527 1228 4561 nec
1264 4513 1460 4575 aliquid
1497 4513 1544 4562 B
1671 4515 1713 4575 „7
1748 4511 1880 4578 deis]
1922 4513 2018 4562 diis
2056 4512 2172 4562 AB
2313 4510 2379 4562 10
2412 4526 2539 4561 sexu
2575 4519 2765 4558 tantum
2798 4509 2839 4557 G

349 4584 415 4635 12
453 4593 505 4633 et
543 4582 804 4633 masculus
834 4598 949 4632 esse
985 4583 1186 4632 aduena
1223 4593 1272 4631 et
1308 4581 1495 4632 femina
1520 4598 1632 4633 esse
1658 4593 1706 4634 et
1731 4584 1784 4635 B
1796 4583 1838 4634 0
1870 4591 1918 4631 et
1948 4583 2206 4634 masculus
2248 4624 2259 4636 .
2287 4623 2299 4636 .
2326 4624 2336 4636 .
2374 4596 2487 4632 esse
2519 4590 2568 4629 et
2602 4578 2791 4629 femina
2825 4594 2937 4627 esse

349 4663 398 4704 et
435 4654 486 4703 A
632 4654 698 4704 14
732 4668 854 4719 ergo
894 4670 987 4706 om.
1019 4653 1085 4709 A,
1123 4654 1247 4706 add.
1289 4670 1322 4701 a
1467 4654 1530 4705 15
1568 4654 1800 4703 diuersos
1833 4652 2001 4703 exitus
2037 4653 2139 4703 BC
2275 4655 2343 4701 22
2377 4651 2455 4701 uel
2492 4651 2749 4715 corripere
2783 4649 2938 4699 BGa

348 4734 437 4774 aut
465 4724 720 4789 corripere
756 4724 807 4772 A
946 4721 1015 4773 23
1057 4723 1294 4789 colligitis
1328 4721 1431 4773 Bc
1471 4722 1684 4789 collegis
1721 4723 1770 4771 A
1811 4721 2062 4788 collegitis
2097 4739 2131 4772 a
2271 4723 2337 4773 27
2374 4730 2543 4788 potest
2578 4720 2737 4771 ABG
2870 4720 2939 4768 29

347 4801 398 4842 et
442 4795 518 4844 sic
557 4793 711 4842 fuerit
750 4793 799 4841 A
939 4792 1009 4845 30
1046 4794 1277 4858 quotiens
1323 4792 1476 4842 suerit
1511 4793 1560 4841 A
1700 4792 1761 4843 ³1
1815 4794 2086 4859 genetiuus
2123 4793 2335 4858 pluralis
2373 4793 2422 4841 A
2560 4789 2626 4842 33
2665 4789 2935 4853 aliquando

348 4863 400 4914 in
431 4864 533 4914 ium
571 4889 638 4899 -
678 4861 747 4915 36
784 4879 812 4914 e
849 4862 1004 4914 fuerit
1035 4864 1328 4914 terminatus
1368 4879 1460 4916 om.
1498 4865 1561 4922 A,
1601 4864 1722 4914 add.
1761 4881 1794 4914 a
1935 4862 2001 4915 34
2038 4864 2140 4914 exit
2176 4862 2322 4913 hoste
2361 4863 2511 4914 BCa
