3541 5564
1379 339 1853 401 COMMENTVM
2790 340 2917 404 249

2545 462 2587 503 p.
2613 451 2793 491 343-46
2822 449 2866 490 L·

335 528 447 589 beo
491 527 690 588 dicere
734 527 808 587 de
852 529 1030 598 iutuS,
1079 526 1151 588 de
1198 528 1361 599 soriS,
1410 535 1475 589 ut
1518 530 1730 606 iungas
1772 529 2265 609 praepositiones.
2328 547 2470 608 ergo
2516 548 2734 609 usurpa
2772 529 2915 590 illud

337 638 394 689 et
436 628 626 709 aliqua
671 630 756 690 sic
801 628 924 700 dic,
978 627 988 711 Ι
1037 629 1109 690 ad
1168 630 1324 691 intro
1382 638 1441 690 et
1496 628 1566 690 ad
1613 630 1792 711 foras,
1885 649 2033 710 cogo
2090 640 2149 692 te
2196 649 2338 710 ergo
2386 639 2447 693 et
2488 631 2574 693 sic
2617 630 2807 710 loqui,
2866 633 2917 694 si

335 732 582 809 iungere
627 729 884 793 volueris
927 734 1430 812 praepositiones:
1492 741 1558 792 ut
1601 733 1899 811 possimus
1943 737 2204 814 apertius
2254 733 2633 813 intellegere,
2682 734 2916 814 quando

335 841 471 895 sunt
511 834 622 894 ista
657 834 728 894 in
774 833 926 904 loco,
974 834 1210 915 quando
1256 835 1328 895 de
1385 833 1546 904 loco,
1606 833 1895 896 debemus
1940 835 2158 897 addere
2214 838 2712 916 praepositioneS,
2769 854 2914 914 quo·

288 937 489 998 sniam
535 936 608 996 de
651 936 940 1015 significat
983 936 1057 997 de
1103 936 1233 998 loco
1278 956 1425 1006 esse,
1474 934 1548 996 de
1593 938 1754 997 intus
1800 943 1857 996 et
1902 934 1975 996 de
2020 938 2187 1001 soris,
2256 956 2397 1017 ergo
2442 941 2492 1000 si
2538 939 2649 1000 hoc
2696 945 2802 1009 est,
2851 948 2917 1000 ut

330 1038 464 1099 ideo
521 1038 720 1128 dicant
773 1038 1103 1100 addendam
1163 1057 1295 1099 esse
1366 1040 1893 1119 praepositionem,
1964 1042 2242 1117 quoniam
2298 1041 2587 1119 significat
2634 1040 2716 1101 de
2782 1041 2915 1102 loco

331 1149 551 1221 aperte,
601 1159 712 1219 ego
759 1158 906 1220 cogo
949 1150 1009 1202 te
1055 1140 1253 1203 dicere
1295 1141 1368 1201 ad
1413 1142 1593 1210 intro,
1642 1140 1714 1201 ad
1760 1141 1936 1211 foraS,
1985 1150 2051 1202 ut
2080 1143 2340 1222 apertius
2384 1143 2457 1205 ad
2501 1142 2696 1204 locum
2733 1144 2914 1220 signi-

319 1243 486 1311 fices
578 1245 847 1304 novimus
894 1245 1051 1304 enim
1098 1245 1232 1322 quia
1278 1243 1350 1305 ad
1395 1242 1468 1304 ad
1513 1242 1709 1304 locum
1755 1244 2064 1323 significat.
2156 1262 2299 1324 ergo
2359 1245 2541 1306 debes
2598 1244 2799 1304 dicere
2842 1244 2915 1304 ad

331 1347 518 1416 intro,
593 1352 659 1406 ut
714 1328 979 1425 ap'ertius
1035 1346 1331 1424 significes
1389 1344 1460 1405 ad
1519 1344 1733 1408 locum.
1840 1344 1942 1406 sed
2001 1346 2114 1407 hoc
2177 1364 2550 1425 nequaquam
2603 1365 2917 1427 possumus

264 1461 309 1500 ιο
336 1447 549 1516 facere,
597 1454 657 1508 et
701 1449 920 1509 utimur
965 1448 1093 1508 sine
1137 1449 1596 1529 praepositione.
1671 1456 1731 1509 et
1775 1447 2011 1526 quando
2058 1451 2135 1510 sit
2178 1450 2526 1529 significatio
2572 1449 2660 1510 vel
2692 1451 2752 1510 in
2785 1449 2916 1511 loco

332 1549 415 1609 vel
466 1550 540 1610 de
584 1549 734 1620 loco,
785 1549 857 1610 de
903 1549 1101 1612 verbis
1142 1550 1459 1629 intellegis,

498 1652 726 1714 Accidit
750 1654 926 1713 etiam
951 1655 1291 1732 conparatio
1316 1651 1627 1714 adverbiis,
1676 1654 2129 1732 conparationes
2160 1653 2573 1715 adverbiorum
2597 1661 2720 1716 tres
2748 1662 2915 1717 sunt:
2943 1659 3061 1720 415,
3086 1660 3151 1708 24

331 1762 429 1815 aut
456 1756 613 1815 enim
639 1756 953 1835 positivum
976 1754 1222 1832 gradum
1252 1756 1550 1834 recipiunt
1582 1762 1680 1816 aut
1711 1756 2153 1835 conparativum
2181 1764 2279 1817 aut
2309 1756 2749 1835 superlativum.
2798 1760 2918 1837 pri·
2943 1728 3062 1857 ἓξὲξ
3090 1729 3154 1843 {2

329 1876 493 1919 mum
535 1859 689 1918 scire
734 1856 916 1917 debes
962 1875 1080 1918 non
1128 1858 1321 1918 omnia
1369 1856 1649 1919 adverbia
1692 1858 1965 1937 recipere
1998 1856 2469 1937 conparationes,
2517 1860 2618 1920 sed
2668 1879 2736 1920 ea
2767 1878 2918 1940 quae

258 1972 303 2012 15
330 1960 558 2023 ducunt
588 1960 877 2038 originem
912 1978 943 2020 a
968 1959 1310 2021 nominibus
1341 1959 1769 2039 recipientibus
1801 1962 2309 2039 conparationem.
2354 1980 2472 2022 non
2504 1980 2680 2022 omne
2710 1961 2917 2022 adver-

328 2062 495 2123 bium
526 2062 741 2141 recipit
769 2062 1272 2142 conparationem,
1324 2061 1428 2122 sed
1469 2061 1528 2122 id
1561 2060 1925 2132 adverbium,
1971 2062 2128 2143 quod
2161 2063 2372 2143 recipit
2415 2066 2916 2143 conparationem,

331 2165 488 2226 veuit
522 2182 555 2224 a
588 2163 925 2238 nominibus
966 2163 1393 2245 recipientibus
1423 2165 1927 2244 conparationem.
1976 2172 2118 2244 puta
2151 2164 2358 2226 doctus
2390 2167 2603 2245 recipit
2630 2183 2916 2245 conpara-

327 2268 571 2337 tionem,
609 2265 781 2326 docte
824 2265 1075 2327 doctiuS.
1149 2285 1214 2327 ea
1249 2284 1391 2345 ergo
1428 2265 1703 2326 adverbia
1738 2267 2035 2345 recipiunt
2067 2269 2568 2346 conparationem,
2608 2285 2756 2346 quae
2790 2266 2916 2348 du}-

328 2376 471 2430 cunt
502 2369 795 2446 originem
827 2387 857 2428 a
891 2367 1230 2432 nominibus
1259 2367 1684 2447 recipientibus
1715 2370 2220 2448 conparationem.
2268 2369 2407 2448 quid
2440 2387 2582 2448 ergo
2615 2372 2921 2448 sequitur?

255 2469 424 2530 witta
472 2469 770 2540 adverbia,
820 2488 971 2549 quae
1018 2469 1239 2532 ducunt
1284 2472 1573 2548 originem
1606 2489 1637 2530 a
1669 2470 1870 2540 verbo,
1921 2489 2039 2532 non
2084 2473 2383 2552 recipiunt
2416 2474 2916 2551 conparationem,

327 2574 610 2651 quoniam
673 2572 915 2634 verbum
986 2591 1105 2633 non
1163 2574 1376 2652 recipit
1440 2574 1955 2652 conparationem..
2049 2580 2113 2634 ut
2177 2582 2320 2653 puta
2384 2576 2608 2635 cursim
2668 2575 2917 2635 strictim

330 2694 447 2736 non
509 2676 810 2754 recipiunt
866 2677 1385 2754 conparationem,
1453 2677 1730 2755 quoniam
1789 2675 2011 2736 ducunt
2064 2677 2351 2753 originem
2409 2693 2438 2736 a
2491 2675 2703 2744 verbo,
2763 2675 2916 2753 quod

328 2776 578 2838 verbum
624 2796 740 2839 non
787 2779 1002 2858 recipit
1044 2778 1548 2857 conparationem.
1618 2776 1757 2856 quid
1806 2775 1901 2839 illa
1949 2777 2245 2847 adverbia,
2294 2795 2445 2856 quae
2491 2779 2780 2857 originem
2813 2777 2917 2838 du·

328 2887 471 2940 cunt
526 2897 558 2939 a
615 2882 996 2958 pronomine,
1057 2880 1294 2940 meatim
1354 2881 1594 2942 tuatim?
1664 2898 1784 2941 non
1840 2882 2141 2958 recipiunt
2196 2869 2710 2959 conparationem,
2774 2897 2919 2958 quo-

252 2983 488 3044 aniam
549 3000 658 3042 nec
717 3001 1048 3063 pronomen
1108 2983 1322 3061 recipit
1377 2984 1880 3062 conparationem.
1970 2981 2110 3061 quid
2169 2983 2219 3043 si
2273 2991 2410 3062 puta
2479 2981 2578 3043 illa
2644 2981 2918 3042 adverbia

325 3085 623 3163 originem
668 3084 891 3146 ducant
935 3104 967 3145 a
1015 3085 1470 3146 coniunctione?
1542 3103 1663 3144 non
1717 3085 2021 3163 recipiunt
2067 3086 2570 3165 conparationem.
2664 3102 2804 3162 ergo
2851 3103 2919 3145 ea

324 3186 606 3250 adverbia
651 3188 946 3267 recipiunt
990 3186 1506 3266 conparationem,
1556 3204 1705 3264 quae
1751 3186 1977 3248 ducunt
2022 3188 2311 3266 originem
2366 3205 2396 3247 a
2443 3185 2781 3248 nominibus
2825 3205 2918 3247 re-

323 3288 684 3369 cipientibus
729 3291 1227 3370 conparationem.
1319 3295 1378 3348 et
1428 3290 1540 3350 ista
1597 3290 1723 3367 ipsa
1769 3286 2073 3358 adverbia,
2146 3307 2297 3368 quae
2350 3290 2648 3368 recipiunt
2701 3307 2917 3369 coupa-

326 3394 641 3461 rationem,
690 3393 750 3452 in
798 3393 1046 3471 positivo
1091 3411 1130 3447 a
1175 3409 1349 3452 unam
1398 3389 1661 3469 regulam
1708 3390 1944 3452 habent.
2005 3393 2066 3451 in
2114 3393 2491 3469 conparativo
2536 3389 2696 3452 illam
2743 3410 2917 3471 quam

251 3509 300 3548 30
326 3493 591 3555 diximus
635 3492 897 3571 regulam
946 3493 1082 3554 inde
1129 3491 1449 3572 probamus
1493 3493 1567 3553 de
1605 3492 1718 3553 hoc
1761 3495 1894 3573 ipso
1939 3495 2179 3554 nomine
2223 3492 2376 3554 bene
2422 3493 2630 3554 melius
2676 3495 2916 3572 optime.

326 3614 445 3656 non
508 3604 600 3656 est
657 3594 865 3666 breve,
936 3602 999 3656 ut
1043 3596 1193 3656 scias
1239 3594 1504 3674 regulam
1551 3594 1924 3674 superlativi,
1992 3595 2149 3655 unde
2193 3596 2454 3665 venerit,
2524 3597 2645 3657 sive
2701 3614 2734 3655 a
2785 3614 2916 3656 cor·

323 3707 499 3779 repto
547 3699 827 3777 positivo,
886 3700 1008 3758 sive
1053 3718 1086 3758 a
1130 3696 1450 3776 producto;
1513 3696 1695 3758 nihilo
1755 3698 1948 3759 minus
2008 3696 2106 3757 illa
2151 3695 2355 3775 regula
2401 3704 2686 3758 remanet.
2779 3715 2918 3774 ergo

324 3801 401 3861 ita
462 3819 531 3862 se
591 3799 807 3861 habeut
869 3797 1126 3880 regulae.
1228 3801 1285 3860 in
1344 3800 1595 3880 positivo
1652 3799 1803 3862 duae
1868 3808 2007 3861 sunt
2070 3798 2341 3878 regulae,
2409 3799 2470 3860 in
2539 3800 2920 3879 conparativo

328 3922 442 3964 una
493 3910 605 3964 est.

252 4019 301 4059 :55
498 4005 655 4066 Sunt
697 4001 892 4081 aliqua
935 4003 1208 4074 adverbia
1256 4022 1408 4083 quae
1453 4023 1575 4066 non
1619 4006 1918 4083 recipiunt
1954 4000 1965 4088 Ι
2003 4006 2506 4085 conparationem,
2554 4010 2615 4064 et
2646 4005 2917 4082 volumus
2943 3986 3153 4074 439,ἳ7

332 4109 393 4167 in
439 4109 592 4188 ipsis
639 4105 839 4167 facere
885 4107 1385 4184 conparationem.
1478 4124 1679 4177 mane,
1729 4125 1847 4168 non
1892 4125 2207 4187 possumus
2251 4107 2450 4169 dicere
2508 4106 2664 4187 quod
2720 4106 2921 4167 dicunt
2946 4084 3153 4142 512‚2o

467 4363 503 4414 6
542 4364 782 4426 quoniam
808 4364 1097 4429 significant
1128 4365 1169 4412 C
1273 4365 1301 4413 7
1341 4373 1514 4428 aperte
1554 4372 1601 4411 et
1638 4378 1734 4429 ego
1761 4363 1891 4414 BCa
1927 4373 2098 4429 aperte
2133 4372 2181 4412 et
2219 4376 2341 4428 ergo
2367 4363 2417 4412 A
2519 4360 2553 4411 8
2590 4360 2749 4411 debeo
2778 4360 2922 4411 ABG

473 4434 539 4483 12
576 4435 728 4483 etiam
758 4448 851 4483 om.
881 4434 948 4491 Α,
980 4435 1102 4483 add.
1125 4430 1192 4482 a*
1303 4431 1366 4483 13
1399 4433 1533 4482 enim
1572 4448 1664 4485 om.
1697 4432 1767 4495 A,
1795 4433 1918 4486 add.
1942 4451 1974 4482 a
2083 4433 2148 4484 19
2177 4441 2414 4483 secuntur
2447 4431 2496 4480 Α
2598 4430 2667 4480 26
2699 4445 2822 4497 ergo
2860 4448 2921 4480 ea

326 4504 579 4554 adverbia
603 4505 853 4569 recipiunt
881 4506 1291 4568 conparationem
1321 4517 1412 4552 om.
1443 4503 1510 4564 A,
1539 4503 1661 4552 add.
1688 4518 1719 4552 a
1826 4501 1894 4553 29
1920 4504 1971 4553 in
2002 4503 2222 4569 positiuo
2250 4518 2401 4553 unam
2429 4501 2596 4551 ABG
2619 4501 2669 4550 in
2693 4502 2915 4567 positiuo

327 4588 426 4623 non
469 4588 624 4623 uuam
649 4589 702 4626 a.
728 4577 1024 4624 sentenciam
1053 4575 1367 4639 ,qranunatiei
1395 4574 1664 4625 ostendunt
1685 4589 1746 4623 ea
1773 4587 1903 4638 quae
1928 4574 1991 4624 de
2013 4575 2200 4639 regulis
2223 4575 2426 4637 positivi
2449 4579 2498 4622 et
2521 4572 2838 4636 conpar-utini
2866 4579 2917 4620 et

323 4645 634 4709 superlativi
661 4644 873 4707 scripsit
907 4645 1113 4695 Ser-vius
1146 4648 1194 4694 in
1224 4646 1353 4694 Don.
1383 4660 1436 4708 p.
1467 4643 1588 4700 415,
1618 4643 1703 4696 28.
1745 4645 1915 4708 itaque
1947 4646 2173 4693 lacunam
2208 4645 2449 4704 indicavi,
2486 4643 2536 4691 in
2566 4643 2775 4707 reliquis
2804 4656 2915 4691 cor·

327 4720 533 4777 ruptam
565 4714 786 4764 codicum
817 4717 1120 4776 scripturam
1152 4714 1341 4764 retinui
1513 4712 1581 4764 30
1625 4713 1856 4778 regulam
1893 4713 2012 4763 inde
2048 4713 2213 4763 ABG
2256 4715 2486 4779 regulam
2525 4712 2575 4760 in
2611 4712 2689 4760 ius
2727 4711 2845 4761 inde
2882 4727 2915 4759 a

471 4784 535 4835 31
574 4798 676 4834 non
713 4795 791 4834 est
822 4785 987 4836 ABG
1019 4785 1154 4847 quod
1184 4793 1260 4834 est
1294 4801 1328 4832 α
1485 4786 1679 4833 venerit
1715 4800 1805 4834 om.
1840 4782 1906 4844 A,
1949 4783 2072 4833 add.
2111 4781 2179 4832 a*
2335 4789 2566 4848 correpto
2603 4782 2822 4846 positiuo
2855 4782 2915 4830 a*

330 4854 626 4919 correptiuo
662 4855 829 4920 posito
867 4856 916 4904 Α
947 4856 1231 4920 eorreptiuo
1271 4854 1491 4920 positiuo
1528 4853 1635 4904 BG
1769 4851 1836 4904 32
1876 4855 1961 4904 illa
1997 4853 2175 4920 regula
2208 4852 2366 4904 nihilo
2402 4853 2573 4902 minus
2606 4851 2657 4901 B
