3541 5564
630 294 751 357 142
1114 249 1124 255 ⁴
1704 293 2014 355 POMPEH

678 416 719 456 p.
750 405 925 443 101-03
953 402 995 442 ι..

626 485 899 564 quoniam
947 500 1307 563 praenomen
1357 488 1474 547 est.
1535 488 1592 541 et
1636 480 1945 542 Sallustius
1988 497 2203 539 nomen
2252 485 2369 545 est,
2430 478 2706 553 quoniam
2754 473 2922 535 multi
2967 474 3207 534 suerunt

626 583 915 646 Sallustii:
976 584 1071 645 dio
1130 584 1297 644 hoc'.
1372 582 1476 643 sed
1533 584 1673 644 istas
1728 602 1825 643 res
1880 601 2000 644 nou
2060 583 2145 642 sic
2198 579 2553 647 iudicamus»,
2612 595 2791 657 quem
2850 577 2923 636 ad
2967 576 3205 637 modum

627 686 915 747 naturalia
962 694 1126 755 sunt,
1173 687 1275 745 sed
1321 704 1499 764 quem
1546 684 1616 744 ad
1663 684 1901 745 modum
1947 685 2280 744 invenimus
2324 683 2384 742 in
2431 681 2707 742 lectione.
2768 697 2911 757 ergo
2944 686 3002 740 et
3036 677 3207 739 modo

627 787 899 855 Publius.
948 791 1223 868 quoniam
1272 786 1512 868 nomilni
1558 788 1902 867 praeposui,
1954 788 2065 846 erit
2108 802 2498 865 praenomen;
2546 782 2779 849 Lucius,
2829 782 3109 861 quoniam
3152 787 3209 839 et

626 889 728 951 ille
760 891 975 950 Lucius
1021 898 1110 949 est
1153 898 1212 949 et
1254 888 1353 949 ille
1385 888 1604 949 Lucius
1650 897 1754 957 est,
1805 889 1919 948 erit
1963 906 2178 949 nomen
2227 884 2509 952 familiae:
2557 883 2883 951 Sallustius,
2932 884 3205 962 quoniam
3233 893 3256 932 ⁵

627 991 741 1052 boc
806 994 935 1071 ipso
1000 994 1243 1071 proprio
1300 990 1584 1051 vocabulo
1641 989 2003 1069 appellatur,
2064 991 2175 1049 erit
2238 1005 2569 1065 cognomen
2638 988 2822 1065 ipsius
2885 986 3207 1065 proprium.

627 1104 789 1156 verte
844 1093 1023 1161 illud,
1090 1100 1148 1152 et
1203 1102 1370 1171 potes
1427 1092 1606 1153 alium
1663 1092 1933 1153 ordinem
1989 1092 2215 1160 facere,
2272 1091 2460 1170 prout
2502 1088 2775 1150 volueris.
2867 1106 3010 1166 ergo
3056 1086 3211 1147 vides

626 1198 903 1275 quoniam
948 1214 1065 1255 non
1113 1213 1351 1273 semper
1394 1196 1479 1254 sic
1519 1194 1870 1255 iudicamus.
1961 1214 2143 1274 quare
2191 1193 2303 1253 boc
2349 1191 2518 1252 dico?
2563 1190 2757 1251 solent
2799 1189 2980 1270 aliqui
3024 1190 3210 1250 homi-

628 1316 733 1359 nes
788 1292 1136 1378 plerumque
1193 1315 1323 1356 esse
1381 1296 1605 1366 callidi,
1665 1304 1722 1356 et
1764 1300 2094 1374 interrogat
2150 1302 2203 1354 te
2250 1295 2460 1374 aliquis
2506 1302 2563 1354 et
2607 1293 2752 1352 dicit
2794 1292 2901 1353 tibi
2959 1292 3210 1352 ‘Lucius

626 1399 797 1479 quale
844 1417 1061 1459 nomen
1110 1400 1267 1459 est?’
1314 1400 1646 1484 proprium.
1707 1401 1893 1477 ‘quae
1938 1416 2076 1477 pars
2122 1405 2209 1468 est
2253 1398 2479 1477 proprii
2526 1396 2857 1456 nominis?'
2915 1393 3063 1454 dicis
3106 1392 3205 1460 illi,
3237 1406 3279 1442 ω

625 1518 1010 1582 praenomen.
1098 1499 1241 1560 dicit
1286 1500 1391 1560 tibi
1437 1499 1683 1560 ‘falsum
1732 1507 1853 1561 est:
1930 1519 2065 1561 nam
2114 1518 2253 1559 ecce
2284 1517 2501 1559 servus
2547 1516 2712 1558 meus
2757 1499 2835 1556 ita
2881 1495 3210 1576 appellatur

626 1612 686 1664 et
729 1623 846 1664 non
893 1603 1071 1664 habet
1114 1606 1535 1681 praenomcn’.
1626 1603 1791 1662 vides
1836 1620 1979 1680 ergo
2024 1602 2302 1680 quoniam
2349 1603 2456 1661 ista
2506 1619 2624 1660 non
2669 1599 2995 1660 secundum
3042 1607 3208 1658 natu-

626 1723 751 1766 ram
798 1714 962 1774 sunt,
1026 1704 1129 1765 sed
1188 1714 1362 1785 prout
1395 1706 1649 1784 ,inventa
1694 1704 1944 1772 suerint,
1993 1704 2070 1763 ita
2119 1702 2429 1770 dicuntur,
2476 1710 2543 1760 ut
2585 1703 2661 1761 sit
2706 1719 2923 1761 nomen
2970 1707 3029 1759 et
3073 1718 3206 1779 pro·

623 1809 818 1888 prium
866 1815 924 1866 et
967 1805 1223 1867 familiae
1265 1806 1441 1867 illius,

422 1920 539 1981 429,
567 1920 598 1967 6
791 1909 1106 1969 Praeterea
1151 1908 1296 1969 illud
1341 1910 1495 1969 scire
1541 1908 1743 1977 debeS,
1793 1927 1912 1969 non
1958 1926 2191 1968 omnem
2222 1891 2525 1968 hominem
2573 1904 2793 1965 babere
2837 1906 2946 1965 ista
2994 1905 3207 1964 omnia.
3237 1916 3278 1953 ¹⁵

626 2029 759 2072 nam
804 2017 998 2091 potest
1039 2013 1291 2072 inveniri
1338 2011 1550 2090 aliquis
1595 2013 1695 2091 qui
1754 2030 1938 2072 unum
1984 2009 2195 2077 babet,
2238 2018 2305 2070 ut
2347 2028 2579 2079 servus,
2628 2017 2691 2068 ut
2736 2008 2886 2076 dixi,
2936 2006 3207 2067 Gauden-

627 2115 768 2173 tius:
828 2131 967 2173 ecce
1026 2132 1208 2174 unum
1266 2112 1446 2173 habet
1502 2120 1746 2173 tantum.
1838 2113 1991 2193 apud
2053 2114 2309 2173 maiores
2366 2119 2599 2173 nostros
2656 2110 2802 2170 haec
2847 2109 3209 2170 consuetudo

626 2217 843 2285 suerat,
890 2223 957 2274 ut
1001 2214 1218 2294 singuli
1266 2214 1500 2293 singula
1549 2214 1839 2276 haberent
1884 2216 2142 2275 nomina.
2236 2234 2375 2275 eece
2420 2212 2706 2274 Romulus
2750 2230 2936 2273 unum
2984 2220 3209 2273 tantum

624 2317 830 2377 habet:
881 2316 1037 2396 apud
1085 2325 1313 2378 veteres
1360 2317 1503 2377 nihil
1551 2316 1802 2396 legimus
1847 2317 2121 2398 ampliuS‚
2171 2317 2282 2377 nisi
2329 2316 2442 2375 lioc
2486 2314 2695 2374 solum.
2785 2314 2966 2392 quid?
3033 2314 3213 2374 habet

622 2422 732 2480 iste
790 2437 1118 2496 cognomen
1174 2427 1432 2488 tantum,
1490 2420 1550 2479 id
1598 2427 1686 2480 est
1728 2422 2040 2500 proprium
2089 2438 2320 2479 nomen.
2413 2417 2602 2478 Numa
2650 2415 2995 2496 Pompilius:
3072 2435 3210 2478 ecce
3236 2427 3280 2464 2⁰

625 2522 741 2582 duo
787 2529 944 2581 sunt.
1035 2522 1149 2580 iam
1195 2523 1309 2581 iste
1357 2520 1536 2581 habet
1581 2530 1639 2581 et
1684 2541 1898 2582 nomen
1947 2521 2204 2582 familiae
2251 2529 2309 2581 et
2351 2539 2522 2581 suum
2569 2521 2900 2598 proprium.
2966 2518 3212 2579 Publius

625 2622 933 2702 Vergilius
987 2623 1179 2683 Maro:
1242 2642 1380 2684 ecce
1437 2625 1548 2684 tria
1592 2623 1800 2693 habet,
1859 2642 2221 2703 praenomen
2268 2641 2482 2683 nomen
2531 2639 2881 2700 cognomen.
2970 2618 3215 2681 Publius

624 2725 934 2788 Cornelius
966 2725 1164 2805 Scipio
1195 2726 1531 2786 Africanus:
1580 2745 1719 2787 ecce
1763 2734 2036 2806 quattuor
2081 2725 2287 2796 babet,
2347 2726 2542 2787 omnia
2599 2722 2795 2785 habet.
2870 2725 3050 2804 nequi
3110 2723 3211 2784 tibi

623 2828 780 2889 dicat
826 2828 986 2888 verbi
1033 2846 1240 2897 causa,
1289 2847 1426 2889 ecce
1460 2830 1753 2907 Vergilius
1799 2849 1916 2890 non
1964 2829 2143 2889 habet
2189 2847 2513 2906 agnomen,
2562 2830 2693 2908 quia
2743 2825 2886 2886 nibil
2931 2827 3104 2896 fecit,
3151 2835 3214 2887 ut

623 2931 837 3009 dignus
883 2937 1040 2992 esset
1083 2932 1426 3007 agnomine,
1475 2933 1612 3010 quia
1659 2949 1778 2992 non
1825 2931 2032 2992 habuit
2074 2933 2309 3000 vitium,
2359 2939 2424 2991 ut
2464 2931 2606 3009 inde
2655 2930 3008 2992 traheretur.
3085 2929 3210 2989 Sal·
3238 2939 3281 2976 25

622 3031 830 3093 lustius
896 3051 927 3091 e
996 3035 1294 3093 contrario
1363 3032 1540 3093 babet
1606 3052 1928 3111 agnomen,
1997 3033 2245 3094 Publius
2293 3032 2600 3093 Sallustius
2657 3032 2928 3112 Crispus:
2999 3031 3213 3092 dicitur

623 3136 852 3212 crispos
897 3134 1168 3195 babuisse
1215 3135 1457 3214 capillos
1503 3135 1773 3196 obtortos
1818 3143 1876 3195 et
1920 3139 2147 3215 accepit
2191 3155 2222 3196 a
2268 3155 2335 3196 re
2381 3153 2616 3195 nomen.
2709 3133 2836 3203 ille,
2885 3134 3019 3212 quia
3069 3132 3208 3193 nibil

623 3236 853 3305 babuit,
922 3255 1042 3297 non
1108 3239 1335 3316 accepit
1399 3256 1710 3316 agnomen.
1804 3257 1946 3316 ergo
2009 3237 2173 3298 vides
2238 3239 2516 3317 quoniam
2587 3238 2898 3315 agnomina
2957 3256 2990 3297 a
3034 3235 3212 3295 rebus

622 3341 880 3399 veniunt.
944 3346 1002 3398 et
1045 3338 1394 3418 plerumque
1437 3342 1769 3402 invenimus
1814 3341 1924 3401 ista
1971 3340 2180 3400 ordine
2225 3347 2584 3400 commutato
2631 3340 2835 3418 posita,
2883 3338 2986 3399 sed
3033 3340 3210 3398 istum

624 3440 942 3520 Vergilium
989 3459 1107 3501 non
1163 3441 1488 3502 secundum
1547 3451 1815 3505 naturam
1874 3444 1989 3503 iam
2047 3444 2350 3521 ponimus,
2410 3443 2513 3502 sed
2572 3450 2747 3521 prout
2790 3442 3282 3500 invenerimus&

621 3552 938 3623 praeterea
984 3562 1059 3604 ne
1115 3553 1172 3604 te
1228 3552 1399 3622 cogat
1457 3554 1519 3605 ut
1563 3545 1722 3607 dicas
1765 3545 1915 3605 baec
1945 3546 2141 3604 omnia
2173 3546 2234 3605 in
2268 3563 2385 3604 uno
2416 3562 2684 3623 quoque,
2733 3549 2791 3601 et
2834 3543 2995 3603 dicas
3040 3562 3212 3622 posse

621 3647 873 3706 inveniri
930 3648 1070 3707 istas
1125 3653 1403 3725 quattuor
1460 3666 1557 3708 res
1612 3649 1674 3707 in
1732 3646 2035 3716 omnibuS,
2093 3647 2194 3706 sed
2254 3648 2534 3726 quoniam
2593 3663 2712 3705 non
2771 3654 3020 3724 possunt
3062 3644 3210 3704 ultra

621 3758 901 3827 quattuor
960 3767 1107 3809 esse.
1199 3767 1340 3828 ergo
1395 3750 1673 3830 quoniam
1736 3749 1996 3810 didicisti
2042 3750 2185 3809 istas
2230 3757 2507 3828 quattuor
2552 3754 2784 3827 parteS‚
2832 3749 2987 3808 scire
3033 3747 3214 3807 debes

620 3852 755 3927 quia
802 3851 1081 3930 quicquid
1126 3859 1365 3932 praeter
1411 3852 1514 3913 bas
1559 3872 1657 3913 res
1702 3853 1883 3912 fuerit
1927 3849 2342 3931 appellativum
2391 3858 2499 3911 est.
2935 3851 2942 3863 '

790 3953 1015 4014 Deinde
1059 3954 1119 4013 in
1163 3954 1655 4034 responsionibus
1699 3953 1895 4015 callidi
1941 3952 2230 4014 debemus
2277 3948 2436 4015 esse(
2520 3951 2866 4032 plerumque
2913 3960 3016 4013 aut
3062 3951 3279 4012 male³⁵

618 4055 1053 4135 respondentes
1106 4056 1329 4117 faciunt
1385 4076 1493 4117 nos
1551 4058 1746 4117 lacere
1801 4055 2216 4117 soloecismum
2262 4063 2365 4116 aut
2408 4054 2560 4116 male
2604 4057 3062 4132 interrogantes,
3151 4062 3212 4113 ut

520 4160 525 4165 ’
618 4166 794 4239 puta,
854 4158 1006 4237 siqui
1063 4157 1219 4218 dicat
1260 4159 1596 4229 Africanus,
1644 4161 1728 4218 sic
1777 4157 1967 4218 debeo
2013 4159 2413 4236 interrogare,
2460 4159 2546 4217 sic
2591 4156 2977 4237 respondere.
3027 4156 3210 4218 ‘Arri-

620 4279 803 4321 canus
848 4280 997 4340 quac
1040 4281 1180 4341 pars
1224 4262 1583 4321 orationis?'
1630 4270 1687 4321 et
1731 4279 1883 4340 puer
1929 4260 2089 4320 dicat
2133 4260 2444 4319 enomen'.
2511 4277 2621 4337 ego
2667 4260 2969 4337 interrogo
3015 4258 3210 4339 ‘quale

763 4521 794 4569 7
825 4520 1055 4571 ordinem
1092 4535 1183 4571 om.
1226 4518 1292 4580 A,
1332 4517 1455 4569 add.
1496 4533 1529 4565 a
1672 4516 1738 4568 10
1773 4531 1893 4582 pars
1929 4524 2006 4565 est
2037 4517 2228 4583 proprii
2260 4516 2308 4565 Α
2344 4531 2463 4581 pars
2501 4519 2691 4583 proprii
2722 4517 2874 4567 BCa
3019 4518 3085 4567 12
3116 4518 3209 4567 ista

620 4606 713 4640 om.
753 4589 819 4651 Α,
855 4590 976 4644 add.
1005 4608 1038 4639 a
1153 4589 1214 4639 15
1250 4598 1511 4652 praeterea
1550 4587 1673 4637 illud
1711 4590 1842 4636 scire
1868 4586 2025 4636 debes
2054 4589 2150 4638 La
2181 4595 2442 4653 praeterea
2471 4590 2601 4637 scire
2626 4589 2782 4637 debes
2817 4587 2922 4637 Ac
2953 4595 3211 4653 praeterea

620 4661 750 4710 scire
776 4661 1021 4711 debemus
1052 4660 1104 4710 B
1214 4659 1278 4708 16
1316 4658 1535 4711 inueniri
1565 4658 1707 4708 BGa
1741 4658 1972 4706 inuenire
2004 4658 2053 4705 Α
2162 4660 2229 4709 26
2257 4658 2438 4707 dicitur
2475 4661 2675 4725 crispos
2712 4659 2878 4722 (corr.
2918 4658 3117 4722 crispus
3154 4658 3210 4719 a)

622 4730 793 4781 habuit
823 4731 1038 4796 capillos
1071 4731 1120 4779 A
1299 4731 1366 4779 27
1406 4729 1630 4778 obtortos
1657 4729 1704 4777 A
1717 4728 1766 4777 Β
1804 4735 1853 4775 et
1883 4734 2041 4778 tortos
2071 4728 2112 4777 G
2243 4729 2471 4791 sortasse
2507 4738 2555 4778 et
2591 4730 2782 4794 accepit
2819 4742 3077 4791 agnomen

622 4800 689 4852 30
726 4801 1071 4851 inuenerimus
1110 4802 1195 4851 Ca
1234 4799 1580 4849 inueniremus
1611 4798 1658 4845 A
1697 4800 2053 4847 inueneremus
2094 4799 2139 4848 B
