3541 5564
1448 351 1920 413 COMMENTVM
2857 351 2984 415 305

1663 506 1664 509 ,
2609 472 2651 513 p.
2675 462 2860 502 wa—cs
2888 460 2932 500 L.

1482 557 1580 618 DE
1625 555 1897 617 TROPIS

567 673 805 736 Tractat
860 678 1032 736 etiam
1091 676 1164 736 de
1230 677 1434 754 tropis.
1526 675 1779 737 diximus
1844 675 2001 755 quod
2076 675 2445 756 metaplasmi
2515 683 2739 737 tantum
2806 677 2982 738 modo

398 779 766 839 necessitatis
811 786 979 847 sunt,
1037 775 1334 838 schemata
1390 785 1617 839 tantum
1674 777 1851 838 modo
1897 785 2166 847 ornatuS‚
2225 780 2379 858 tropi
2424 779 2732 858 utriusque
2776 781 2977 857 partis

400 899 533 941 nam
578 881 802 941 idcirco
848 889 907 940 et
951 898 1123 940 causa
1169 881 1535 940 necessitatis
1580 882 1755 951 siunt,
1805 879 1905 940 ubi
1951 882 2131 957 exigit
2172 899 2408 950 sensuS,
2458 890 2516 941 et
2559 899 2735 942 causa
2768 882 2980 942 utilita-

349 983 502 1050 stis,
565 981 667 1042 ubi
724 991 813 1042 est
870 990 1130 1043 ornatus,
1220 983 1368 1043 varii
1423 991 1564 1042 sunt
1619 990 1900 1043 tractatus
1956 984 2081 1052 isti,
2140 982 2242 1043 sed
2298 983 2372 1043 de
2416 984 2559 1063 ipsis
2603 983 2803 1044 multis
2847 991 2987 1045 sunt

399 1084 898 1162 quattuordecin1;
946 1084 1049 1145 sed
1097 1083 1249 1162 eligo
1295 1103 1483 1163 pauca
1527 1103 1677 1163 quae
1722 1084 1933 1146 dicam.

565 1185 909 1266 Metaphora
958 1194 1046 1246 est
1091 1186 1426 1247 translatio:
1475 1185 1667 1247 Latini
1713 1189 1826 1247 ista
1858 1189 2022 1266 quasi
2053 1186 2303 1248 barbara
2348 1188 2434 1247 sic
2479 1188 2742 1249 audiunt.
2805 1185 2982 1265 legite

399 1288 747 1349 Ciceronem
779 1298 837 1349 et
870 1288 1091 1358 videte,
1131 1286 1136 1365 J
1172 1306 1348 1366 quem
1394 1288 1466 1348 ad
1511 1289 1751 1349 modum
1784 1296 2024 1359 tractat;
2072 1288 2145 1349 de
2190 1290 2335 1368 ipsis
2380 1289 2563 1351 rebus
2607 1290 2755 1351 duos
2799 1290 2982 1350 libros

397 1392 660 1468 integros
705 1392 946 1469 scripsit
991 1389 1293 1471 [plenos];
1345 1391 1489 1451 nihil
1535 1390 1798 1468 loquitur
1827 1392 1889 1450 in
1934 1392 2078 1470 ipsis
2122 1390 2290 1452 libris
2335 1393 2449 1451 nisi
2493 1392 2605 1453 hoc
2651 1392 2860 1461 solum,
2908 1392 2981 1451 de

325 1509 371 1546 ιο
396 1494 528 1552 istis
582 1490 791 1560 rebus,
852 1500 910 1552 et
967 1492 1066 1552 dat
1124 1492 1392 1573 exempla
1450 1493 1735 1572 pleraque
1792 1492 2073 1553 translata
2131 1512 2163 1552 a
2218 1493 2641 1564 Demosthene,
2700 1493 2982 1573 pleraque

397 1613 518 1654 sua.
611 1595 773 1655 Sexti
818 1593 975 1653 liber
1023 1592 1152 1674 [qui
1199 1592 1449 1674 habent]
1498 1593 1642 1653 nihil
1688 1593 1952 1672 loquitur
1997 1596 2057 1654 in
2114 1596 2231 1655 line
2277 1597 2391 1655 nisi
2436 1596 2509 1656 de
2554 1596 2777 1674 liguris.
2858 1614 2979 1655 me-

397 1696 641 1776 taphora
676 1703 953 1773 quattuor
984 1696 1174 1757 modis
1218 1697 1300 1756 lit.
1375 1697 1784 1757 transferimus
1829 1715 1859 1757 a
1908 1714 1973 1755 re
2018 1714 2168 1776 quae
2214 1698 2467 1757 animam
2514 1696 2693 1758 habet
2737 1697 2808 1756 ad
2854 1715 2979 1758 rem

397 1815 548 1874 quae
593 1800 847 1859 animam
893 1797 1101 1867 habet,
1149 1807 1247 1858 aut
1291 1817 1323 1858 a
1370 1816 1435 1858 re
1481 1815 1630 1874 quae
1675 1800 1932 1859 animam
1978 1815 2095 1859 non
2144 1798 2320 1859 habet
2365 1798 2436 1858 ad
2483 1818 2608 1859 rem
2655 1818 2806 1879 quae
2851 1801 2977 1859 ani-

397 1919 552 1960 mam
610 1920 728 1961 non
785 1899 993 1968 hahet;
1052 1907 1154 1961 aut
1207 1902 1386 1960 misce
1444 1899 1556 1959 hoc
1611 1901 1835 1979 ipsum,
1895 1900 1953 1959 id
2010 1910 2100 1960 est
2152 1908 2255 1960 aut
2307 1919 2338 1960 a
2397 1919 2462 1961 re
2519 1918 2669 1978 quae
2724 1903 2978 1962 animam

323 2017 372 2056 15
397 2001 575 2063 habet
629 2002 700 2063 ad
758 2021 884 2062 rem
943 2021 1093 2082 quae
1149 2005 1404 2063 animam
1468 2021 1589 2062 non
1658 2001 1865 2071 hahet,
1933 2011 2035 2064 aut
2091 2022 2123 2063 a
2185 2021 2251 2063 re
2320 2020 2469 2080 quae
2538 2004 2792 2063 animam
2860 2022 2978 2063 non

396 2103 576 2166 habet
631 2105 700 2165 ad
760 2124 889 2166 rem
947 2123 1099 2184 quae
1153 2106 1408 2165 animam
1464 2102 1656 2164 habet.
1748 2111 1885 2183 puta
1942 2105 2097 2165 inter
2152 2103 2269 2163 duo
2326 2105 2632 2175 animalia,
2690 2104 2749 2165 id
2804 2113 2894 2165 est
2947 2124 2980 2164 a

395 2225 463 2266 re
521 2207 760 2268 animali
817 2207 889 2267 ad
937 2226 1062 2267 rem
1110 2205 1452 2275 animalem,
1500 2213 1564 2266 ut
1609 2213 1697 2265 est
1741 2205 1914 2273 illud,

699 2309 986 2389 Tiphyn
1033 2310 1373 2387 aurigam
1419 2305 1711 2369 celeres
1756 2308 2009 2368 secere
2054 2309 2374 2368 carinae.

396 2412 618 2491 Tiphys
675 2411 1037 2489 gubernator
1092 2410 1286 2470 suerat
1341 2411 1503 2470 navis
1547 2410 1751 2486 Argus.
1843 2410 1955 2471 iste
2000 2409 2457 2488 gubernatorem
2506 2411 2767 2487 aurigam
2815 2409 2977 2480 dixit,

319 2527 370 2565 2⁰
397 2516 558 2593 quia,
618 2531 796 2591 quem
853 2512 926 2598 ad
985 2512 1226 2573 modum
1283 2510 1381 2572 ille
1436 2514 1637 2590 auriga
1681 2513 1836 2589 regit
1882 2528 2093 2589 equoS‚
2142 2513 2227 2571 sic
2272 2514 2381 2571 iste
2425 2511 2788 2590 gubernator
2830 2514 2983 2590 regit

396 2635 638 2676 navem:
699 2634 837 2675 ecce
895 2634 925 2675 a
986 2634 1052 2675 re
1098 2612 1335 2675 animali
1381 2614 1681 2674 transtulit
1724 2613 1796 2675 ad
1841 2631 1971 2673 rem
2016 2613 2360 2682 animalem;
2418 2622 2478 2674 et
2531 2615 2730 2691 auriga
2775 2622 2836 2673 et
2875 2631 2979 2691 gu·

395 2702 679 2778 bernator
710 2719 964 2777 animam
998 2716 1237 2777 habent.
1298 2734 1330 2775 a
1376 2734 1443 2775 re
1487 2714 1790 2777 inanimali
1821 2715 1895 2774 ad
1939 2734 2069 2775 rem
2114 2714 2526 2786 inanimalem,
2574 2723 2639 2774 ut
2683 2724 2768 2776 est
2813 2716 2976 2786 illud,

394 2819 504 2880 ‘ut
549 2819 821 2899 pelago
867 2821 1138 2880 misere
1182 2823 1443 2879 rates'.
1495 2817 1502 2899 Ι
1551 2830 1709 2879 rates
1738 2819 1982 2897 proprie
2015 2817 2268 2879 dicimus
2300 2820 2657 2878 conexiones
2701 2818 2976 2886 trabium,

395 2941 503 3000 per
549 2939 694 2998 quas
749 2921 1163 2981 descendimus
1220 2920 1293 2980 ad
1337 2920 1628 2989 fluvium:
1673 2923 1783 2980 iste
1830 2930 2027 2981 autem
2073 2920 2230 2980 idem
2275 2920 2577 2981 transtulit
2621 2920 2692 2980 ad
2739 2903 2989 2986 navem}

317 3036 370 3075 2⁵
398 3042 535 3082 ecce
593 3042 624 3082 a
685 3041 752 3083 re
808 3022 1112 3083 inanimali
1157 3021 1229 3082 ad
1275 3040 1402 3082 rein
1449 3021 1825 3082 inanimalem
1876 3021 2176 3082 transtulit
2219 3023 2508 3083 similiter.
2599 3029 2698 3080 aut
2740 3028 2903 3081 certe
2948 3041 2980 3082 a

397 3144 462 3186 re
508 3124 744 3185 animali
791 3124 862 3184 ad
908 3144 1037 3186 rem
1080 3123 1495 3194 inanimalem,
1543 3131 1607 3183 ut
1654 3133 1744 3185 est
1786 3123 1928 3183 illud
1976 3125 2038 3183 in
2085 3133 2328 3200 quarto,

698 3226 1049 3295 Atlantis,
1097 3229 1428 3287 cinctum
1475 3224 1786 3287 adsidue
1831 3227 1948 3284 cui
1993 3224 2319 3286 nubibus
2363 3228 2553 3287 atris

699 3330 1103 3409 piniferum
1150 3335 1375 3408 caput
1421 3335 1635 3388 vento
1682 3335 2089 3405 quassatur
2134 3338 2206 3388 et
2252 3326 2490 3387 imbri.

397 3439 662 3493 mentum
718 3438 892 3510 caput
948 3430 1230 3490 humerus
1287 3414 1526 3490 brachia
1583 3435 1640 3489 et
1696 3428 1925 3505 reliqua
1984 3430 2179 3489 omnia
2237 3426 2492 3489 hominis
2536 3437 2701 3499 sunt,
2751 3436 2809 3488 et
2851 3431 3002 3497 ista,·

322 3543 372 3583 ³0
399 3552 547 3613 quae
593 3533 847 3593 hominis
893 3534 1150 3600 fuerant,
1211 3532 1284 3592 ad
1330 3542 1588 3591 montem
1639 3529 1951 3592 transtulit.
2043 3538 2145 3590 aut
2198 3548 2229 3589 a
2277 3549 2342 3590 re
2387 3530 2687 3591 inanimali
2733 3529 2804 3591 ad
2850 3549 2977 3591 rem

399 3634 741 3703 animalem,
803 3643 866 3694 ut
921 3636 1010 3694 ‘si
1057 3641 1336 3694 tantum
1383 3640 1690 3711 pectore
1747 3631 1975 3692 robur
2019 3633 2418 3712 concipis'.
2510 3632 2693 3692 robur
2736 3634 2981 3711 proprie

398 3737 645 3797 dicimus
689 3735 830 3796 illud
879 3734 1132 3812 lignum,
1166 3733 1267 3794 sed
1314 3734 1497 3795 robur
1541 3732 1856 3814 appellavit
1899 3734 2075 3795 modo
2121 3733 2556 3800 fortitudineim
2604 3751 2634 3791 a
2680 3752 2746 3793 re
2790 3734 2980 3793 inani-

396 3838 532 3899 mali
576 3836 879 3898 transtulit
924 3836 995 3896 ad
1042 3836 1373 3897 animalem.
1441 3838 1519 3896 ita
1568 3855 1632 3896 se
1679 3835 1903 3897 habent
1947 3845 2225 3916 quattuor
2269 3843 2469 3916 partes
2514 3838 2677 3896 istae.
2768 3835 2981 3896 adiecit
3083 3850 3093 3865 ·

395 3940 612 4019 aliquid
660 3947 717 3999 et
762 3938 949 3999 noluit
996 3946 1247 3999 tractare
1295 3939 1556 4019 pleniuS,
1607 3938 1797 3998 noluit
1842 3945 2047 4018 aperte
2094 3937 2533 3999 demonstrare:
2597 3938 2753 3997 scire
2798 3936 2977 3997 debe·

320 4053 369 4092 ³5
399 4044 471 4102 tis
519 4050 716 4103 tamen
762 4061 879 4102 non
925 4058 1160 4117 semper
1205 4041 1310 4100 has
1357 4040 1772 4101 translationes
1817 4042 2158 4119 reciprocas
2204 4059 2355 4099 esse.
2432 4041 2775 4116 reciprocae
2820 4045 2978 4105 sunt,

397 4146 668 4220 quotiens
711 4145 868 4204 inter
914 4162 979 4202 se
1023 4149 1360 4203 recurrunt.
1445 4151 1507 4203 ut
1551 4149 1691 4221 puta
1738 4143 1788 4200 si
1833 4143 2317 4220 conparationem
2363 4142 2543 4201 iacias
2589 4159 2620 4200 a
2668 4139 2862 4200 volatu
2908 4138 2979 4198 ad

529 4368 563 4415 4
608 4367 690 4415 ubi
737 4365 907 4430 exegit
953 4379 1136 4414 sensus
1173 4364 1223 4413 P
1266 4373 1319 4413 ut
1367 4364 1530 4429 exigit
1577 4378 1759 4412 sensus
1794 4360 1949 4412 BCS
2087 4362 2120 4410 5
2157 4362 2299 4410 multi
2341 4369 2457 4410 sunt
2491 4360 2594 4409 SP
2730 4360 2763 4409 9
2800 4360 2980 4425 plenos

392 4452 484 4489 om.
511 4435 628 4496 BS,
666 4436 788 4487 add.
816 4435 955 4485 Cpb
1066 4435 1123 4484 ll
1164 4436 1295 4483 sexti
1334 4433 1515 4483 librum
1553 4434 1638 4498 qui
1673 4433 1859 4482 habent
1894 4432 1946 4480 B
1982 4440 2156 4481 sextus
2190 4432 2315 4479 liber
2345 4446 2493 4495 quem
2533 4431 2684 4479 habet
2710 4430 2789 4480 Cb
2830 4429 2977 4478 sextii

396 4507 475 4555 lib‘
516 4508 601 4569 qui
635 4507 820 4555 habent
853 4521 883 4554 c
921 4505 1024 4554 exti
1062 4506 1241 4554 librum
1280 4505 1368 4567 qui
1399 4503 1583 4553 habent
1612 4504 1679 4553 S:
1720 4504 1851 4552 sexti
1888 4503 2015 4550 liber
2052 4501 2174 4550 nihil
2203 4501 2423 4564 loquitur
2454 4501 2519 4553 P.
2542 4502 2772 4562 fortasse
2805 4507 2980 4548 extant

392 4576 508 4625 libri
625 4577 684 4625 18
718 4575 908 4641 typhyu
950 4575 998 4624 B
1036 4574 1250 4640 thyphiu
1289 4575 1365 4623 P.-
1395 4574 1466 4637 cl'.
1502 4573 1704 4626 Charis.
1727 4589 1784 4637 p.
1818 4573 1953 4631 272,
1997 4570 2059 4621 13
2098 4574 2230 4623 Don.
2265 4589 2320 4634 p.
2362 4569 2493 4631 399,
2533 4571 2601 4620 20
2708 4570 2773 4621 19
2809 4568 2978 4634 typhis

395 4648 442 4694 Ρ
537 4647 606 4696 22
653 4648 970 4695 inanimalem
1011 4655 1064 4693 ut
1096 4654 1173 4694 est
1216 4660 1246 4692 a
1282 4644 1467 4710 pelago
1504 4645 1577 4692 P:
1630 4644 1787 4706 Verq.
1837 4643 1965 4693 Aen.
2008 4643 2045 4687 V
2080 4642 2114 4691 8
2154 4650 2209 4690 ut
2246 4641 2462 4707 pelagus
2494 4651 2699 4712 tenuere
2738 4649 2873 4689 rates

390 4718 456 4766 27
484 4713 722 4781 Atlantis]
763 4717 920 4781 Ver-9.
949 4714 1077 4767 Aen.
1113 4717 1200 4763 llll
1226 4714 1330 4765 248
1437 4714 1503 4763 28
1530 4712 1840 4778 pinniferum
1870 4711 2024 4761 BCS
2042 4711 2090 4758 Ρ
2192 4719 2374 4760 uentus
2402 4710 2666 4774 quassauit
2694 4720 2742 4759 et
2767 4709 2914 4759 imbri
2935 4708 2983 4757 P

528 4785 597 4835 29
634 4786 874 4836 humeros
903 4785 1001 4834 GP
1103 4786 1200 4834 ista
1231 4799 1360 4848 quae
1391 4783 1480 4834 CS
1513 4785 1611 4834 ista
1649 4783 1773 4831 haec
1807 4797 1935 4843 quae
1973 4782 2062 4831 Bc
2199 4780 2262 4830 31
2304 4782 2347 4831 si
2382 4778 2594 4846 tantum]
2646 4780 2804 4844 Ver-9.
2844 4779 2972 4836 Aen.

391 4853 457 4905 Xl
495 4854 599 4905 368
740 4855 807 4906 35
843 4866 1012 4904 tamen
1051 4870 1150 4904 uon
1191 4855 1284 4905 has
1322 4855 1362 4906 C
1391 4866 1556 4905 tamen
1587 4854 1680 4904 has
1711 4851 1871 4903 BSP

492 4945 846 4989 emmunim
874 4946 1055 4989 ιΑτιΝῐ
1083 4946 1138 4989 v.
2484 4934 2572 5001 20
