3541 5564
1409 350 1880 413 couMEerm
2711 316 2714 319 “
2817 347 2943 415 253

2574 471 2615 511 p.
2644 460 2821 501 352-54
2851 460 2893 498 1..

364 559 504 620 ergo
550 541 608 600 in
656 537 995 600 nominibus
1039 540 1272 600 numeri
1315 546 1543 600 tantum
1590 537 1833 619 pluralis
1875 540 1954 600 ita
1986 538 2252 609 sacimuS,
2299 537 2576 599 Puteolos
2619 539 2783 610 vado,
2831 539 2944 600 Pu·

365 642 534 704 teolis
578 644 781 712 venio,
827 641 1088 703 Athenas
1133 640 1309 711 vado,
1356 641 1602 702 Athenis
1644 643 1835 702 venio.
1923 642 2033 701 ista
2088 639 2429 719 planissima
2480 649 2644 711 sunt,
2706 642 2942 719 quando

363 744 432 806 ad
480 744 695 812 locum,
743 746 1106 813 accusativo;
1177 742 1411 821 quando
1469 742 1541 802 de
1585 743 1744 813 loco,
1792 744 2065 823 septimo.
2158 741 2395 820 quando
2449 743 2511 802 in
2566 741 2727 813 loco,
2784 744 2941 804 varia

363 856 450 909 est
506 846 793 908 dubitatio
848 847 1091 908 omnino
1149 853 1207 905 et
1262 847 1475 924 gravis.
1567 845 1669 906 sed
1731 852 1924 906 tamen
1984 844 2390 905 discreverunt
2450 860 2580 905 eam
2638 845 2794 906 bene
2852 844 2943 905 his

312 964 336 1003 5
363 948 599 1028 reguliS.
688 966 909 1029 quaere
952 949 1141 1028 ipsius
1187 948 1435 1008 civitatis
1479 948 1877 1009 nominativus
1922 964 2037 1025 quo
2083 946 2258 1008 modo
2305 953 2489 1017 exeat,
2538 954 2735 1008 utrum
2783 948 2840 1007 in
2875 966 2943 1007 us

363 1060 546 1122 exeat,
595 1069 671 1112 an
714 1053 777 1111 in
823 1068 941 1112 um.
1011 1049 1247 1128 quando
1295 1067 1437 1127 ergo
1481 1051 1544 1110 iu
1588 1048 1719 1111 loco
1765 1052 2118 1127 quaerimuS‚
2165 1049 2245 1109 ita
2291 1047 2574 1109 debemus
2619 1049 2832 1115 facere,
2880 1056 2945 1109 ut

361 1170 709 1231 quaeramus
750 1154 937 1233 ipsius
983 1152 1229 1214 civitatis
1274 1153 1722 1213 nominativum:
1769 1153 1821 1212 si
1847 1153 1975 1230 ipse
2005 1152 2399 1212 nominativus
2443 1151 2693 1210 civitatis
2735 1158 2836 1210 aut
2880 1152 2940 1210 in

361 1275 430 1317 us
451 1262 553 1317 aut
582 1257 644 1316 in
689 1273 786 1316 um
834 1256 1058 1325 exierit,
1104 1251 1448 1334 sefcundum
1479 1255 1815 1334 genetivum
1860 1254 1971 1323 sac,
2018 1262 2084 1314 ut
2127 1260 2267 1333 puta
2300 1250 2695 1314 Mediolanum
2743 1252 2941 1313 DeluS.

360 1358 756 1420 Mediolanum
812 1359 873 1418 iu
932 1376 1032 1418 um
1079 1358 1214 1426 exit,
1265 1356 1441 1419 Delus
1484 1359 1546 1419 in
1594 1376 1663 1418 us
1709 1359 1829 1418 exit
1885 1357 2274 1417 nominativo:
2321 1357 2383 1416 iu
2429 1354 2560 1415 loco
2608 1356 2668 1415 in
2715 1356 2734 1413 i
2779 1355 2940 1415 lacit.

289 1475 503 1538 mergo
549 1458 688 1522 ‘ubi
731 1457 975 1522 suisti'?
1031 1459 1197 1520 ‘Deli
1240 1460 1385 1520 Μ’.
1475 1459 1612 1521 ‘ubi
1669 1456 1907 1520 suisti'?
1962 1456 2312 1519 ‘Mediolani
2366 1457 2507 1517 Μ’.
2597 1455 2943 1517 adverbium

362 1561 474 1623 loci
529 1563 589 1622 in
645 1561 776 1623 loco
832 1561 1157 1623 secundum
1213 1563 1551 1640 genetivum
1605 1563 1667 1621 in
1714 1563 1731 1620 i
1779 1561 1948 1630 facit,
1998 1558 2235 1638 quando
2280 1559 2679 1620 nominativus
2737 1556 2826 1617 vel
2873 1577 2942 1619 us

359 1664 449 1725 vel
494 1683 594 1725 um
639 1665 823 1726 l'uerit
865 1665 1246 1762 terminatum
1303 1672 1440 1741 puta
1486 1664 1683 1725 Naxus
1726 1662 1954 1724 Aradus
1996 1661 2221 1722 insulae
2266 1668 2422 1722 sunt.
2514 1658 2653 1720 ‘ubi
2708 1659 2938 1721 luisti?'

362 1765 541 1827 ‘Naxi
585 1768 735 1836 Μ’,
799 1766 1010 1828 ‘Aradi
1063 1767 1213 1827 sui’:
1272 1767 1332 1825 in
1388 1765 1519 1826 loco
1573 1767 1896 1845 secundum
1945 1767 2306 1838 qenetivum,
2353 1766 2404 1823 si
2447 1762 2839 1824 nominativus
2883 1763 2943 1821 in

359 1887 429 1930 us
486 1868 577 1930 vel
630 1870 692 1929 in
747 1887 847 1929 um
904 1869 1129 1929 exierit.
1219 1868 1270 1928 si
1326 1875 1523 1929 autem
1581 1885 1777 1945 neque
1824 1868 1885 1926 in
1941 1885 2011 1927 us
2067 1882 2260 1943 neque
2316 1866 2377 1925 in
2424 1882 2551 1935 um,
2600 1862 2705 1923 sed
2752 1862 2941 1932 aliter,

285 1986 334 2026 15
359 1979 498 2053 puta
545 1972 721 2032 Baiae
765 1970 1062 2040 Athenae,
1109 1971 1226 2030 iam
1270 1968 1598 2031 secundum
1645 1969 1904 2030 dativum
1950 1968 2261 2029 adsumere
2307 1965 2511 2027 habes.
2602 1964 2788 2026 Tibur
2834 1984 2943 2025 nec

358 2076 417 2135 in
462 2092 533 2137 us
579 2075 698 2135 exit
740 2090 852 2133 nec
893 2074 955 2133 in
1003 2091 1131 2140 um;
1182 2089 1325 2150 ergo
1371 2071 1555 2133 Tibur
1586 2069 1827 2131 Tiburis
1858 2069 2095 2139 Tiburi,
2145 2068 2359 2129 dativo.
2429 2068 2568 2128 ‘ubi
2615 2075 2676 2128 tu
2722 2068 2940 2128 suisti?’

359 2174 600 2236 ‘Tiburi
667 2175 803 2235 Μ’;
901 2174 1172 2235 similiter
1234 2173 1532 2252 Karthago
1601 2172 1975 2251 Karthaginis
2044 2170 2408 2250 Karthagini.
2500 2169 2640 2231 ‘ubi
2710 2170 2941 2230 fuisti?'

361 2277 740 2356 ‘Karthagini
785 2276 925 2336 Μ’.
1015 2282 1159 2356 puta
1205 2275 1388 2337 Roma
1433 2292 1628 2352 neque
1671 2276 1734 2334 in
1780 2294 1851 2335 us
1896 2293 2088 2354 neque
2133 2276 2193 2333 in
2240 2291 2339 2333 um
2384 2273 2531 2342 exit,
2580 2273 2727 2333 haec
2757 2271 2944 2333 Roma

274 2389 278 2393 ’
362 2379 538 2440 huius
585 2379 807 2440 Romae
855 2377 992 2439 huic
1037 2378 1279 2438 Romae.
1372 2376 1513 2438 ‘ubi
1558 2376 1791 2437 l'uisti‘?'
1850 2377 2108 2437 ‘Romae
2152 2376 2293 2435 Μ’.
2387 2383 2446 2435 et
2488 2375 2549 2434 in
2592 2373 2709 2434 illis
2754 2374 2942 2432 uomi-

281 2498 332 2536 20
361 2480 537 2542 nibus
582 2481 817 2541 numeri
862 2488 1089 2542 tautum
1135 2479 1385 2560 pluralis
1414 2485 1480 2539 ut
1508 2479 1658 2540 scias
1704 2478 1949 2539 eandem
1999 2496 2129 2539 esse
2175 2484 2399 2538 tantum
2433 2475 2611 2536 modo
2654 2474 2941 2555 regulam,

357 2581 590 2644 Puteoli
643 2582 1027 2659 Puteolorum
1082 2580 1363 2643 Puteolis.
1453 2580 1591 2642 ‘ubi
1646 2580 1876 2642 suistii'
1942 2578 2235 2641 ‘Puteolis
2301 2578 2438 2640 Μ’.
2528 2596 2649 2639 non
2703 2594 2942 2657 possum

360 2685 563 2746 dicere
627 2684 1042 2754 Puteolorum,
1117 2684 1220 2744 sed
1287 2681 1564 2745 Puteolis,
1667 2683 1844 2744 Baiae
1907 2683 2183 2744 Baiarum
2250 2680 2425 2742 Baiis.
2515 2679 2648 2740 ‘ubi
2714 2678 2942 2740 suisti?'

359 2789 553 2849 ‘Baiis
597 2788 740 2848 Μ’.
802 2789 946 2850 istae
990 2785 1231 2866 regulae
1263 2787 1635 2848 firmissimae
1681 2794 1846 2854 sunt,
1896 2803 2005 2846 nec
2050 2782 2221 2846 aliter
2266 2782 2551 2845 dehemus
2594 2780 2773 2862 loqui.
2836 2800 2945 2842 nec

363 2909 468 2951 vos
511 2890 707 2951 trahat
761 2891 1083 2951 auctoritas
1126 2887 1477 2969 plerumque
1533 2894 1764 2968 sumpta
1820 2906 1931 2967 pro
1977 2887 2346 2948 necessitate.
2435 2904 2570 2946 nam
2615 2885 2944 2945 invenimus

279 3010 332 3049 25
363 2991 519 3072 apud
567 3001 836 3054 auctores
895 2992 1052 3053 varie
1109 2991 1462 3071 aliquotiens
1515 2991 1704 3070 posita
1759 2987 1851 3049 vel
1895 3006 2084 3050 causa
2128 2986 2518 3049 clausularum
2566 2985 2656 3046 vel
2698 2994 2945 3065 propter

360 3102 572 3155 metra.
660 3093 949 3156 habemus
994 3112 1179 3155 unum
1228 3090 1236 3175 Ι
1287 3090 1623 3172 exemplum
1670 3092 1824 3171 apud
1871 3090 2219 3170 Vergilium,
2253 3090 2419 3170 -apud
2465 3088 2804 3151 Sallustium
2852 3107 2943 3149 se-

359 3195 477 3256 mel
524 3195 778 3265 (lictum,
826 3195 979 3276 apud
1028 3196 1373 3257 Ciceronem
1420 3194 1511 3255 bis
1557 3193 1825 3274 dictum..
1890 3193 2207 3274 numquid,
2255 3194 2527 3271 quoniam
2574 3190 2757 3253 semel
2801 3190 2944 3268 legi·

359 3300 435 3360 sti
482 3298 634 3378 apud
682 3298 1005 3377 Vergilium
1050 3306 1149 3359 aut
1181 3296 1379 3358 semel
1424 3295 1579 3376 apud
1626 3295 2003 3367 Ciceronem,
2063 3298 2176 3357 iam
2224 3294 2410 3356 debes
2454 3295 2568 3355 hoc
2613 3295 2731 3355 uti?
2807 3311 2945 3354 ecce

357 3399 653 3478 Vergilius
710 3399 894 3461 semel
941 3419 1086 3462 usus
1131 3409 1221 3461 est
1263 3400 1373 3460 ista
1416 3418 1513 3470 re,
1574 3398 1829 3479 ‘Tyria
1885 3398 2337 3476 Karthagine
2398 3399 2519 3477 qui
2575 3414 2767 3457 nunc
2822 3415 2944 3457 ex-

275 3506 664 3583 sopectat’.
756 3510 1054 3582 expectat,
1115 3503 1221 3573 ait,
1282 3503 1610 3563 Mercurius
1675 3500 2055 3579 Karthagine.
2148 3499 2286 3580 quid
2352 3499 2640 3560 debuerat
2704 3498 2941 3560 dicere?

357 3610 670 3685 ‘expectat
724 3604 1136 3683 Karthagini’;
1193 3603 1519 3665 secundum
1575 3602 1833 3663 dativum
1891 3602 2123 3670 debuit,
2184 3610 2242 3662 et
2297 3620 2439 3663 usus
2484 3608 2575 3661 est
2620 3601 2945 3662 secundum

356 3705 696 3768 ablativum.
794 3706 890 3768 dic
946 3713 1020 3768 tu*
1067 3705 1264 3776 aliter,
1334 3714 1400 3768 ut
1453 3707 1608 3767 scias
1665 3706 1945 3784 quoniam
2014 3705 2368 3765 necessitate
2433 3701 2546 3763 hoc
2614 3702 2781 3772 fecit,
2850 3701 2944 3762 dic

356 3809 570 3890 ‘Tyria
617 3808 967 3887 Karthagini
1013 3810 1113 3887 qui
1159 3827 1319 3870 nunc
1364 3812 1683 3889 expectat’.
1775 3806 1905 3867 vide
1953 3808 2004 3866 si
2055 3814 2168 3868 stat
2209 3805 2449 3866 versus?
2526 3806 2767 3865 omnino
2827 3823 2944 3865 non

355 3919 575 3992 potest.
640 3929 782 3991 ergo
813 3929 990 3972 causa
1022 3912 1198 3972 metri
1230 3910 1343 3971 hoc
1386 3912 1551 3980 fecit,
1600 3927 1718 3970 non
1765 3928 1874 3989 per
1916 3910 2284 3989 inperitiam,
2333 3907 2435 3968 sed
2483 3914 2729 3987 propter
2773 3908 2950 3966 metri

277 4033 330 4075 3⁵
356 4013 793 4074 necessitatem.
885 4013 1031 4074 alter
1088 4015 1289 4074 nescio
1347 4013 1446 4093 qui
1512 4012 1657 4072 fecit
1708 4015 1769 4072 in
1829 4029 2035 4088 prosa.
2127 4012 2177 4073 si
2230 4012 2289 4071 in
2348 4028 2524 4089 prosa
2582 4009 2694 4070 hoc
2747 4010 2944 4078 saciaS,

358 4116 588 4177 invenis
635 4116 895 4196 quinque
940 4115 1164 4193 longas.
1255 4115 1391 4176 ideo
1437 4124 1630 4177 autem
1678 4116 1953 4185 mutavit,
2012 4121 2076 4175 ut
2117 4120 2318 4193 posset
2362 4112 2579 4173 bonam
2626 4109 2945 4172 clausulam

502 4374 526 4424 1
562 4373 783 4439 puteolis
821 4374 973 4422 uenio
1009 4381 1056 4421 et
1092 4373 1141 4422 in
1180 4373 1469 4422 nominibus
1514 4372 1712 4422 numeri
1749 4379 1942 4421 tantum
1980 4370 2196 4436 pluralis
2233 4368 2446 4420 athenas
2483 4368 2614 4419 uado
2645 4368 2813 4418 ABG

359 4442 426 4494 13
461 4444 748 4493 secundum
793 4444 1084 4509 genetivum
1122 4457 1212 4495 om.
1248 4441 1298 4490 A
1312 4441 1416 4492 Bc
1599 4443 1663 4493 15
1705 4441 1859 4491 Baiae
1901 4438 2149 4507 Athenae]
2193 4440 2487 4490 beueetince
2524 4438 2641 4487 AB
2678 4435 2945 4486 beneuenti

356 4512 545 4564 athene
585 4513 627 4564 0
668 4513 936 4563 beneuenti
973 4513 1224 4563 adthenae
1266 4513 1294 4560 b
1439 4512 1503 4564 16
1546 4513 1707 4562 exiuit
1742 4513 1794 4562 B
1808 4511 1892 4561 Ga
1936 4513 2109 4560 exiuut
2146 4510 2195 4559 Α
2334 4509 2400 4559 25
2440 4510 2605 4575 posita
2642 4508 2947 4572 aliquotiens

355 4583 407 4632 B
555 4583 634 4632 vel
673 4597 828 4633 causa
857 4583 1194 4634 clausularum
1234 4582 1605 4632 Lindemannus
1632 4581 1712 4632 uel
1744 4581 2081 4631 clausularum
2117 4580 2224 4629 Ao
2258 4579 2600 4630 clausularum
2636 4578 2684 4627 B
2723 4577 2801 4626 uel
2829 4591 2946 4642 pro·

353 4660 470 4718 pter
505 4652 764 4703 clausulas
800 4653 830 4702 b
997 4653 1065 4705 26
1100 4652 1236 4720 apud
1277 4648 1587 4717 Sallustium]
1620 4653 1691 4713 cf.
1731 4652 1934 4705 Cledon,
1971 4666 2024 4714 p.
2066 4649 2202 4700 1876
2375 4649 2441 4699 27
2480 4649 2615 4714 apud
2653 4647 2946 4697 Ciceronem

357 4724 436 4772 bis
473 4723 666 4772 dictum
701 4738 794 4773 om.
821 4723 888 4789 A,
914 4723 1035 4774 add.
1060 4741 1094 4774 a
1234 4721 1304 4772 29
1341 4718 1515 4787 Tyria]
1567 4723 1724 4786 Ver-9.
1754 4721 1886 4774 Aen.
1928 4722 2016 4770 llll
2052 4721 2155 4769 224
2276 4719 2343 4770 32
2380 4720 2464 4770 dic
2490 4730 2543 4768 tu
2579 4718 2726 4769 aliter
2760 4733 2852 4768 om.
2879 4720 2947 4772 A,

351 4795 407 4843 in
436 4807 599 4858 mara.
641 4793 764 4842 add.
794 4808 826 4842 a
939 4789 1200 4858 quoniam]
1240 4791 1493 4855 quomodo
1531 4791 1696 4841 ABG
1820 4790 1888 4840 33
1925 4793 1968 4840 si
2005 4806 2098 4843 om.
2141 4788 2189 4838 A
2202 4788 2319 4848 Bo,
2366 4790 2487 4840 add.
2525 4789 2555 4839 b
2695 4787 2764 4838 :35
2803 4786 2949 4836 aliter

353 4878 493 4917 corr.
537 4864 664 4912 alter
705 4862 752 4912 B
894 4862 1011 4913 l'erit
1048 4864 1092 4914 si
1132 4863 1179 4911 in
1222 4876 1376 4928 prosa
1412 4861 1507 4911 hoc
1540 4860 1698 4913 facias
1728 4860 1925 4920 ABG,
2031 4860 2099 4913 36
2135 4869 2190 4908 ut
2229 4861 2392 4924 possit
2420 4858 2525 4909 Ac
