3541 5564
1416 356 1890 418 COMMENTVM
2825 353 2952 418 239

2584 475 2626 516 p.
2653 464 2831 504 εει-ιιι
2856 463 2901 503 1..

362 548 556 628 prima
598 564 855 627 persona
900 551 1037 606 ante
1083 542 1348 606 ultimam
1393 543 1648 605 litteram
1693 551 1816 604 tres
1860 542 2093 604 vocales
2136 542 2331 614 habet,
2380 562 2429 614 e,
2477 551 2542 603 ut
2585 562 2746 613 exeo,
2803 546 2841 614 i,
2888 552 2953 604 ut

363 650 562 719 audio,
611 669 669 720 u,
715 657 781 709 ut
824 667 1050 709 annuo:
1099 667 1135 709 o
1182 655 1316 709 ante
1359 667 1394 708 o
1439 665 1759 727 numquam
1806 645 2001 717 habet,
2050 665 2080 706 a
2128 655 2264 707 ante
2309 665 2344 706 o
2389 665 2710 726 numquam
2751 646 2949 708 habet.

361 762 503 833 puta
549 771 672 813 non
715 758 946 831 potest,
996 769 1175 830 quem
1218 750 1292 812 ad
1338 750 1576 810 modum
1620 748 1764 809 illud
1812 748 1991 810 babet
2048 768 2080 809 e
2125 756 2260 811 ante
2305 767 2369 817 o,
2426 757 2491 809 ut
2535 767 2709 819 exeo,
2768 759 2869 810 aut
2911 750 2951 818 i,

364 863 428 915 ut
486 855 695 924 audio,
743 860 859 914 'aut
913 872 981 924 u,
1040 861 1106 914 ut
1159 871 1389 922 annuo,
1447 871 1568 913 non
1623 858 1820 931 potest
1874 852 2125 912 inveniri
2180 870 2214 910 a
2258 859 2401 912 ante
2441 871 2495 911 o.
2587 870 2725 912 ecce
2770 851 2954 912 habes

311 975 336 1014 5
362 976 544 1019 unam
591 955 853 1017 vocalem
899 974 1049 1036 quae
1096 955 1444 1016 excluditur.
1533 955 1675 1014 item
1721 953 1833 1014 alia
1877 952 2110 1021 vocaliS,
2160 971 2280 1012 non
2322 955 2622 1015 invenitur
2666 974 2701 1015 o
2745 961 2881 1014 ante
2917 973 2952 1013 o

364 1067 615 1140 excepto
662 1077 785 1119 uno
829 1076 1065 1136 graeco,
1111 1057 1251 1138 βοῶ
1297 1054 1461 1137 βοᾷς
1503 1054 1651 1137 βοᾷ,
1698 1055 1758 1115 id
1806 1064 1895 1116 est
1938 1055 2157 1117 clamo:
2205 1055 2497 1134 Vergilius
2542 1058 2848 1136 conposuit
2894 1065 2950 1116 et

361 1164 505 1223 fecit
538 1161 785 1223 latinum
820 1179 1177 1230 sermonem,
1211 1159 1413 1228 reboo,
1447 1158 1800 1219 ‘reboant
1845 1157 2076 1219 silvae
2109 1166 2179 1218 et
2207 1176 2510 1237 magnus
2541 1158 2947 1239 Olympus'.

367 1265 473 1325 sed
528 1281 807 1343 graecum
856 1271 945 1324 est
987 1262 1116 1323 boc.
1194 1269 1460 1322 ceterum
1504 1260 1752 1321 latinum
1799 1260 2044 1321 verbum
2088 1279 2207 1321 non
2239 1268 2433 1340 potest
2474 1262 2745 1331 inveniri,
2795 1260 2950 1338 quod

363 1368 612 1428 verbum
658 1372 794 1426 ante
838 1364 1103 1426 ultimam
1149 1363 1408 1425 litteram
1455 1363 1667 1423 babeat
1711 1383 1764 1423 o.
1857 1381 1999 1440 ergo
2042 1365 2186 1424 istas
2232 1363 2377 1424 duas
2421 1364 2675 1424 diximus
2720 1363 2952 1423 vocales

291 1487 337 1525 ιο
368 1488 490 1529 non
536 1470 783 1538 invenis,
832 1487 942 1530 nec
986 1486 1018 1529 a
1065 1486 1175 1527 nec
1220 1486 1273 1527 o.
1340 1468 1480 1527 item
1526 1473 1648 1526 tres
1693 1472 2093 1527 consonantes
2136 1484 2255 1526 non
2300 1467 2681 1527 inveniuntur
2714 1474 2772 1526 ct
2801 1465 2953 1526 duae

363 1590 647 1650 graecae,
700 1590 733 1649 y
780 1577 839 1631 et
881 1590 930 1630 z.
993 1571 1020 1629 f
1058 1588 1179 1630 non
1223 1571 1548 1648 reperitur;
1604 1567 1827 1629 idcirco
1874 1574 2078 1628 errant
2106 1569 2206 1647 qui
2236 1570 2320 1629 sic
2361 1567 2645 1637 scribunt,
2693 1568 2948 1636 triumfo,

369 1693 480 1753 per
526 1674 567 1733 f.
656 1692 794 1733 nam
839 1691 1087 1733 neccsse
1133 1678 1225 1732 est
1271 1678 1361 1740 ut,
1420 1670 1674 1731 litteram
1719 1669 1880 1731 illam
1936 1689 2209 1749 graecam
2264 1690 2317 1750 φ
2361 1689 2496 1730 cum
2552 1669 2807 1730 volueris
2850 1689 2950 1729 ex-

362 1777 646 1856 primere,
694 1795 802 1854 per
838 1795 877 1854 p
924 1784 981 1836 et
1025 1774 1063 1833 h
1110 1781 1169 1834 et
1212 1793 1247 1834 o
1292 1773 1537 1834 scribas.
1619 1773 1885 1853 Filippus
1928 1791 2034 1853 per
2080 1792 2131 1852 φ
2176 1773 2473 1842 scribunt;
2531 1771 2710 1833 latine
2755 1773 2807 1832 si
2850 1791 2948 1832 vo·

363 1879 547 1939 lueris
592 1877 875 1951 scribere,
923 1895 1031 1956 per
1075 1896 1112 1956 p
1160 1884 1216 1936 et
1260 1875 1300 1935 h
1345 1874 1572 1935 scribiS.
1643 1885 1787 1955 puta
1832 1874 2029 1955 φίλος
2060 1874 2263 1936 elatine
2307 1895 2416 1956 per
2459 1895 2497 1955 p
2546 1883 2605 1934 et
2647 1872 2686 1932 h
2716 1872 2947 1949 scribis,

287 1999 337 2038 ιε
365 1989 425 2040 et
468 1981 695 2041 idcirco
740 1979 1041 2058 triumpho
1085 1981 1170 2039 sic
1220 1977 1225 2057 Ι
1275 1977 1453 2037 debet
1506 1978 1706 2038 scribi.
1754 1979 1939 2038 ·inde
1996 1979 2152 2037 enim
2208 1977 2385 2038 habet
2440 1980 2760 2055 originem,
2817 1970 2948 2037 ἀπὸ

361 2083 489 2143 τοῦ
531 2077 999 2163 θριαμβεύειν.
1076 2079 1413 2159 triumphus
1457 2079 1609 2159 apud
1655 2080 1953 2140 Romanos
1998 2098 2117 2139 non
2162 2079 2270 2140 fuit
2313 2099 2423 2141 nec
2469 2079 2623 2159 apud
2668 2079 2948 2149 GraecOS,

361 2185 468 2244 sed
514 2203 586 2244 ex
633 2203 807 2245 causa
851 2182 1053 2243 Liberi
1097 2184 1302 2263 patris.
1393 2180 1572 2243 Liber
1628 2190 1799 2261 pater
1843 2201 1978 2242 cum
2035 2184 2269 2243 vicisset
2310 2182 2486 2243 Indos
2542 2192 2602 2243 et
2659 2200 2791 2242 cum
2837 2181 2948 2243 sal-

359 2289 587 2347 tatione
634 2295 692 2347 et
733 2288 993 2366 tropaeis
1037 2285 1289 2354 rediret,
1337 2283 1494 2364 quod
1541 2286 1788 2353 vicerat,
1849 2283 2061 2345 exinde
2106 2293 2360 2345 tractum
2416 2292 2483 2344 ut
2523 2285 2669 2345 haec
2714 2283 2948 2344 sollem-

363 2391 518 2450 nitas
585 2396 919 2448 servaretur
975 2386 1435 2467 imperatoribus
1494 2386 1833 2447 victoribus
1923 2405 2060 2446 nam
2103 2386 2355 2456 idcirco,
2426 2386 2661 2466 quando
2708 2387 2948 2446 vincunt

283 2506 337 2546 20
364 2493 787 2571 imperatoreS,
835 2492 1131 2551 exercitus
1177 2495 1313 2550 ante
1357 2491 1520 2568 ipsos
1566 2487 1896 2565 ambulant,
1955 2489 2325 2569 praecedunt
2380 2488 2594 2550 milites
2649 2496 2706 2548 et
2749 2488 2949 2549 dicunt

362 2596 560 2671 aliqua
604 2593 816 2654 lasciva
861 2593 934 2654 ad
978 2594 1365 2654 imitationem
1412 2592 1776 2672 Satyrorum,
1823 2611 1999 2671 quem
2043 2591 2114 2653 ad
2162 2592 2398 2653 modum
2446 2593 2639 2671 Satyri
2683 2599 2819 2652 ante
2850 2591 2943 2651 Li-

363 2697 576 2758 berum
633 2704 865 2775 patrem
923 2693 1294 2755 ambulantes
1367 2694 1640 2755 dicebant
1742 2692 2228 2777 [θριαμβεῦσαι
2296 2694 2499 2755 dicunt
2562 2693 2825 2754 exultare
2891 2702 2949 2753 et

359 2810 604 2861 cantare
650 2796 1001 2879 triumpho}
1066 2816 1208 2876 ergo
1253 2800 1279 2858 s
1318 2805 1454 2859 ante
1499 2818 1534 2858 o
1580 2817 1700 2859 non
1743 2800 1990 2859 invenis
2052 2802 2186 2858 item
2229 2799 2272 2857 lc
2314 2805 2452 2858 ante
2480 2815 2515 2858 ο
2552 2815 2672 2858 non
2701 2800 2944 2857 invenis

361 2903 613 2981 legimus
658 2903 816 2964 enim
862 2903 924 2961 in
966 2900 1180 2961 litteris
1211 2904 1342 2980 quia
1390 2901 1427 2961 k
1474 2920 1592 2962 non
1636 2901 2025 2980 praeponitur
2070 2903 2183 2961 nisi
2213 2910 2498 2981 sequente
2526 2919 2577 2959 a.
2640 2918 2781 2976 ergo
2811 2917 2944 2959 cum

277 3021 333 3060 25
360 3025 397 3064 o
445 3013 742 3084 sequatur,
791 3023 906 3083 quo
953 3004 1130 3064 modo
1176 3013 1371 3084 potest
1401 3003 1438 3063 k
1474 3004 1803 3082 praeponi?
1862 3005 2003 3062 item
2049 3023 2086 3082 q
2134 3022 2252 3064 non
2296 3005 2701 3084 praeponitur,
2750 3004 2861 3063 nisi
2908 3021 2943 3062 u

357 3115 669 3186 sequatur:
717 3126 851 3167 cum
897 3115 1093 3167 autem
1145 3125 1182 3166 u
1229 3125 1346 3166 non
1391 3114 1687 3183 sequatur,
1734 3126 1774 3185 q
1803 3107 2242 3186 praeponiqnon
2272 3105 2467 3170 debet.
2531 3122 2673 3183 ergo
2709 3123 2946 3165 remove

356 3212 505 3270 istas
550 3228 775 3277 omnes,
823 3228 857 3268 a
901 3228 937 3268 o
982 3210 1010 3269 f
1049 3208 1086 3268 k
1132 3228 1168 3287 q
1202 3228 1232 3287 y
1267 3216 1326 3267 et
1355 3226 1414 3276 z;
1460 3210 1588 3268 istis
1633 3207 1894 3286 exceptis
1939 3207 2168 3278 litteriS,
2217 3227 2368 3288 quae
2412 3226 2532 3268 non
2569 3209 2947 3268 inveniuntur

358 3318 498 3372 ante
545 3331 611 3381 o,
674 3311 936 3389 reliquae
996 3305 1443 3394 [consonantes]
1502 3309 1639 3370 illae
1695 3312 1811 3370 iam
1869 3311 2278 3380 inveniuntur,
2341 3329 2402 3380 e,
2450 3319 2516 3371 ut
2559 3328 2737 3379 exeo,
2791 3311 2837 3378 i,
2886 3316 2949 3368 ut

359 3413 559 3481 audio,
608 3432 663 3486 u,
710 3420 774 3472 ut
818 3431 1037 3481 annuo,
1085 3419 1145 3472 et
1188 3422 1582 3473 consonantes
1626 3431 1833 3473 omnes
1878 3411 2053 3483 aliae,
2101 3420 2242 3493 puta
2286 3411 2324 3471 b
2370 3411 2538 3480 bibo,
2585 3431 2618 3472 c
2661 3412 2859 3492 placo,
2909 3411 2945 3471 d

273 3533 329 3573 ao
356 3515 566 3584 reddo,
615 3533 652 3593 g
697 3514 832 3593 ligo,
880 3515 918 3574 h
965 3514 1152 3584 traho,
1200 3514 1220 3572 1
1261 3514 1504 3594 inpello,
1553 3534 1608 3574 m
1657 3533 1807 3585 amo,
1853 3534 1894 3576 n
1940 3533 2106 3585 can0,
2154 3535 2184 3575 r
2229 3533 2350 3584 aro,
2396 3535 2424 3575 s
2470 3513 2642 3584 lasso,
2690 3533 2727 3573 x
2772 3513 2941 3573 elixo.

357 3627 529 3696 potes
590 3619 597 3699 Ι
654 3618 925 3678 invenire
979 3635 1185 3677 omnes
1240 3615 1468 3678 litteras
1524 3625 1659 3679 ante
1715 3637 1750 3677 o
1812 3619 2075 3695 exceptis
2129 3619 2279 3677 istis.
2378 3619 2518 3696 quin
2581 3618 2757 3677 etiam
2809 3614 2944 3675 illae

357 3721 534 3788 duae,
581 3721 602 3778 i
648 3726 707 3779 et
750 3739 804 3787 u,
851 3736 1003 3796 quae
1047 3726 1359 3780 transeunt
1402 3722 1462 3780 iu
1494 3722 1946 3780 consonantium
1988 3727 2359 3800 potestatem,
2406 3726 2654 3798 possunt
2694 3719 2944 3778 inveniri

354 3823 634 3883 similiter
682 3820 809 3882 loco
856 3823 1309 3882 consonantium
1353 3824 1612 3902 positae:
1661 3824 1772 3893 aio,
1820 3825 1839 3882 i
1884 3829 2019 3883 ante
2066 3841 2130 3891 03
2179 3840 2319 3883 ecce
2364 3821 2540 3882 modo
2582 3823 2644 3881 in
2689 3840 2808 3881 non
2856 3829 2947 3881 est

353 3924 609 3995 vocalis,
657 3923 760 3985 sed
807 3925 972 4004 quasi
1019 3942 1351 3985 consonans
1396 3931 1515 3985 est:
1577 3925 1815 3995 adiuvo,
1864 3944 2003 3986 ecce
2048 3926 2345 3985 invenitur
2401 3944 2441 3985 u
2499 3932 2635 3985 ante
2679 3942 2746 3992 ος
2807 3942 2941 3983 nam

500 4252 526 4301 l
578 4249 730 4299 babet
775 4249 830 4314 (e
871 4249 1087 4313 add.·b)
1126 4257 1178 4298 ut
1224 4264 1350 4297 exeo
1402 4248 1442 4312 (i
1481 4249 1603 4302 add.
1638 4248 1692 4313 b)
1737 4250 1889 4298 audio
1940 4250 1999 4314 (u
2036 4250 2156 4298 add.
2195 4249 2252 4313 b)
2292 4266 2460 4299 amnuo
2505 4249 2607 4300 Ba
2648 4248 2800 4298 babet
2838 4251 2849 4298 i
2889 4257 2944 4299 ut

349 4323 510 4371 audio
545 4337 574 4368 e
609 4331 665 4370 ut
705 4336 832 4369 exeo
871 4336 903 4369 ιι
949 4330 1001 4369 ut
1036 4334 1203 4368 auuuo
1233 4319 1297 4368 0:
1338 4331 1392 4368 ut
1423 4336 1547 4368 exeo
1585 4347 1649 4354 —
1689 4336 1719 4368 a
1754 4331 1870 4368 ante
1908 4333 1936 4366 o
1976 4335 2249 4382 numquam
2288 4321 2441 4370 habet
2475 4324 2525 4370 in
2561 4323 2713 4370 litura
2749 4322 2941 4384 scripta

345 4393 504 4441 habet
542 4407 577 4439 a
717 4392 749 4440 5
787 4392 904 4439 item
942 4391 1043 4438 alia
1085 4391 1168 4438 ubi
1212 4405 1306 4437 non
1343 4389 1489 4439 Bc‘a
1534 4391 1653 4438 item
1687 4390 1842 4438 aliubi
1880 4405 1978 4437 non
2024 4391 2068 4437 A
2211 4391 2244 4440 6
2283 4392 2377 4440 boo
2417 4392 2539 4440 boas
2572 4393 2718 4452 (boos
2754 4392 2812 4446 C)
2847 4391 2943 4438 boa

351 4461 524 4512 ABG
663 4461 696 4509 7
739 4456 969 4525 reboant]
1020 4460 1176 4524 Very.
1208 4475 1384 4524 [seor-9.
1427 4461 1492 4509 Ill
1528 4459 1651 4566 223t
1773 4468 1820 4508 et
1855 4475 1953 4512 om.
1985 4460 2026 4508 0
2189 4461 2224 4511 9
2261 4459 2479 4526 vocales]
2522 4461 2605 4509 ubi
2642 4457 2809 4509 ABG

351 4586 417 4636 15
457 4580 752 4645 triumphus
788 4582 864 4630 sic
899 4581 948 4629 A
1128 4581 1195 4631 16
1232 4596 1511 4630 erumnam
1553 4581 1594 4629 Ο
1626 4596 1920 4631 ιιιηιιιιῐιιειιι
1958 4580 2009 4628 Β
2045 4597 2386 4634 ΥαΡιιιιιιιιεικ
2424 4582 2473 4630 Α
2643 4582 2702 4632 17
2736 4592 2783 4630 et
2826 4595 2939 4630 cnm

344 4655 624 4703 saltatione
653 4650 806 4701 Rea
839 4661 887 4700 et
924 4666 1038 4700 cum
1074 4651 1409 4700 exsultatione
1436 4651 1485 4699 A
1629 4651 1695 4701 18
1733 4660 1783 4699 et
1818 4653 2007 4716 tropeis
2046 4652 2095 4699 B
2135 4693 2147 4704 ,
2174 4693 2187 4706 ,
2215 4694 2226 4705 ,
2253 4694 2265 4705 ,
2298 4655 2433 4703 oreis
2470 4651 2518 4700 Α
2558 4660 2605 4700 et
2642 4652 2840 4700 choreis
2873 4647 2939 4702 a*

347 4735 397 4773 et
435 4723 613 4772 choris
651 4723 692 4770 G
793 4722 1018 4770 uinceret
1044 4736 1178 4770 corr.
1215 4724 1442 4770 uincerat
1477 4718 1529 4766 B
1635 4729 1901 4770 tractatum
1936 4721 1986 4769 A
2024 4731 2232 4770 tractum
2266 4734 2341 4773 est
2376 4723 2423 4771 B
2562 4725 2629 4772 22
2662 4721 2940 4772 thriambae

345 4809 477 4844 usae
517 4791 571 4838 B
609 4793 855 4840 triambae
893 4807 1013 4839 usae
1052 4792 1092 4838 G
1126 4792 1517 4840 triambaeussac
1544 4789 1592 4837 Α
1733 4791 1802 4840 23
1838 4794 1957 4841 item
1996 4792 2028 4839 k
2063 4800 2179 4840 ante
2221 4809 2250 4843 o
2292 4808 2389 4841 non
2424 4793 2623 4841 invenis
2653 4807 2747 4845 om.
2775 4791 2943 4840 ABG

492 4862 565 4911 24
603 4862 655 4909 in
686 4862 847 4910 littera
882 4861 1048 4910 ABG
1183 4863 1252 4913 26
1290 4878 1321 4910 u
1360 4869 1477 4911 ante
1514 4875 1613 4909 non
1648 4877 1739 4911 om.
1769 4860 1949 4920 ABG,
1982 4862 2105 4913 add.
2134 4863 2197 4911 a*
2337 4863 2404 4913 34
2441 4879 2471 4910 ιι
2509 4871 2559 4912 et
2592 4878 2622 4912 o
2652 4863 2699 4910 A
