3541 5564
557 359 683 422 580
1429 361 1524 422 ΒΕ
1571 361 1818 422 DVBHS
1867 361 2275 421 NOMINIBVS

612 483 652 522 p.
679 471 742 510 81.
771 471 820 509 82
851 468 900 508 Η.

727 550 1030 610 Gremium
1074 552 1315 628 generis
1359 551 1588 618 neutri,
1637 558 1699 609 ut
1743 550 2102 610 Prudentius
2148 547 2279 628 (ap.
2326 546 2480 629 648)
2531 551 2774 608 ‘matris
2818 548 3127 607 adoratum

556 656 904 731 gremium'.

728 755 971 816 Glandis
1013 758 1252 832 generis
1295 756 1600 823 seminini,
1651 763 1713 815 ut
1744 755 2030 832 Virgilius
2076 758 2338 834 ‘querna
2368 753 2592 834 pellere
2622 752 2832 832 glande
2863 754 3123 812 famem’.

727 857 913 917 Homo
969 858 1291 936 promiscui
1359 859 1616 934 generis.
1707 876 1842 917 nam
1901 864 1964 916 ut
2021 859 2111 916 vir
2168 858 2371 926 homo,
2428 859 2508 916 ita
2566 865 2625 916 et
2680 856 2896 916 mulier
2951 856 3125 915 homo

560 961 811 1029 dicitnr,
860 967 920 1019 et
964 959 1127 1020 lesus
1170 959 1305 1019 ideo
1350 959 1505 1019 filius
1549 960 1836 1029 hominiS,
1882 961 2021 1038 quia
2066 958 2220 1020 filius
2263 961 2532 1036 virginis.
3151 974 3176 1011 ⁵

727 1060 980 1121 Humum
1012 1063 1250 1138 generis
1293 1063 1596 1131 seminini,
1629 1069 1693 1121 ut
1723 1060 1869 1122 illud
1904 1059 2100 1138 (exod.
2134 1059 2192 1132 4,
2227 1057 2285 1140 9)
2334 1062 2551 1140 ‘super
2582 1061 2806 1121 aridam
2839 1061 3124 1120 humum’.

727 1163 927 1223 Honor
969 1166 1207 1242 generis
1250 1164 1590 1234 masculini,
1638 1171 1701 1224 ut
1745 1163 1893 1224 illud
1939 1163 2186 1243 apostoli
2238 1161 2342 1241 (ad
2367 1164 2535 1224 Rom.
2576 1158 2681 1232 12,
2718 1160 2814 1242 10)
2864 1163 3123 1223 ‘honore

559 1275 762 1326 mutuo
805 1267 1309 1344 praevenientes'.
2916 1303 2921 1307 -

727 1366 925 1428 Honos
984 1368 1055 1427 de
1099 1368 1352 1436 honore,
1421 1375 1487 1428 ut
1530 1368 1813 1446 Virgilius
1867 1366 1939 1444 (b.
1984 1365 2045 1437 5,
2094 1364 2193 1428 78.
2239 1370 2312 1427 A.
2362 1367 2385 1427 1
2428 1363 2572 1446 609)
2621 1368 2895 1445 ‘semper
2940 1367 3127 1427 honos

558 1488 923 1550 regnumque
969 1479 1133 1531 tuum
1179 1470 1498 1550 laudesque
1543 1470 1920 1532 manebunt'.
3154 1485 3206 1522 ιο

727 1571 1005 1633 Harundo
1048 1575 1286 1650 generis
1330 1573 1630 1642 feminini,
1677 1581 1743 1633 ut
1786 1572 1929 1633 illud
1977 1572 2264 1650 evangelii
2315 1570 2553 1651 (Matth.
2594 1568 2687 1642 12,
2718 1567 2821 1650 20)
2869 1572 3125 1631 ‘harnu-

560 1674 758 1735 dinem
803 1676 1192 1754 quassatam'.

728 1776 994 1837 Hirundo
1049 1779 1173 1838 avis
1227 1779 1466 1855 generis
1510 1778 1811 1847 feminini,
1859 1784 1925 1837 ut
1968 1777 2112 1838 illud
2160 1779 2301 1838 ‘iam
2344 1777 2529 1837 rediit
2572 1777 2735 1837 velox
2779 1775 3082 1837 hirundo’.

731 1875 738 1957 1
790 1878 1014 1939 Hastile
1059 1881 1300 1956 generis
1343 1882 1570 1949 neutri,
1618 1887 1683 1939 ut
1711 1879 2072 1940 Prudentius
2110 1878 2315 1958 (steph.
2354 1877 2450 1949 10,
2483 1876 2586 1960 29)
2635 1879 2869 1939 ‘hastile
2902 1881 3126 1948 lixum’‚

560 1988 620 2039 et
664 1980 808 2041 alibi
853 1981 1118 2041 ehastilia
1175 1983 1357 2042 fracta
1403 1982 1613 2041 videt'.
3161 1997 3212 2034 ιε»

729 2082 929 2142 Hostis
971 2086 1210 2161 generis
1254 2084 1598 2153 masculini,
1647 2091 1709 2144 ut
1753 2084 1900 2145 illud
1948 2084 2172 2145 ‘hostis
2218 2086 2456 2164 iniquus
2500 2084 2724 2146 adest’.

730 2184 1022 2246 Horreum
1053 2188 1291 2263 generis
1319 2188 1544 2255 neutri,
1592 2194 1658 2246 ut
1703 2189 1786 2247 ait
1816 2187 2053 2266 quidam
2100 2187 2349 2247 ‘horrea
2382 2193 2573 2247 vestra
2605 2185 2880 2263 frugibus
2910 2186 3130 2264 plena’.

728 2286 931 2348 Hiems
974 2290 1215 2365 generis
1258 2288 1563 2358 feminini,
1610 2296 1677 2348 ut
1708 2289 1994 2367 Virgilius
2029 2287 2119 2367 (Α.
2154 2289 2176 2349 l
2212 2285 2349 2368 125)
2400 2290 2827 2367 ‘emissamque
2873 2288 3132 2348 hiemem

557 2391 798 2448 sensit'.
1792 2454 1801 2464 ,

729 2483 944 2570 Haspis
1003 2493 1241 2569 generis
1297 2493 1599 2562 seminini,
1659 2501 1721 2553 ut
1777 2492 2060 2553 Paulinus
2118 2490 2336 2569 (carm.
2390 2489 2485 2562 17,
2530 2488 2684 2572 265)
2735 2493 2753 2521 ³
2770 2510 2986 2571 parvus
3029 2512 3132 2552 ex·
3164 2507 3218 2544 ²0

563 2602 744 2653 tracta
792 2592 1063 2654 trucibus
1108 2595 1379 2653 cavernis
1424 2594 1625 2673 aspide
1673 2594 1871 2655 ludet’
1918 2603 1977 2654 et
2023 2595 2278 2654 Severus
2326 2593 2494 2672 (dial.
2547 2593 2613 2663 1,
2665 2592 2761 2672 10)
2811 2593 2883 2654 de
2929 2594 3133 2673 aspide

562 2695 767 2773 ‘quasi
813 2697 1108 2755 incantata
1154 2695 1519 2755 carminibus
1563 2696 1801 2757 caerula
1847 2696 1992 2768 colla
2041 2696 2369 2776 deposuit'.

731 2788 956 2856 Humor
1007 2800 1246 2875 generis
1303 2799 1643 2869 masculini,
1706 2808 1770 2860 ut
1827 2799 2170 2861 Lactantius
2217 2797 2461 2876 (phoen.
2508 2795 2610 2879 24)
2669 2800 2812 2859 ‘nec
2858 2800 3015 2860 cadit
3060 2819 3134 2859 ex

563 2899 679 2959 alto
724 2898 999 2959 turbidus
1041 2898 1255 2959 humor
1298 2902 1539 2980 aquae’.

730 3000 1025 3061 Humerus
1069 3004 1308 3079 generis
1352 3003 1695 3073 masculini,
1743 3012 1806 3064 ut
1851 3005 2129 3082 Virgilius
2187 3002 2278 3081 (Α.
2325 3003 2347 3063 l
2392 3001 2537 3083 589)
2597 3004 2695 3065 ‘os
2739 3004 3136 3083 humerosque
3166 3021 3220 3059 25

564 3103 675 3163 deo
719 3103 989 3163 similis’.
1078 3104 1361 3181 singulari
1408 3123 1657 3165 numero
1702 3115 1884 3168 caret.

731 3204 1019 3266 Heremus
1063 3207 1301 3283 generis
1345 3208 1653 3278 feminini,
1717 3216 1779 3268 ut
1824 3208 1894 3269 ad
1941 3208 2330 3269 Frontonium
2387 3208 2661 3288 discipuli
2710 3208 3026 3287 ‘numquid
3072 3211 3135 3268 in

561 3306 682 3391 sola
728 3306 971 3367 heremo
1016 3310 1257 3369 castitas
1301 3311 1590 3370 custodiri
1635 3311 1903 3390 potest'?

733 3408 1095 3488 Hyacinthus
1149 3413 1389 3488 generis
1443 3412 1785 3481 masculini,
1847 3421 1910 3473 ut
1953 3413 2294 3473 Lactantius
2342 3412 2586 3490 (phoen.
2639 3409 2778 3491 137)
2827 3413 3137 3490 ‘ingentes

565 3510 766 3571 oculos
808 3510 1019 3571 credas
1063 3515 1329 3588 geminos
1374 3512 1778 3592 hyacinthos'.
3166 3531 3223 3569 δυ

737 3748 768 3799 3
815 3750 1017 3815 glandis
1053 3750 1211 3803 Proh.
1250 3752 1311 3809 6,
1354 3751 1434 3804 16.
1486 3752 1581 3809 21,
1614 3754 1680 3801 24
1718 3754 1881 3801 Prisc.
1920 3750 2040 3810 281,
2076 3752 2157 3805 15.
2203 3753 2317 3812 115,
2359 3751 2423 3802 18
2469 3751 2619 3802 Char.
2646 3752 2743 3813 37,
2787 3753 2866 3805 15.
2910 3752 3027 3809 155,
3072 3753 3141 3802 15

563 3836 677 3873 eaec.
719 3817 872 3872 Char.
914 3818 1040 3883 535,
1075 3821 1143 3871 23
1316 3822 1350 3870 4
1393 3820 1542 3869 homo
1580 3821 1730 3871 Char.
1774 3822 1898 3885 102,
1949 3822 2018 3871 20
2061 3822 2222 3874 Pri-se.
2255 3822 2386 3881 206,
2424 3822 2485 3871 14
2655 3821 2689 3873 6
2720 3822 2928 3871 humum
2965 3823 3135 3873 Prisc.

562 3890 683 3952 269,
715 3890 748 3939 5
891 3890 954 3941 17
993 3889 1226 3939 horreum
1261 3890 1387 3943 Non.
1425 3891 1526 3942 208
1597 3934 1604 3945 .

704 4080 730 4130 1
771 4075 965 4145 matris]
1007 4080 1176 4145 magis
1209 4079 1275 4128 M
1291 4081 1342 4128 V
1350 4079 1396 4127 L
1500 4079 1532 4130 3
1560 4080 1814 4130 excidisse
1846 4081 2041 4130 videtur
2076 4096 2249 4130 versus
2286 4081 2499 4142 Vergilii
2530 4095 2563 4127 a
2588 4079 2759 4130 Probo
2797 4089 2847 4131 et
2871 4082 3141 4132 prisciano

562 4153 595 4198 l.
637 4167 681 4197 c.
723 4151 907 4199 citatus
934 4164 1106 4214 yeory.
1141 4149 1226 4198 llll
1259 4148 1320 4198 81
1355 4166 1446 4199 nec
1466 4150 1530 4199 de
1565 4165 1811 4199 concussa
1838 4158 2026 4200 tantum
2062 4151 2187 4215 pluit
2222 4151 2333 4199 ilice
2366 4149 2587 4214 glandis
2622 4167 2729 4199 nam
2760 4152 2895 4216 quod
2915 4153 3143 4216 sequitur

564 4222 837 4281 exemplum
862 4228 938 4270 est
981 4219 1160 4268 Tibulli
1193 4221 1231 4267 ll
1272 4220 1319 4281 1,
1346 4219 1414 4269 38
1517 4222 1549 4270 4
1595 4220 1878 4284 promiscue
1914 4221 1973 4269 M
2076 4221 2110 4271 9
2141 4220 2302 4269 honus
2337 4223 2512 4284 priore
2547 4224 2656 4271 Ioco
2688 4220 2748 4268 M
2766 4222 2816 4269 V
2932 4222 2996 4271 10
3032 4224 3142 4270 lau-

564 4291 745 4352 disque
785 4291 833 4339 L
935 4290 996 4339 13
1029 4290 1262 4353 hyrundo
1299 4306 1421 4338 aues
1450 4289 1577 4339 MV
1675 4291 1870 4339 arundo
1909 4289 1968 4338 M
2076 4292 2139 4341 15
2172 4285 2397 4355 hastilia]
2435 4288 2647 4339 hastilea
2678 4293 2727 4342 V
2760 4291 2939 4341 astilea
2972 4293 3049 4341 lea
3080 4292 3149 4341 M
3198 4309 3205 4315 ·

705 4360 768 4410 16
803 4360 974 4410 hostes
1010 4362 1185 4422 priore
1220 4361 1328 4409 loco
1356 4360 1419 4408 M
1435 4360 1502 4421 V,
1536 4367 1746 4425 utroque
1775 4361 1823 4410 L
1922 4358 2105 4427 hostis]
2156 4359 2311 4423 Very.
2353 4360 2480 4408 Aen.
2521 4361 2657 4409 Vllll
2697 4360 2763 4411 38
2801 4360 2957 4411 hostis
2996 4363 3146 4413 adest

705 4429 769 4478 17
801 4426 1001 4496 horrea]
1045 4430 1222 4478 horrea
1260 4440 1431 4479 nostra
1465 4430 1651 4479 dehine
1691 4438 1908 4496 purgata
1943 4432 2090 4496 fruge
2129 4429 2337 4494 replebit
2374 4444 2444 4477 ex
2478 4428 2685 4481 quenci
2716 4431 2779 4480 de
2809 4447 2984 4495 evang).
3023 4432 3139 4483 hist.

564 4502 598 4547 l.
638 4500 678 4546 11
706 4499 809 4549 813
842 4501 1006 4548 attulit
1044 4500 1295 4564 Hauptius
1472 4499 1537 4550 18
1564 4498 1760 4564 hiemps
1800 4499 1866 4548 M
1881 4501 1927 4548 V
2067 4500 2230 4550 hieme
2264 4498 2324 4546 M
2347 4500 2399 4548 V
2402 4500 2449 4548 L
2591 4500 2658 4549 20
2694 4501 2881 4565 hospes
2920 4501 2984 4549 M
2999 4503 3049 4549 V
3062 4503 3144 4553 L:

566 4569 741 4633 haspis
772 4596 838 4603 —
873 4569 1110 4635 deposuit
1135 4578 1258 4632 pos!
1294 4569 1473 4619 humor
1507 4597 1571 4605 -—
1609 4586 1768 4634 aquae
1804 4569 1954 4619 habet
1991 4572 2036 4619 L
2141 4565 2382 4632 extracta]
2426 4579 2571 4619 extra
2597 4571 2661 4619 M
2759 4572 2823 4620 21
2854 4570 2955 4620 luet
2989 4571 3042 4619 V

566 4653 773 4687 renerus
798 4641 944 4700 quasi
976 4640 1040 4687 de
1065 4640 1244 4703 aspide
1279 4642 1566 4689 incantanta
1595 4640 1641 4687 L
1749 4639 1815 4689 23
1853 4655 1942 4687 nec
1978 4637 2130 4707 eadit]
2166 4639 2366 4688 necauit
2392 4637 2584 4690 MVL
2687 4642 2754 4689 25
2786 4640 2879 4689 hos
2903 4640 3145 4690 humeros

567 4709 763 4772 deoque
796 4710 986 4757 similes
1025 4709 1214 4759 MVL
1376 4709 1443 4760 26
1479 4709 1630 4776 singl'
1671 4709 1866 4759 numer'
1908 4710 1969 4758 M
2000 4710 2260 4776 singulare
2295 4723 2556 4758 numerum
2597 4711 2705 4759 VL
2831 4712 2896 4760 27
2936 4712 3150 4772 nuqu’

569 4778 628 4825 M
733 4779 780 4826 in
811 4779 916 4827 sola
940 4794 1108 4828 eremo
1133 4781 1338 4829 castitas
1363 4780 1601 4828 custodiri
1629 4780 1886 4842 Haupcius
1910 4781 1959 4827 in
1988 4780 2145 4831 solam
2179 4778 2434 4827 heremum
2461 4781 2666 4829 castitas
2694 4782 2947 4832 custodire
2973 4780 3033 4830 M
3044 4781 3145 4832 VL

708 4846 774 4897 29
811 4848 1062 4898 iacinthus
1103 4850 1153 4897 V
1184 4849 1424 4899 iacinctus
1459 4849 1521 4899 M
1541 4850 1580 4898 L
1719 4848 1788 4901 30
1822 4852 2060 4901 iacinctus
2098 4850 2217 4899 ML
2252 4849 2466 4897 iacintus
2511 4848 2567 4897 V
