3541 5564
1142 351 1283 413 Ans
1356 353 1436 413 IX
1482 355 1541 415 4.
1590 351 1855 413 5--DE
1902 350 2059 413 ASP.
2105 352 2131 412 I
2175 355 2212 412 3
2845 348 2972 413 439

447 472 492 514 p.
521 460 620 501 1722
650 459 695 499 r.
2610 470 2653 510 ρ.
2680 459 2772 498 352.
2798 459 2849 497 ss
2874 457 2921 499 ι..

394 540 658 617 planare.
719 539 993 600 similiter
1037 548 1287 601 nocetur
1318 546 1380 599 et
1419 539 1702 600 suadetur
1731 546 1794 599 et
1823 539 1997 599 datur
2039 540 2430 618 proferimus,
2478 556 2627 618 quae
2673 540 2739 597 in
2783 539 2972 599 activa

397 642 593 720 specie
640 640 836 702 dativo
880 642 1042 702 c‘asui
1089 643 1436 719 iunguntur.
1498 648 1636 701 sunt
1664 658 1814 720 quae
1857 641 1920 700 in
1964 640 2297 720 participiis
2341 640 2650 709 deliciunt,
2695 647 2764 699 ut
2805 641 2976 700 fruor

397 743 638 802 medeor
693 752 754 803 et
807 761 973 811 reor,
1033 742 1189 821 quod
1246 742 1318 802 de
1373 742 1695 822 praeterito
1742 749 1971 803 tantum
2015 741 2198 802 habet
2239 743 2649 822 participium,
2694 743 2755 801 in
2798 759 2972 820 prae-

397 846 547 904 senti
592 852 652 904 et
693 846 894 904 futuro
939 844 1157 904 deficit.
1223 844 1365 903 item
1412 862 1623 904 nascor
1666 845 1854 904 futuri
1914 845 2202 923 temporis
2245 846 2562 923 participio
2606 850 2790 904 caret.
2864 844 2972 903 im-

321 960 347 1000 5
395 946 760 1026 personalia,
810 947 966 1006 sicut
1010 947 1072 1006 in
1118 947 1307 1005 activa
1353 944 1778 1014 declinatione,
1827 946 2144 1024 participia
2174 946 2332 1006 nulla
2377 945 2628 1017 habent,
2677 947 2792 1006 nisi
2823 963 2973 1023 quae

397 1050 628 1128 poetica
654 1050 963 1126 usurpavit
993 1047 1265 1116 licentia,
1313 1048 1651 1127 praeteriti,
1698 1055 1764 1108 ut
1793 1054 2037 1124 regnata
2066 1055 2323 1126 pugnata
2360 1044 2700 1127 [percussa]
2720 1094 2734 1116 ,
2768 1048 2973 1112 futuri.

399 1158 463 1209 ut
507 1149 923 1227 ‘vigilanda
974 1151 1215 1215 viris’,
1263 1149 1462 1209 ethis
1506 1148 1740 1209 similia.

910 1570 1474 1671 [PilocAE
1546 1572 2460 1674 GRAMMATICI]

1242 1759 1384 1834 DE
1439 1760 2130 1836 ASPIRATIONE

328 2148 378 2186 10
574 2135 783 2197 Omnia
847 2138 1082 2196 nomina
1140 2154 1353 2214 graeca
1410 2139 1471 2198 in
1530 2140 1724 2217 capite
1781 2156 1889 2198 suo
1946 2138 2037 2198 vel
2084 2140 2144 2197 in
2211 2136 2408 2197 medio
2452 2135 2581 2196 loco
2626 2155 2678 2216 φ
2722 2136 2981 2197 litteram

404 2219 686 2281 habentia
733 2239 867 2281 eum
911 2240 948 2300 p
995 2229 1054 2280 et
1100 2224 1463 2300 aspiratione
1496 2223 1773 2283 adiuncta
1804 2222 2151 2283 scribuntur
2196 2222 2350 2301 apud
2382 2221 2649 2291 LatinoS,
2698 2230 2763 2282 ut
2791 2222 2980 2282 Phoe·

406 2305 518 2365 bus
562 2305 849 2385 ephebus
940 2308 1136 2366 omnia
1182 2310 1419 2368 nomina
1466 2326 1678 2386 graeca
1723 2308 2001 2368 similiter
2032 2327 2076 2367 v
2120 2307 2380 2368 litteram
2424 2309 2486 2366 in
2532 2308 2853 2408 principio
2874 2325 2981 2366 suo

404 2390 683 2452 habentia
729 2393 1067 2471 praeposita
1112 2395 1475 2471 aspiratione
1507 2391 1871 2461 scribuntur,
1918 2399 1985 2452 ut
2014 2384 2344 2491 ὑάκινθος
2386 2391 2761 2471 hyacinthuS,
2806 2384 2983 2471 ὕδρα

405 2476 621 2555 hydra,
649 2469 930 2548 1’Ὺποινις
973 2477 1256 2556 Hypanis,
1346 2480 1543 2539 omnia
1588 2481 1828 2539 nomina
1871 2495 2084 2555 graeca
2127 2479 2190 2538 in
2235 2479 2427 2556 prima
2449 2475 2694 2580 syllaba
2741 2495 2780 2556 ρ
2827 2476 2981 2537 litte-

329 2569 380 2610 15
407 2580 532 2621 ram
577 2560 858 2621 habentia
916 2561 1099 2621 vocali
1144 2565 1356 2638 posita
1411 2571 1546 2643 post
1598 2566 1788 2642 ipsam
1846 2582 1885 2643 ρ
1932 2564 2301 2642 aspirantur,
2350 2570 2415 2622 ut
2449 2555 2677 2641 Ῥῆνος
2721 2561 2981 2630 RhenuS,

406 2648 672 2726 exceptis
716 2645 978 2716 duobus,
1024 2645 1245 2707 Remus
1289 2655 1348 2707 et
1393 2647 1697 2709 Romulus.
1761 2650 1960 2708 omnia
2004 2649 2243 2709 nomina
2286 2646 2467 2707 latina
2512 2664 2663 2727 quae
2709 2648 2764 2706 ir
2808 2646 2981 2726 sylla-

407 2730 542 2792 bam
600 2733 661 2792 in
706 2733 1005 2812 principio
1061 2750 1168 2793 suo
1221 2731 1443 2794 habent
1497 2736 1839 2814 praeposita
1896 2735 2258 2813 aspiratione
2314 2731 2499 2793 scribi
2558 2733 2982 2809 significamus,

407 2824 472 2877 ut
513 2817 781 2878 hirsutus
825 2817 1032 2877 hircus
1076 2817 1384 2897 Hirpinus,
1430 2822 1626 2880 omnia
1672 2822 1910 2879 nomina
1953 2837 2167 2896 graeca
2213 2817 2288 2879 ab
2335 2836 2405 2878 eo
2448 2818 2608 2897 quod
2653 2825 2743 2877 est
2783 2813 2986 2889 ῗππος

405 2919 617 2980 graece
675 2903 831 2963 dicta
890 2904 1315 3006 aspirationem
1370 2907 1770 2984 praepositam
1827 2904 2104 2964 similiter
2159 2902 2383 2964 habent
2437 2905 2499 2963 in
2545 2906 2873 2982 scriptura,
2922 2909 2987 2963 ut

329 2997 381 3036 20
398 2982 790 3060 Ιππόλυτος
835 2986 1207 3067 HippolytuS,
1247 2981 1643 3068 Ἱπποτάδης
1685 2989 2068 3068 Hippotades.
2131 2991 2181 3049 si
2228 2988 2338 3048 hoc
2382 2990 2445 3049 in
2490 2987 2685 3049 medio
2730 2989 2987 3049 nominis

407 3071 536 3132 loco
589 3073 803 3142 suerit,
864 3075 978 3133 ista
1034 3073 1253 3152 syllaba
1309 3081 1433 3133 tum
1489 3082 1657 3134 caret
1712 3076 2104 3153 aspiratione,
2164 3080 2228 3133 ut
2274 3071 2608 3145 Φίλιππος
2650 3073 2982 3152 Philippus,

401 3150 825 3235 Ἀρίστιππος
865 3158 1225 3239 Aristippus.
1289 3177 1461 3218 omne
1506 3177 1834 3239 pronomen
1880 3160 2196 3220 articulare
2241 3161 2577 3237 praeposita
2624 3160 2985 3238 aspiratione

408 3241 594 3301 scribi
639 3248 939 3312 notamuS,
995 3250 1060 3302 ut
1114 3243 1212 3302 hic
1272 3251 1331 3303 et
1373 3243 1519 3304 haec
1565 3252 1650 3304 et
1667 3245 1798 3313 hoc,
1846 3252 2092 3324 excepto
2138 3246 2419 3304 vocativo.
2509 3245 2558 3304 si
2604 3251 2802 3303 autem
2846 3262 2984 3304 con-

411 3328 605 3406 posita
658 3328 913 3397 suerint,
970 3327 1174 3388 dasian
1232 3330 1541 3397 amittunt,
1600 3336 1666 3389 ut
1720 3331 1859 3390 istic
1912 3332 2061 3390 istac
2116 3331 2291 3389 istuc.
2379 3328 2655 3389 similiter
2709 3335 2769 3388 et
2813 3346 2985 3389 omne

332 3418 383 3457 25
409 3411 756 3472 adverbium
800 3430 872 3472 ex
916 3413 1220 3472 articulari
1266 3416 1616 3491 pronomine
1662 3414 1982 3475 deductum
2028 3416 2356 3493 aspiratur,
2415 3421 2479 3473 ut
2521 3413 2619 3474 hic
2677 3413 2792 3474 huc
2845 3414 2986 3474 hinc

410 3497 540 3568 hac.
631 3499 695 3557 in
752 3499 1163 3576 conpositione
1222 3497 1371 3558 haec
1427 3499 1631 3559 dasian
1688 3501 1996 3568 amittunt,
2056 3507 2121 3560 ut
2179 3498 2301 3559 illic
2358 3498 2489 3559 illac
2544 3499 2708 3559 illuc.
2797 3498 2985 3561 solum

408 3600 549 3641 vero
605 3581 795 3643 adhuc
849 3589 910 3642 et
963 3582 1149 3642 adhoc
1205 3583 1565 3662 simplicium
1621 3587 1863 3645 suorum
1919 3585 2275 3664 scripturam
2332 3590 2744 3653 servaverunt,
2790 3584 2851 3644 id
2897 3591 2989 3672 est

555 3802 579 3852 l
622 3801 941 3868 proferemus
979 3803 1029 3852 P
1166 3806 1199 3854 2
1240 3818 1370 3866 quae
1401 3831 1464 3841 —-
1504 3805 1785 3871 iunguntur
1818 3819 1853 3861 ς
1890 3806 2025 3869 quod
2055 3831 2127 3845 -
2157 3805 2382 3871 iungitur
2421 3806 2524 3856 PF
2657 3805 2691 3857 3
2722 3804 2931 3874 medeor
2959 3807 2996 3868 f

410 3873 609 3922 modior
647 3873 697 3922 F
726 3873 906 3923 medeo
945 3873 994 3922 P
1128 3874 1162 3923 4
1192 3882 1241 3924 et
1270 3874 1614 3939 inpersonalia
1650 3876 1780 3926 sicut
1814 3876 1981 3925 aetina
2011 3875 2347 3925 declinatione
2374 3877 2427 3926 F
2559 3876 2593 3928 6
2629 3885 2839 3941 regnata
2871 3868 2985 3957 per-

345 3963 356 3976 ·
414 3958 562 3994 cussa
595 3942 750 3993 futuri
786 3944 837 3993 F
866 3951 1076 4008 regnata
1114 3950 1340 4009 pugnata
1375 3943 1532 3995 futuri
1563 3946 1600 4007 f
1624 3952 1837 4011 regnata
1872 3945 2091 4012 uigilata
2123 3954 2351 4011 pugnata
2386 3945 2651 3997 Pae-echan
2789 3948 2819 3996 7
2859 3946 2988 4011 vigi-

410 4011 583 4079 landa]
630 4014 788 4077 Very.
815 4027 992 4078 9eor9.
1035 4014 1056 4061 1
1093 4010 1195 4063 313
1299 4015 1486 4064 similia
1535 4030 1680 4064 xxm..
1718 4030 1812 4065 aas
1851 4031 1975 4065 roca
2014 4030 2167 4066 caan.
2212 4014 2445 4079 (anzuh
2483 4017 2554 4082 F)
2590 4031 2655 4065 nt
2691 4030 2887 4066 nonina
2923 4031 2984 4065 ar

410 4098 571 4133 nanno
599 4083 711 4133 PF
743 4081 928 4133 similia
954 4081 1089 4136 flnis
1130 4082 1328 4132 Phocae
1355 4084 1625 4134 clarissimi
1663 4086 1984 4151 grammatici
2018 4101 2099 4135 ars
2130 4086 2193 4134 de
2228 4087 2432 4135 nomine
2470 4095 2518 4136 et
2550 4085 2705 4135 uerbo
2740 4085 2991 4136 foeliciter

410 4153 621 4219 explicit
655 4165 690 4208 ς

582 4261 630 4317 G
674 4262 862 4318 codex
907 4260 1204 4316 Gudianus
1249 4258 1392 4317 260.
1484 4277 1520 4326 ς
1560 4262 1727 4318 editio
1773 4261 2132 4318 Ascensiana
2177 4281 2234 4318 a.
2283 4262 2445 4320 1516

548 4359 583 4409 8
619 4374 812 4410 Ριιοοιιιι
844 4372 1161 4409 ansuinum
1190 4371 1254 4405 na
1293 4372 1624 4410 Aspmnlona
1648 4372 1682 4415 ς
1719 4359 1879 4407 Focae
1904 4357 2285 4424 orthographia.
2314 4359 2563 4410 Christus.
2590 4359 2656 4409 de
2682 4360 2989 4424 aspiratione

410 4429 594 4479 dicturi
629 4444 806 4479 sumus
847 4430 890 4479 G
1003 4427 1066 4479 10
1101 4428 1150 4476 in
1189 4429 1355 4506 capite
1396 4443 1487 4477 suo
1527 4445 1569 4491 φ
1609 4429 1825 4478 litteram
1865 4426 2105 4480 habentia
2138 4430 2190 4478 in
2228 4430 2396 4479 medio
2432 4431 2542 4480 loco
2576 4444 2689 4478 cum
2720 4445 2754 4495 p
2787 4429 2874 4485 Ge

413 4499 474 4550 ll
511 4500 682 4548 iuncta
715 4499 949 4549 scribitur
989 4499 1031 4548 G
1178 4497 1243 4547 14
1280 4489 1506 4560 ὑπανης
1547 4497 1763 4563 h3panis
1795 4512 1829 4555 ς
1862 4488 2109 4556 ὑπαίτιος
2144 4496 2386 4582 hypatius
2417 4499 2463 4550 G
2604 4500 2658 4548 in
2691 4501 2857 4564 prima
2889 4500 2990 4565 syl-

409 4568 525 4618 laba
562 4583 656 4621 om.
694 4569 737 4619 G
880 4570 945 4620 15
991 4568 1157 4634 posita
1199 4580 1289 4614 om.
1326 4566 1447 4628 ὃς,
1485 4568 1609 4617 add.
1647 4567 2026 4618 Lindemannus
2156 4561 2256 4620 ..P
2219 4584 2357 4650 ηνος
2386 4572 2438 4620 in
2473 4572 2658 4620 lactem
2690 4586 2782 4621 om.
2818 4584 2853 4627 ς

413 4636 478 4689 18
511 4635 773 4718 Hirpinus]
812 4638 1065 4704 hiripinus
1105 4637 1148 4687 G
1327 4633 1392 4686 19
1442 4639 1788 4702 praepositam
1827 4653 1919 4690 om.
1960 4634 2005 4686 G
2146 4587 2255 4688 2οη
2259 4629 2592 4698 Ιππόλυτος
2634 4629 2990 4706 Ιπποτοὶδης

414 4703 701 4766 Φίλιππος
720 4697 1074 4773 Ἀρίστιππος
1110 4710 1160 4757 in
1196 4707 1392 4755 lacunis
1429 4723 1520 4760 om.
1561 4721 1596 4764 ς
1735 4707 1800 4758 21
1839 4707 1950 4757 loco
1979 4722 2069 4756 om.
2107 4707 2153 4757 G
2264 4708 2333 4759 24
2366 4708 2599 4758 similiter
2637 4709 2771 4757 enim
2810 4720 2860 4757 et
2897 4710 2989 4765 θς

516 4776 583 4826 25
619 4788 675 4825 ut
708 4775 792 4894 ¹2⁰
817 4768 1089 4852 ,ἐνταῦθα
1124 4775 1224 4826 huc
1256 4763 1369 4827 ὦδε
1405 4776 1525 4827 hinc
1558 4771 1735 4828 ἔνθεν
1763 4775 1859 4827 hac
1894 4762 1930 4846 ᾖ
1962 4777 2005 4826 G
2112 4779 2178 4828 27
2215 4778 2575 4844 simpliciorum
2610 4793 2816 4830 suorum
2855 4792 2890 4838 ς

411 4855 673 4896 seruarent
