3541 5564
633 335 759 399 236
1773 336 2078 399 ΡΟΜΡΕΠ

685 458 728 499 p.
757 445 931 487 315-17
957 445 1001 485 1..

635 526 825 595 dicas,
892 526 1152 586 occurrit
1204 524 1318 585 alia
1374 528 1658 605 quaestio.
1750 527 1935 603 cuius,
1979 528 2266 606 temporis
2322 528 2437 587 erit
2492 524 2716 586 dicam?
2789 528 2996 588 futuri.
3086 546 3211 588 cras

635 630 800 689 euius
846 629 1130 707 temporis
1175 629 1320 688 erit?
1364 628 1567 690 futuri.
1647 646 1789 707 ergo
1835 630 1934 708 qui
1980 629 2124 689 dicit
2167 633 2341 690 ‘cras
2386 628 2614 689 dicam'
2661 628 2891 690 videtur
2936 631 3210 709 quoniam

635 730 746 791 hoc
792 730 958 802 dicit,
1015 749 1134 790 non
1181 735 1346 791 ‘cras
1401 729 1661 801 dicam'‚
1719 730 1824 791 sed
1883 731 2026 791 dicit
2069 736 2237 809 ‘post
2282 749 2414 791 cras
2461 730 2704 793 dicam’.
2792 751 2926 792 cras
2982 734 3212 810 signum

636 840 723 893 est
765 834 942 893 unius
984 835 1272 912 temporis
1316 834 1518 918 futuri.
1588 852 1722 893 cum
1766 836 1982 895 iterum
2030 836 2258 894 venerit
2299 852 2449 903 cras,
2500 837 2701 894 ‘cras'
2749 832 2891 895 dicit
2933 834 3208 909 ‘dicam',

635 954 773 994 ecce
818 934 971 996 aliud
1019 936 1302 1005 futurum,
1350 942 1408 995 et
1452 934 1682 997 videtur
1728 937 1897 1013 quasi
1944 937 2146 996 vitiose
2191 934 2367 1013 loqui.
2457 936 2733 996 subtilem
2793 955 2921 997 rem
2975 939 3256 998 invene-⁵

636 1045 800 1108 runt,
860 1046 917 1099 et
973 1047 1170 1100 tamen
1231 1038 1408 1098 hodie
1462 1039 1548 1097 sic
1592 1038 1846 1106 utimur,
1904 1037 2072 1099 ‘cras
2127 1038 2375 1099 dicam'.
2469 1058 2583 1099 non
2644 1040 2801 1099 enim
2859 1039 2976 1099 duo
3022 1040 3211 1100 sutura

635 1148 787 1201 sunt.
892 1158 1004 1219 qua
1060 1141 1327 1201 ratione?
1402 1140 1682 1219 quoniam
1737 1138 1975 1216 quando
2033 1140 2164 1201 dico
2222 1141 2517 1211 ‘dicam',
2582 1143 2901 1221 promissio
2970 1150 3090 1211 est,
3159 1150 3214 1202 et

634 1243 870 1323 quando
916 1241 1048 1302 dico
1093 1243 1320 1313 ‘cras'‚
1368 1243 1683 1323 promissio
1731 1248 1839 1311 est,
1887 1242 1946 1302 id
1992 1252 2081 1304 est
2124 1246 2176 1304 si
2219 1243 2333 1303 hoc
2376 1245 2572 1323 ipsum
2617 1244 2874 1305 futurum
2908 1247 3027 1304 iam
3074 1261 3210 1305 eon·

634 1347 788 1423 tigit,
849 1343 951 1406 sed
1000 1352 1058 1405 et
1100 1353 1408 1424 postquam
1457 1346 1811 1423 contigerat,
1870 1346 2085 1406 iterum
2132 1353 2194 1406 tu
2238 1345 2467 1406 diceres
2513 1345 2671 1406 aliud
2724 1347 3019 1417 futurum,
3076 1354 3211 1408 tunc

635 1455 793 1510 esset
845 1448 1148 1525 geminum
1204 1448 1484 1508 futurum.
1575 1454 1892 1525 utrumque
1947 1455 2141 1508 autem
2197 1448 2400 1509 differs
2447 1446 2457 1531 Ι
2505 1449 2577 1509 ad
2635 1457 2872 1530 tempus
2932 1450 3209 1519 futurum,
3234 1471 3277 1510 10

635 1560 693 1610 et
752 1552 872 1611 iam
914 1569 1034 1610 non
1080 1550 1279 1610 differs
1323 1551 1396 1611 ad
1452 1550 1567 1611 duo
1625 1559 1895 1629 tempora
1949 1551 2176 1618 sutura,
2236 1550 2339 1611 sed
2397 1551 2468 1611 ad
2524 1571 2725 1613 unum.
2817 1553 3213 1614 animadverte

635 1651 746 1713 hoc
790 1654 983 1732 ipsum
1029 1651 1187 1730 quod
1234 1652 1396 1725 dico,
1456 1661 1520 1712 ut
1561 1651 1887 1731 intellegas,
1978 1651 2134 1713 aliud
2184 1660 2299 1721 est,
2360 1653 2597 1733 quando
2651 1654 2782 1715 dico
2828 1653 3040 1715 ‘hodie
3085 1656 3211 1716 dico

635 1763 693 1816 et
746 1773 877 1815 cras
921 1754 1111 1815 dicam
1129 1758 1170 1813 ’.
1261 1773 1400 1816 ecce
1453 1774 1519 1816 re
1576 1774 1713 1816 vera
1769 1755 1885 1815 duo
1941 1764 2206 1832 tempora
2262 1765 2428 1817 sunt:
2496 1757 2815 1834 significavi
2873 1759 3211 1819 enim'rem

633 1865 1007 1938 praesentem
1066 1864 1124 1917 et
1166 1875 1293 1917 rem
1340 1857 1619 1918 suturam.
1710 1858 1942 1937 quando
1989 1858 2362 1919 autemdico
2416 1858 2526 1918 tibi
2571 1864 2738 1920 ecras
2790 1860 3038 1929 dicam',
3095 1880 3209 1921 non

632 1962 898 2038 significo
941 1960 1206 2021 futurum
1255 1966 1313 2018 et
1358 1959 1569 2020 exinde
1616 1957 1776 2022 aliud
1819 1962 2110 2030 futurum,
2169 1961 2271 2022 sed
2329 1961 2444 2021 duo
2489 1961 2686 2022 sutura
2732 1961 2903 2023 simul
2949 1982 3209 2043 pronun·
3235 1981 3279 2022 15

632 2065 730 2137 tio,
779 2061 835 2122 id
884 2071 971 2123 est
1017 2062 1134 2122 duo
1178 2062 1377 2123 sutura
1426 2070 1563 2123 sunt
1610 2068 1668 2122 et
1710 2062 1883 2123 simul
1928 2064 2278 2140 significant.
2366 2083 2503 2124 cum
2560 2082 2702 2143 ergo
2759 2071 2990 2144 tempus
3041 2066 3210 2126 adve-

632 2167 806 2240 nerit,
852 2184 983 2226 cum
1031 2164 1240 2232 dicam,
1289 2183 1407 2225 non
1454 2164 1656 2225 videor
1701 2170 1869 2241 quasi
1901 2184 1931 2224 a
1963 2165 2222 2225 secundo
2267 2167 2382 2225 iam
2431 2165 2705 2246 conpleto
2741 2166 3025 2229 inchoare
3057 2167 3210 2229 aliud

631 2268 922 2337 futurum,
980 2267 1084 2328 sed
1140 2269 1304 2347 quasi
1359 2267 1475 2327 duo
1530 2268 1863 2344 significare
1918 2267 1991 2327 ad
2050 2286 2230 2328 unum
2286 2268 2568 2329 futurum.
2670 2256 2745 2328 et‘
2780 2269 3005 2330 idcireo
3059 2273 3209 2330 iusta

631 2372 862 2431 ratione
906 2370 1018 2430 hoc
1064 2370 1298 2429 dicitur.
1354 2388 1494 2447 ergo
1540 2370 1727 2446 siquis
1773 2369 1879 2429 tibi
1923 2368 2035 2429 hoc
2080 2372 2295 2431 iterum
2340 2369 2511 2441 dicat,
2561 2373 2832 2451 ‘exponis
2862 2372 3007 2431 mihi
3038 2370 3210 2431 hodie

630 2471 1038 2541 lectionem‘3',
1087 2472 1138 2531 si
1183 2471 1373 2532 dicam
1422 2474 1727 2550 ‘expono',
1776 2471 2161 2533 soloecismus
2208 2479 2315 2532 est.
2403 2491 2521 2533 non
2569 2475 2723 2533 enim
2771 2476 3043 2554 exponis,
3092 2493 3276 2534 nonen

631 2572 823 2634 adhuc
868 2574 1029 2643 faciS,
1079 2573 1183 2633 sed
1227 2574 1490 2634 facturus
1536 2594 1617 2634 ες.
1707 2592 1851 2651 ergo
1897 2592 2014 2634 non
2061 2573 2263 2636 debuit
2305 2573 2504 2635 dicere
2550 2577 2871 2654 ‘expono',
2920 2575 3027 2635 sed
3074 2579 3208 2636 ‘ex-

630 2680 899 2755 ponam'.
990 2677 1131 2736 item
1185 2677 1247 2735 in
1305 2677 1587 2755 perfectis
1632 2675 2000 2756 temporibus
2047 2683 2104 2736 et
2156 2675 2241 2737 ibi
2296 2685 2432 2736 sunt
2486 2678 2683 2755 gravia
2726 2679 2883 2738 vitia.
2974 2679 3022 2738 si
3069 2677 3210 2739 velis

631 2778 833 2840 dicere
876 2786 1015 2859 puta
1063 2779 1211 2842 ‘iam
1258 2776 1537 2858 legeram,
1584 2780 1703 2839 iam
1746 2778 1880 2856 legi,
1930 2787 1988 2840 et
2030 2786 2226 2841 tamen
2272 2799 2391 2840 non
2437 2787 2611 2841 teneo
2655 2777 3023 2856 lectionem’‚
3074 2800 3210 2843 ecce

631 2883 1068 2962 praeposterius
1123 2899 1264 2941 usus
1321 2899 1383 2940 es
1437 2899 1502 2941 re
1558 2880 1696 2942 olim
1755 2882 1906 2942 sacta
1961 2889 2096 2942 ante
2153 2902 2278 2943 rem
2335 2882 2512 2962 paulo
2567 2891 2700 2961 post
2754 2884 2989 2945 factam.
3094 2904 3208 2946 non

632 3001 775 3062 ergo
831 2986 916 3044 sic
972 2982 1153 3044 debes
1210 2982 1438 3050 dicere,
1498 2982 1601 3042 sed
1647 2985 1726 3043 ita
1784 2982 1964 3043 debes
2007 2982 2200 3061 loqui,
2251 2986 2404 3045 ‘iam
2450 2983 2592 3062 legi,
2628 2971 2754 3044 'iam
2802 2985 3094 3064 legeram,
3153 2993 3274 3048 etes

632 3084 770 3145 olim
815 3088 929 3146 iam
975 3086 1255 3164 legeram,
1305 3093 1362 3144 et
1406 3093 1603 3145 tamen
1647 3104 1764 3145 nou
1816 3094 1988 3146 teneo
2036 3087 2403 3148 lectionem'.
2480 3088 2529 3147 si
2573 3095 2875 3166 permutes
2919 3087 3205 3158 ordinem,

631 3197 753 3247 tum
811 3186 988 3247 stabit
1043 3187 1314 3249 elocutio.
1407 3206 1547 3264 ergo
1601 3196 1666 3248 ut
1719 3189 1969 3249 vitemus
2023 3191 2164 3259 ista,
2227 3189 2510 3250 debemus
2554 3197 2761 3251 tenere
2807 3189 3206 3253 definitionem

632 3296 986 3367 temporum.
1035 3287 1043 3370 Ι

797 3391 1100 3452 Personae
1141 3391 1334 3452 verbis
1378 3392 1653 3454 accidunt
1695 3401 1837 3462 tres,
1884 3395 2075 3473 prima
2120 3394 2378 3455 secunda
2422 3398 2612 3456 tertia.
2703 3398 2894 3475 prima
2940 3404 3032 3456 est
3062 3415 3206 3474 quae

499 3513 514 3541 κ
633 3493 804 3566 dicit,
862 3494 1046 3572 ipsius
1104 3493 1356 3555 hominis
1410 3494 1729 3573 loquentiS,
1789 3505 1854 3557 ut
1896 3504 2034 3575 puta
2081 3495 2213 3574 lego
2257 3497 2455 3558 scribo
2512 3498 2661 3559 dico.
2753 3499 2899 3559 haec
2958 3518 3275 3579 personam

632 3592 807 3655 stulte
852 3596 1064 3674 accipit
1119 3599 1558 3659 nominativum.
1638 3599 1786 3659 licet
1839 3598 1994 3658 dicat
2047 3601 2158 3659 iste
2203 3601 2501 3679 recipere,
2562 3599 2731 3660 aliter
2787 3603 3029 3680 recipit:
3092 3620 3206 3661 nou

394 3710 511 3773 437,
540 3712 606 3760 30
629 3715 881 3777 persona
926 3699 1162 3777 recipit,
1211 3699 1315 3759 sed
1362 3699 1614 3760 elocutio
1669 3702 1885 3780 recipit
1941 3703 2377 3762 nominativum.
2471 3711 2733 3763 ceterum
2779 3705 2907 3783 ipsa
2958 3723 3208 3784 persona

629 3818 947 3878 numquam
995 3801 1205 3879 recipit
1248 3804 1702 3872 nominativum,
1751 3821 2003 3881 persona
2049 3805 2239 3882 prima
2288 3822 2406 3864 non
2440 3812 2573 3882 eget
2614 3808 2995 3866 nominativo.
3058 3809 3208 3886 siqui
3292 3873 3295 3884 ,

630 3901 769 3962 velit
815 3901 921 3962 tibi
965 3901 1164 3962 dicere
1210 3903 1383 3981 ‘quid
1431 3905 1662 3972 facis?’,
1709 3913 1848 3984 puta
1896 3903 2131 3982 ‘lego',
2192 3925 2309 3966 non
2357 3905 2546 3966 solum
2595 3907 2741 3967 dixit
2783 3908 2924 3987 quid
2969 3908 3207 3976 faceret,

630 4003 731 4063 scd
792 4004 966 4064 etiam
1022 4023 1086 4064 se
1141 4006 1337 4084 ipsum
1391 4007 1646 4068 ostendit
1699 4006 2013 4085 legentem.
2106 4016 2370 4068 ceterum
2427 4011 2477 4069 si
2532 4009 2638 4070 tibi
2695 4008 2853 4071 dicat
2908 4013 3275 4091 ‘expecta,3,=‚

632 4125 741 4185 ego
787 4105 888 4165 tibi
934 4106 1133 4183 lego’‚
1195 4105 1477 4168 abundat.
1561 4109 1675 4171 hoc
1733 4114 1890 4170 enim
1950 4111 2141 4189 ipsum
2187 4109 2319 4189 lego
2366 4112 2650 4190 numquid
2696 4113 2987 4191 significat
3034 4115 3205 4173 ctiam

629 4210 745 4268 nisi
800 4209 947 4284 ego?
1045 4209 1171 4287 ipsa
1226 4227 1480 4288 persona
1539 4211 1717 4272 habet
1775 4214 1949 4273 etiam
2006 4214 2067 4273 in
2123 4231 2187 4273 se
2242 4232 2590 4292 pronomen,
2646 4213 2826 4290 habet
2875 4215 2937 4274 in
2984 4234 3050 4275 se
3094 4216 3206 4274 vim

773 4433 797 4482 l
837 4432 928 4480 erit
957 4431 1102 4480 BCa
1142 4440 1216 4481 est
1246 4431 1296 4480 Α
1332 4440 1542 4498 utroque
1572 4438 1680 4484 loco
1780 4436 1812 4483 2
1841 4435 2073 4498 fortasse
2106 4435 2305 4483 videtur
2338 4434 2485 4497 quasi
2522 4436 2624 4485 duo
2663 4435 2832 4485 futura
2855 4451 3047 4501 ponere
3085 4450 3204 4500 quo·

632 4503 765 4551 uiam
906 4502 939 4552 6
975 4502 1166 4552 utimur
1210 4517 1323 4551 cras
1359 4503 1524 4552 dicam
1559 4520 1587 4552 c
1624 4505 1810 4553 utimur
1852 4520 1963 4553 cras
2003 4505 2116 4555 dico
2157 4505 2328 4555 ABG
2462 4504 2495 4555 8
2533 4507 2575 4555 si
2614 4506 2709 4555 hoc
2742 4523 2771 4555 c
2803 4508 2877 4555 sic
2914 4505 3013 4555 hoc
3049 4506 3206 4556 ABG

764 4572 798 4622 9
835 4581 886 4621 tn
922 4588 1015 4621 om.
1045 4572 1112 4636 A,
1151 4573 1271 4622 add.
1311 4589 1344 4620 a
1521 4575 1585 4626 10
1621 4585 1755 4625 esset
1799 4576 1839 4625 C
1872 4591 1986 4625 esse
2023 4575 2131 4624 AB
2304 4581 2569 4637 utrumque
2613 4586 2777 4625 antem
2821 4576 2990 4626 defers
3025 4594 3108 4627 res
3142 4574 3203 4624 ad

631 4650 829 4707 tempus
865 4643 1088 4692 futurum
1127 4653 1175 4692 et
1218 4644 1318 4691 iam
1354 4659 1452 4693 non
1504 4655 1670 4694 autem
1715 4645 1918 4695 deferes
1969 4646 2033 4694 ad
2083 4646 2181 4694 duo
2218 4646 2266 4695 A
2428 4646 2490 4695 13
2528 4648 2839 4713 significauit
2874 4648 3009 4696 enim
3051 4646 3207 4697 ABG

770 4715 836 4763 24
874 4729 976 4762 rem
1017 4713 1135 4762 olim
1170 4713 1354 4763 factam
1392 4715 1497 4766 BC
1666 4715 1732 4764 32
1773 4724 1993 4765 ceterum
2030 4744 2095 4752 -
2134 4730 2352 4781 persona
2378 4730 2473 4764 om.
2511 4717 2580 4776 A,
2618 4718 2741 4770 add.
2783 4733 2817 4766 a
2979 4720 3045 4766 3⁴
3088 4725 3205 4780 puta

631 4781 747 4847 lego
785 4784 1006 4832 abundat
1051 4798 1150 4832 nou
1192 4783 1358 4832 solum
1399 4786 1586 4835 ABG:
1634 4795 1755 4850 puta
1793 4803 1819 4835 e
1861 4802 1889 4835 ο
1929 4787 2062 4852 lego,
2103 4802 2200 4851 ego
2245 4785 2467 4834 abundat
2506 4788 2877 4838 Lindemannus
3019 4787 3086 4838 36
3112 4801 3205 4850 ego

631 4852 716 4901 tibi
749 4853 862 4918 lego
898 4853 994 4903 hoc
1021 4855 1156 4904 euim
1191 4852 1354 4918 (enim
1391 4871 1483 4909 om.
1523 4855 1589 4921 A,
1626 4856 1747 4909 add.
1789 4802 1858 4921 αξ
1890 4857 2059 4922 ipsum
2100 4857 2213 4923 lego
2249 4855 2417 4905 ABG
