<?xml version="1.0" encoding="UTF-8"?>
<!DOCTYPE html PUBLIC "-//W3C//DTD XHTML 1.0 Transitional//EN"
    "http://www.w3.org/TR/xhtml1/DTD/xhtml1-transitional.dtd">
<html xmlns="http://www.w3.org/1999/xhtml" xml:lang="en" lang="en">
 <head>
  <title>
</title>
<meta http-equiv="Content-Type" content="text/html;charset=utf-8" />
  <meta name='ocr-system' content='tesseract 3.04.00' />
  <meta name='ocr-capabilities' content='ocr_page ocr_carea ocr_par ocr_line ocrx_word'/>
</head>
<body>
  <div class='ocr_page' id='page_1' title='image "./grammaticilatin10keilgoog_0331.png"; bbox 0 0 3541 5564; ppageno 0'>
   <div class='ocr_carea' id='block_1_1' title="bbox 351 322 3028 4159">
    <p class='ocr_par' dir='ltr' id='par_1_1' title="bbox 1529 322 3027 385">
     <span class='ocr_line' id='line_1_1' title="bbox 1529 322 3027 385; baseline 0 0"><span class='ocrx_word' id='word_1_1' title='bbox 1529 322 1921 385; x_wconf 79' lang='lat' dir='ltr'>EXCERI‘TA</span> <span class='ocrx_word' id='word_1_2' title='bbox 2902 322 3027 385; x_wconf 81' lang='lat'><strong>323</strong></span> 
     </span>
    </p>

    <p class='ocr_par' dir='ltr' id='par_1_2' title="bbox 2777 430 2974 484">
     <span class='ocr_line' id='line_1_2' title="bbox 2777 430 2974 484; baseline 0.005 -14"><span class='ocrx_word' id='word_1_3' title='bbox 2777 445 2818 484; x_wconf 86' lang='lat' dir='ltr'><strong>p.</strong></span> <span class='ocrx_word' id='word_1_4' title='bbox 2847 436 2895 471; x_wconf 72' lang='lat'><strong>22</strong></span> <span class='ocrx_word' id='word_1_5' title='bbox 2927 430 2974 471; x_wconf 75' lang='lat' dir='ltr'><strong>H.</strong></span> 
     </span>
    </p>

    <p class='ocr_par' dir='ltr' id='par_1_3' title="bbox 429 508 3028 897">
     <span class='ocr_line' id='line_1_3' title="bbox 441 508 3023 591; baseline 0 -20"><span class='ocrx_word' id='word_1_6' title='bbox 441 513 589 583; x_wconf 85' lang='lat' dir='ltr'><strong>Quia</strong></span> <span class='ocrx_word' id='word_1_7' title='bbox 645 530 783 591; x_wconf 89' lang='lat' dir='ltr'><strong>pars</strong></span> <span class='ocrx_word' id='word_1_8' title='bbox 837 518 1066 590; x_wconf 87' lang='lat' dir='ltr'><strong>partem</strong></span> <span class='ocrx_word' id='word_1_9' title='bbox 1122 509 1301 590; x_wconf 91' lang='lat' dir='ltr'><strong>duplo</strong></span> <span class='ocrx_word' id='word_1_10' title='bbox 1375 508 1566 572; x_wconf 80' lang='lat' dir='ltr'><strong>vin‘cit.</strong></span> <span class='ocrx_word' id='word_1_11' title='bbox 1660 510 1824 571; x_wconf 84' lang='lat' dir='ltr'><strong>Vnde</strong></span> <span class='ocrx_word' id='word_1_12' title='bbox 1879 509 2058 571; x_wconf 91' lang='lat' dir='ltr'><strong>babet</strong></span> <span class='ocrx_word' id='word_1_13' title='bbox 2114 510 2561 590; x_wconf 70' lang='lat' dir='ltr'><strong>etymologiam?</strong></span> <span class='ocrx_word' id='word_1_14' title='bbox 2637 510 3023 580; x_wconf 76' lang='lat' dir='ltr'><strong>Tribraclius,</strong></span> 
     </span>
     <span class='ocr_line' id='line_1_4' title="bbox 443 609 3028 694; baseline 0.001 -23"><span class='ocrx_word' id='word_1_15' title='bbox 443 615 545 692; x_wconf 83' lang='lat' dir='ltr'><strong>qui</strong></span> <span class='ocrx_word' id='word_1_16' title='bbox 602 622 660 673; x_wconf 87' lang='lat' dir='ltr'><strong>et</strong></span> <span class='ocrx_word' id='word_1_17' title='bbox 714 612 996 682; x_wconf 84' lang='lat' dir='ltr'><strong>choreus,</strong></span> <span class='ocrx_word' id='word_1_18' title='bbox 1053 612 1389 694; x_wconf 75' lang='lat' dir='ltr'><strong>‚appellatur</strong></span> <span class='ocrx_word' id='word_1_19' title='bbox 1445 612 1814 682; x_wconf 82' lang='lat' dir='ltr'><strong>tribrachuS,</strong></span> <span class='ocrx_word' id='word_1_20' title='bbox 1874 613 2040 690; x_wconf 84' lang='lat' dir='ltr'>quasi</span> <span class='ocrx_word' id='word_1_21' title='bbox 2086 631 2156 673; x_wconf 88' lang='lat' dir='ltr'><strong>ex</strong></span> <span class='ocrx_word' id='word_1_22' title='bbox 2206 612 2394 674; x_wconf 90' lang='lat' dir='ltr'><strong>tribus</strong></span> <span class='ocrx_word' id='word_1_23' title='bbox 2441 611 2748 674; x_wconf 84' lang='lat' dir='ltr'><strong>brevibus:</strong></span> <span class='ocrx_word' id='word_1_24' title='bbox 2807 609 3028 692; x_wconf 82' lang='grc' dir='ltr'><em>βραχύ</em></span> 
     </span>
     <span class='ocr_line' id='line_1_5' title="bbox 429 714 3026 795; baseline 0 -19"><span class='ocrx_word' id='word_1_25' title='bbox 429 716 600 776; x_wconf 71' lang='lat' dir='ltr'><strong>”enim</strong></span> <span class='ocrx_word' id='word_1_26' title='bbox 643 732 859 793; x_wconf 86' lang='lat' dir='ltr'><strong>graece</strong></span> <span class='ocrx_word' id='word_1_27' title='bbox 904 714 1085 776; x_wconf 87' lang='lat' dir='ltr'><strong>breve</strong></span> <span class='ocrx_word' id='word_1_28' title='bbox 1131 715 1362 776; x_wconf 89' lang='lat' dir='ltr'><strong>dicitur.</strong></span> <span class='ocrx_word' id='word_1_29' title='bbox 1456 717 1570 788; x_wconf 90' lang='lat' dir='ltr'><strong>Qui</strong></span> <span class='ocrx_word' id='word_1_30' title='bbox 1611 735 1721 795; x_wconf 85' lang='lat' dir='ltr'><strong>pes</strong></span> <span class='ocrx_word' id='word_1_31' title='bbox 1767 722 1858 775; x_wconf 91' lang='lat' dir='ltr'><strong>est</strong></span> <span class='ocrx_word' id='word_1_32' title='bbox 1903 716 1956 776; x_wconf 90' lang='lat' dir='ltr'><strong>ei</strong></span> <span class='ocrx_word' id='word_1_33' title='bbox 2002 716 2369 776; x_wconf 73' lang='lat' dir='ltr'><strong>contrarius?</strong></span> <span class='ocrx_word' id='word_1_34' title='bbox 2415 714 2721 777; x_wconf 83' lang='lat' dir='ltr'><strong>Molossus.</strong></span> <span class='ocrx_word' id='word_1_35' title='bbox 2796 714 3026 786; x_wconf 86' lang='lat' dir='ltr'><strong>Quibus</strong></span> 
     </span>
     <span class='ocr_line' id='line_1_6' title="bbox 437 815 3020 897; baseline 0.001 -19"><span class='ocrx_word' id='word_1_36' title='bbox 437 815 673 896; x_wconf 74' lang='lat' dir='ltr'><strong>syllabis</strong></span> <span class='ocrx_word' id='word_1_37' title='bbox 718 818 984 878; x_wconf 79' lang='lat' dir='ltr'><strong>constat?</strong></span> <span class='ocrx_word' id='word_1_38' title='bbox 1033 818 1116 878; x_wconf 81' lang='lat' dir='ltr'><strong>Ex</strong></span> <span class='ocrx_word' id='word_1_39' title='bbox 1162 816 1352 879; x_wconf 88' lang='lat' dir='ltr'><strong>tribus</strong></span> <span class='ocrx_word' id='word_1_40' title='bbox 1395 817 1617 895; x_wconf 87' lang='lat' dir='ltr'><strong>longis,</strong></span> <span class='ocrx_word' id='word_1_41' title='bbox 1667 826 1730 877; x_wconf 92' lang='lat' dir='ltr'><strong>ut</strong></span> <span class='ocrx_word' id='word_1_42' title='bbox 1774 818 2021 879; x_wconf 78' lang='lat' dir='ltr'><strong>Aeneas,</strong></span> <span class='ocrx_word' id='word_1_43' title='bbox 2114 817 2267 888; x_wconf 86' lang='lat' dir='ltr'><strong>Quot</strong></span> <span class='ocrx_word' id='word_1_44' title='bbox 2313 825 2576 897; x_wconf 86' lang='lat' dir='ltr'><strong>tempora</strong></span> <span class='ocrx_word' id='word_1_45' title='bbox 2625 819 2839 880; x_wconf 79' lang='lat' dir='ltr'><strong>habet?</strong></span> <span class='ocrx_word' id='word_1_46' title='bbox 2886 821 3020 880; x_wconf 78' lang='lat' dir='ltr'><strong>Sex.</strong></span> 
     </span>
    </p>

    <p class='ocr_par' dir='ltr' id='par_1_4' title="bbox 351 917 3022 4159">
     <span class='ocr_line' id='line_1_7' title="bbox 386 917 3021 1002; baseline 0.004 -29"><span class='ocrx_word' id='word_1_47' title='bbox 386 933 412 973; x_wconf 85' lang='lat'><strong>5</strong></span> <span class='ocrx_word' id='word_1_48' title='bbox 439 919 618 979; x_wconf 87' lang='lat' dir='ltr'><strong>Cuius</strong></span> <span class='ocrx_word' id='word_1_49' title='bbox 662 917 964 979; x_wconf 87' lang='lat' dir='ltr'><strong>divisionis</strong></span> <span class='ocrx_word' id='word_1_50' title='bbox 1012 920 1132 979; x_wconf 80' lang='lat' dir='ltr'><strong>est?</strong></span> <span class='ocrx_word' id='word_1_51' title='bbox 1195 918 1438 999; x_wconf 88' lang='lat' dir='ltr'><strong>Duplae.</strong></span> <span class='ocrx_word' id='word_1_52' title='bbox 1527 921 1656 991; x_wconf 83' lang='lat' dir='ltr'><strong>Quo</strong></span> <span class='ocrx_word' id='word_1_53' title='bbox 1702 919 1913 980; x_wconf 79' lang='lat' dir='ltr'><strong>modo?</strong></span> <span class='ocrx_word' id='word_1_54' title='bbox 1980 920 2127 991; x_wconf 88' lang='lat' dir='ltr'><strong>Quia</strong></span> <span class='ocrx_word' id='word_1_55' title='bbox 2173 922 2323 981; x_wconf 89' lang='lat' dir='ltr'><strong>arsis</strong></span> <span class='ocrx_word' id='word_1_56' title='bbox 2369 920 2548 981; x_wconf 90' lang='lat' dir='ltr'><strong>habet</strong></span> <span class='ocrx_word' id='word_1_57' title='bbox 2589 922 2707 983; x_wconf 91' lang='lat' dir='ltr'><strong>duo</strong></span> <span class='ocrx_word' id='word_1_58' title='bbox 2756 930 3021 1002; x_wconf 87' lang='lat' dir='ltr'><strong>tempora</strong></span> 
     </span>
     <span class='ocr_line' id='line_1_8' title="bbox 440 1019 3018 1102; baseline 0.002 -22"><span class='ocrx_word' id='word_1_59' title='bbox 440 1030 498 1081; x_wconf 87' lang='lat' dir='ltr'><strong>et</strong></span> <span class='ocrx_word' id='word_1_60' title='bbox 552 1019 740 1081; x_wconf 88' lang='lat' dir='ltr'><strong>thesis</strong></span> <span class='ocrx_word' id='word_1_61' title='bbox 795 1028 1092 1100; x_wconf 87' lang='lat' dir='ltr'><strong>quattuor.</strong></span> <span class='ocrx_word' id='word_1_62' title='bbox 1183 1021 1346 1082; x_wconf 88' lang='lat' dir='ltr'><strong>Vnde</strong></span> <span class='ocrx_word' id='word_1_63' title='bbox 1401 1022 1581 1084; x_wconf 86' lang='lat' dir='ltr'><strong>habet</strong></span> <span class='ocrx_word' id='word_1_64' title='bbox 1635 1020 2083 1102; x_wconf 72' lang='lat' dir='ltr'><strong>etymologiam?</strong></span> <span class='ocrx_word' id='word_1_65' title='bbox 2157 1025 2203 1083; x_wconf 86' lang='grc' dir='ltr'>Α</span> <span class='ocrx_word' id='word_1_66' title='bbox 2247 1021 2634 1083; x_wconf 85' lang='lat' dir='ltr'><strong>Molossorum</strong></span> <span class='ocrx_word' id='word_1_67' title='bbox 2690 1024 3018 1093; x_wconf 83' lang='lat' dir='ltr'><strong>saltatione,</strong></span> 
     </span>
     <span class='ocr_line' id='line_1_9' title="bbox 437 1123 3019 1205; baseline 0.002 -23"><span class='ocrx_word' id='word_1_68' title='bbox 437 1140 616 1201; x_wconf 83' lang='lat' dir='ltr'><strong>quam</strong></span> <span class='ocrx_word' id='word_1_69' title='bbox 664 1130 1056 1183; x_wconf 88' lang='lat' dir='ltr'><strong>exercuerunt</strong></span> <span class='ocrx_word' id='word_1_70' title='bbox 1101 1124 1327 1184; x_wconf 87' lang='lat' dir='ltr'><strong>armati.</strong></span> <span class='ocrx_word' id='word_1_71' title='bbox 1389 1125 1505 1203; x_wconf 91' lang='lat' dir='ltr'><strong>ipsi</strong></span> <span class='ocrx_word' id='word_1_72' title='bbox 1556 1142 1693 1184; x_wconf 87' lang='lat' dir='ltr'><strong>vero</strong></span> <span class='ocrx_word' id='word_1_73' title='bbox 1738 1123 1879 1185; x_wconf 89' lang='lat' dir='ltr'><strong>dicti</strong></span> <span class='ocrx_word' id='word_1_74' title='bbox 1910 1123 2145 1184; x_wconf 80' lang='lat' dir='ltr'><strong>Molossi</strong></span> <span class='ocrx_word' id='word_1_75' title='bbox 2191 1143 2226 1184; x_wconf 87' lang='lat' dir='ltr'><strong>a</strong></span> <span class='ocrx_word' id='word_1_76' title='bbox 2268 1123 2551 1192; x_wconf 88' lang='lat' dir='ltr'><strong>Molosso,</strong></span> <span class='ocrx_word' id='word_1_77' title='bbox 2601 1124 2718 1199; x_wconf 82' lang='lat' dir='ltr'><strong>[ilio</strong></span> <span class='ocrx_word' id='word_1_78' title='bbox 2764 1126 3019 1205; x_wconf 87' lang='lat' dir='ltr'><strong>Neopto-</strong></span> 
     </span>
     <span class='ocr_line' id='line_1_10' title="bbox 437 1222 3022 1308; baseline 0.002 -25"><span class='ocrx_word' id='word_1_79' title='bbox 437 1223 578 1284; x_wconf 88' lang='lat' dir='ltr'><strong>lemi</strong></span> <span class='ocrx_word' id='word_1_80' title='bbox 625 1230 682 1284; x_wconf 89' lang='lat' dir='ltr'><strong>et</strong></span> <span class='ocrx_word' id='word_1_81' title='bbox 727 1222 1191 1286; x_wconf 80' lang='lat' dir='ltr'><strong>Andromaches.</strong></span> <span class='ocrx_word' id='word_1_82' title='bbox 1269 1226 1382 1297; x_wconf 91' lang='lat' dir='ltr'><strong>Qui</strong></span> <span class='ocrx_word' id='word_1_83' title='bbox 1427 1246 1532 1306; x_wconf 88' lang='lat' dir='ltr'><strong>pes</strong></span> <span class='ocrx_word' id='word_1_84' title='bbox 1577 1227 1882 1306; x_wconf 78' lang='lat' dir='ltr'><strong>sequitur?</strong></span> <span class='ocrx_word' id='word_1_85' title='bbox 1934 1228 2313 1304; x_wconf 77' lang='lat' dir='ltr'><strong>AnapaestuS.</strong></span> <span class='ocrx_word' id='word_1_86' title='bbox 2394 1225 2475 1286; x_wconf 84' lang='lat' dir='ltr'><strong>Ex</strong></span> <span class='ocrx_word' id='word_1_87' title='bbox 2522 1225 2739 1305; x_wconf 87' lang='lat' dir='ltr'><strong>quibus</strong></span> <span class='ocrx_word' id='word_1_88' title='bbox 2782 1226 3022 1308; x_wconf 85' lang='lat' dir='ltr'><strong>syllabis</strong></span> 
     </span>
     <span class='ocr_line' id='line_1_11' title="bbox 438 1322 3019 1408; baseline 0.001 -23"><span class='ocrx_word' id='word_1_89' title='bbox 438 1327 702 1387; x_wconf 81' lang='lat' dir='ltr'><strong>constat?</strong></span> <span class='ocrx_word' id='word_1_90' title='bbox 761 1325 844 1386; x_wconf 82' lang='lat' dir='ltr'><strong>Ex</strong></span> <span class='ocrx_word' id='word_1_91' title='bbox 893 1325 1123 1388; x_wconf 85' lang='lat' dir='ltr'><strong>duabus</strong></span> <span class='ocrx_word' id='word_1_92' title='bbox 1167 1326 1450 1388; x_wconf 85' lang='lat' dir='ltr'><strong>brevibus</strong></span> <span class='ocrx_word' id='word_1_93' title='bbox 1495 1338 1553 1389; x_wconf 90' lang='lat' dir='ltr'><strong>et</strong></span> <span class='ocrx_word' id='word_1_94' title='bbox 1596 1327 1799 1406; x_wconf 88' lang='lat' dir='ltr'><strong>longa,</strong></span> <span class='ocrx_word' id='word_1_95' title='bbox 1850 1336 1913 1387; x_wconf 94' lang='lat' dir='ltr'><strong>ut</strong></span> <span class='ocrx_word' id='word_1_96' title='bbox 1956 1327 2210 1387; x_wconf 81' lang='lat' dir='ltr'><strong>bonitas,</strong></span> <span class='ocrx_word' id='word_1_97' title='bbox 2299 1326 2454 1399; x_wconf 92' lang='lat' dir='ltr'><strong>Quot</strong></span> <span class='ocrx_word' id='word_1_98' title='bbox 2496 1322 2761 1408; x_wconf 87' lang='lat' dir='ltr'><strong>tempora</strong></span> <span class='ocrx_word' id='word_1_99' title='bbox 2807 1329 3019 1390; x_wconf 76' lang='lat' dir='ltr'><strong>habet?</strong></span> 
     </span>
     <span class='ocr_line' id='line_1_12' title="bbox 362 1427 3022 1510; baseline 0.003 -28"><span class='ocrx_word' id='word_1_100' title='bbox 362 1446 414 1484; x_wconf 82' lang='grc' dir='ltr'><strong>ιο</strong></span> <span class='ocrx_word' id='word_1_101' title='bbox 443 1429 749 1500; x_wconf 85' lang='lat' dir='ltr'><strong>Quattuor.</strong></span> <span class='ocrx_word' id='word_1_102' title='bbox 841 1428 1017 1488; x_wconf 87' lang='lat' dir='ltr'><strong>Cuius</strong></span> <span class='ocrx_word' id='word_1_103' title='bbox 1056 1429 1355 1490; x_wconf 87' lang='lat' dir='ltr'><strong>divisionis</strong></span> <span class='ocrx_word' id='word_1_104' title='bbox 1401 1433 1522 1490; x_wconf 71' lang='lat' dir='ltr'><strong>est?</strong></span> <span class='ocrx_word' id='word_1_105' title='bbox 1576 1431 1841 1509; x_wconf 84' lang='lat' dir='ltr'><strong>Aequae,</strong></span> <span class='ocrx_word' id='word_1_106' title='bbox 1891 1431 2025 1509; x_wconf 87' lang='lat' dir='ltr'><strong>quia</strong></span> <span class='ocrx_word' id='word_1_107' title='bbox 2070 1430 2218 1489; x_wconf 90' lang='lat' dir='ltr'><strong>arsis</strong></span> <span class='ocrx_word' id='word_1_108' title='bbox 2265 1427 2382 1489; x_wconf 93' lang='lat' dir='ltr'><strong>duo</strong></span> <span class='ocrx_word' id='word_1_109' title='bbox 2430 1437 2694 1510; x_wconf 88' lang='lat' dir='ltr'><strong>tempora</strong></span> <span class='ocrx_word' id='word_1_110' title='bbox 2740 1429 2919 1490; x_wconf 89' lang='lat' dir='ltr'><strong>habet</strong></span> <span class='ocrx_word' id='word_1_111' title='bbox 2963 1438 3022 1490; x_wconf 90' lang='lat' dir='ltr'><strong>et</strong></span> 
     </span>
     <span class='ocr_line' id='line_1_13' title="bbox 438 1521 3018 1611; baseline 0.001 -21"><span class='ocrx_word' id='word_1_112' title='bbox 438 1530 621 1591; x_wconf 85' lang='lat' dir='ltr'><strong>thesis</strong></span> <span class='ocrx_word' id='word_1_113' title='bbox 665 1530 800 1590; x_wconf 91' lang='lat' dir='ltr'><strong>duo.</strong></span> <span class='ocrx_word' id='word_1_114' title='bbox 851 1551 886 1583; x_wconf 63' lang='grc' dir='ltr'><strong><em>υ</em></strong></span> <span class='ocrx_word' id='word_1_115' title='bbox 945 1531 1108 1592; x_wconf 87' lang='lat' dir='ltr'><strong>Vnde</strong></span> <span class='ocrx_word' id='word_1_116' title='bbox 1152 1529 1331 1591; x_wconf 89' lang='lat' dir='ltr'><strong>habet</strong></span> <span class='ocrx_word' id='word_1_117' title='bbox 1386 1529 1839 1611; x_wconf 78' lang='lat' dir='ltr'><strong>etymologiam?</strong></span> <span class='ocrx_word' id='word_1_118' title='bbox 1892 1521 2050 1592; x_wconf 84' lang='grc' dir='ltr'><strong>Ἀπό</strong></span> <span class='ocrx_word' id='word_1_119' title='bbox 2097 1529 2233 1591; x_wconf 73' lang='grc' dir='ltr'><strong>τῶν</strong></span> <span class='ocrx_word' id='word_1_120' title='bbox 2278 1527 2472 1592; x_wconf 80' lang='grc' dir='ltr'><em>ἰδίων</em></span> <span class='ocrx_word' id='word_1_121' title='bbox 2518 1526 2900 1601; x_wconf 79' lang='grc' dir='ltr'><strong><em>δακτύλων,</em></strong></span> <span class='ocrx_word' id='word_1_122' title='bbox 2949 1552 3018 1593; x_wconf 90' lang='lat' dir='ltr'><strong>eo</strong></span> 
     </span>
     <span class='ocr_line' id='line_1_14' title="bbox 435 1631 3020 1713; baseline 0.001 -21"><span class='ocrx_word' id='word_1_123' title='bbox 435 1632 590 1710; x_wconf 89' lang='lat' dir='ltr'><strong>quod</strong></span> <span class='ocrx_word' id='word_1_124' title='bbox 650 1632 907 1709; x_wconf 89' lang='lat' dir='ltr'><strong>vagitum</strong></span> <span class='ocrx_word' id='word_1_125' title='bbox 963 1632 1115 1692; x_wconf 88' lang='lat' dir='ltr'><strong>lovis</strong></span> <span class='ocrx_word' id='word_1_126' title='bbox 1170 1631 1344 1694; x_wconf 89' lang='lat' dir='ltr'><strong>huius</strong></span> <span class='ocrx_word' id='word_1_127' title='bbox 1399 1640 1572 1694; x_wconf 89' lang='lat' dir='ltr'><strong>cantu</strong></span> <span class='ocrx_word' id='word_1_128' title='bbox 1631 1642 1821 1695; x_wconf 88' lang='lat' dir='ltr'><strong>mater</strong></span> <span class='ocrx_word' id='word_1_129' title='bbox 1878 1635 2002 1694; x_wconf 89' lang='lat' dir='ltr'><strong>eius</strong></span> <span class='ocrx_word' id='word_1_130' title='bbox 2058 1634 2315 1694; x_wconf 89' lang='lat' dir='ltr'><strong>Saturno</strong></span> <span class='ocrx_word' id='word_1_131' title='bbox 2382 1636 2535 1713; x_wconf 88' lang='lat' dir='ltr'><strong>patri</strong></span> <span class='ocrx_word' id='word_1_132' title='bbox 2590 1633 2892 1707; x_wconf 75' lang='lat' dir='ltr'><strong>celaverit,</strong></span> <span class='ocrx_word' id='word_1_133' title='bbox 2962 1644 3020 1695; x_wconf 85' lang='lat' dir='ltr'><strong>et</strong></span> 
     </span>
     <span class='ocr_line' id='line_1_15' title="bbox 436 1724 3016 1816; baseline 0.001 -22"><span class='ocrx_word' id='word_1_134' title='bbox 436 1735 627 1794; x_wconf 90' lang='lat' dir='ltr'><strong>omnis</strong></span> <span class='ocrx_word' id='word_1_135' title='bbox 673 1736 897 1795; x_wconf 88' lang='lat' dir='ltr'><strong>musica</strong></span> <span class='ocrx_word' id='word_1_136' title='bbox 961 1736 1220 1814; x_wconf 90' lang='lat' dir='ltr'><strong>propriis</strong></span> <span class='ocrx_word' id='word_1_137' title='bbox 1266 1734 1463 1813; x_wconf 86' lang='lat' dir='ltr'><strong>digitis</strong></span> <span class='ocrx_word' id='word_1_138' title='bbox 1507 1754 1788 1815; x_wconf 88' lang='lat' dir='ltr'><strong>percussa</strong></span> <span class='ocrx_word' id='word_1_139' title='bbox 1832 1736 2067 1805; x_wconf 81' lang='lat' dir='ltr'><strong>suisset,</strong></span> <span class='ocrx_word' id='word_1_140' title='bbox 2128 1734 2261 1795; x_wconf 90' lang='lat' dir='ltr'><strong>ideo</strong></span> <span class='ocrx_word' id='word_1_141' title='bbox 2304 1724 2424 1814; x_wconf 60' lang='lat' dir='ltr'><strong>pes&#39;</strong></span> <span class='ocrx_word' id='word_1_142' title='bbox 2454 1737 2578 1815; x_wconf 89' lang='lat' dir='ltr'><strong>ipse</strong></span> <span class='ocrx_word' id='word_1_143' title='bbox 2624 1734 2886 1816; x_wconf 89' lang='lat' dir='ltr'><strong>dactylus</strong></span> <span class='ocrx_word' id='word_1_144' title='bbox 2931 1735 3016 1797; x_wconf 90' lang='lat' dir='ltr'><strong>di-</strong></span> 
     </span>
     <span class='ocr_line' id='line_1_16' title="bbox 436 1835 3014 1917; baseline 0.001 -21"><span class='ocrx_word' id='word_1_145' title='bbox 436 1837 618 1904; x_wconf 87' lang='lat' dir='ltr'><strong>citur,</strong></span> <span class='ocrx_word' id='word_1_146' title='bbox 679 1837 814 1913; x_wconf 89' lang='lat' dir='ltr'><strong>quia</strong></span> <span class='ocrx_word' id='word_1_147' title='bbox 860 1839 1070 1899; x_wconf 87' lang='lat' dir='ltr'><strong>Graeci</strong></span> <span class='ocrx_word' id='word_1_148' title='bbox 1128 1836 1373 1915; x_wconf 85' lang='lat' dir='ltr'><strong>digitum</strong></span> <span class='ocrx_word' id='word_1_149' title='bbox 1422 1835 1716 1917; x_wconf 86' lang='lat' dir='ltr'><strong>dactylum</strong></span> <span class='ocrx_word' id='word_1_150' title='bbox 1773 1836 2088 1917; x_wconf 87' lang='lat' dir='ltr'><strong>appellant.</strong></span> <span class='ocrx_word' id='word_1_151' title='bbox 2180 1835 2443 1915; x_wconf 86' lang='lat' dir='ltr'><strong>dactylus</strong></span> <span class='ocrx_word' id='word_1_152' title='bbox 2498 1857 2531 1898; x_wconf 88' lang='lat' dir='ltr'><strong>a</strong></span> <span class='ocrx_word' id='word_1_153' title='bbox 2576 1837 2759 1916; x_wconf 87' lang='lat' dir='ltr'><strong>digito</strong></span> <span class='ocrx_word' id='word_1_154' title='bbox 2806 1837 3014 1908; x_wconf 87' lang='lat' dir='ltr'><strong>dictus,</strong></span> 
     </span>
     <span class='ocr_line' id='line_1_17' title="bbox 359 1936 3017 2019; baseline 0.002 -25"><span class='ocrx_word' id='word_1_155' title='bbox 359 1954 409 1994; x_wconf 83' lang='lat'><strong>15</strong></span> <span class='ocrx_word' id='word_1_156' title='bbox 436 1937 594 2017; x_wconf 88' lang='lat' dir='ltr'><strong>quod</strong></span> <span class='ocrx_word' id='word_1_157' title='bbox 648 1958 680 1998; x_wconf 92' lang='lat' dir='ltr'><strong>a</strong></span> <span class='ocrx_word' id='word_1_158' title='bbox 737 1936 992 2017; x_wconf 83' lang='lat' dir='ltr'><strong>longiori</strong></span> <span class='ocrx_word' id='word_1_159' title='bbox 1050 1938 1206 2000; x_wconf 90' lang='lat' dir='ltr'><strong>nodo</strong></span> <span class='ocrx_word' id='word_1_160' title='bbox 1262 1939 1550 1999; x_wconf 85' lang='lat' dir='ltr'><strong>inchoans</strong></span> <span class='ocrx_word' id='word_1_161' title='bbox 1602 1941 1664 1999; x_wconf 93' lang='lat' dir='ltr'><strong>in</strong></span> <span class='ocrx_word' id='word_1_162' title='bbox 1723 1939 1870 1999; x_wconf 90' lang='lat' dir='ltr'><strong>duas</strong></span> <span class='ocrx_word' id='word_1_163' title='bbox 1926 1938 2144 2000; x_wconf 88' lang='lat' dir='ltr'><strong>desinit</strong></span> <span class='ocrx_word' id='word_1_164' title='bbox 2200 1937 2434 2007; x_wconf 90' lang='lat' dir='ltr'><strong>breves;</strong></span> <span class='ocrx_word' id='word_1_165' title='bbox 2493 1941 2579 1999; x_wconf 90' lang='lat' dir='ltr'><strong>sic</strong></span> <span class='ocrx_word' id='word_1_166' title='bbox 2636 1947 2695 1999; x_wconf 93' lang='lat' dir='ltr'><strong>et</strong></span> <span class='ocrx_word' id='word_1_167' title='bbox 2737 1942 2865 2019; x_wconf 84' lang='lat' dir='ltr'><strong>ipse</strong></span> <span class='ocrx_word' id='word_1_168' title='bbox 2911 1959 3017 2019; x_wconf 88' lang='lat' dir='ltr'><strong>pes</strong></span> 
     </span>
     <span class='ocr_line' id='line_1_18' title="bbox 434 2039 3016 2121; baseline 0.001 -21"><span class='ocrx_word' id='word_1_169' title='bbox 434 2042 768 2101; x_wconf 89' lang='lat' dir='ltr'><strong>iuncturam</strong></span> <span class='ocrx_word' id='word_1_170' title='bbox 828 2059 1004 2101; x_wconf 91' lang='lat' dir='ltr'><strong>unam</strong></span> <span class='ocrx_word' id='word_1_171' title='bbox 1061 2039 1240 2101; x_wconf 90' lang='lat' dir='ltr'><strong>habet</strong></span> <span class='ocrx_word' id='word_1_172' title='bbox 1294 2039 1531 2119; x_wconf 90' lang='lat' dir='ltr'><strong>longam</strong></span> <span class='ocrx_word' id='word_1_173' title='bbox 1579 2050 1637 2101; x_wconf 89' lang='lat' dir='ltr'><strong>et</strong></span> <span class='ocrx_word' id='word_1_174' title='bbox 1680 2041 1828 2102; x_wconf 90' lang='lat' dir='ltr'><strong>duas</strong></span> <span class='ocrx_word' id='word_1_175' title='bbox 1874 2040 2098 2101; x_wconf 80' lang='lat' dir='ltr'><strong>breveS.</strong></span> <span class='ocrx_word' id='word_1_176' title='bbox 2194 2039 2351 2101; x_wconf 85' lang='lat' dir='ltr'><strong>unde</strong></span> <span class='ocrx_word' id='word_1_177' title='bbox 2397 2047 2459 2100; x_wconf 90' lang='lat' dir='ltr'><strong>et</strong></span> <span class='ocrx_word' id='word_1_178' title='bbox 2500 2059 2708 2102; x_wconf 86' lang='lat' dir='ltr'><strong>manus</strong></span> <span class='ocrx_word' id='word_1_179' title='bbox 2752 2061 3016 2121; x_wconf 86' lang='lat' dir='ltr'><strong>oppansa</strong></span> 
     </span>
     <span class='ocr_line' id='line_1_19' title="bbox 433 2141 3013 2223; baseline 0 -20"><span class='ocrx_word' id='word_1_180' title='bbox 433 2142 625 2222; x_wconf 87' lang='lat' dir='ltr'><strong>palma</strong></span> <span class='ocrx_word' id='word_1_181' title='bbox 685 2142 930 2213; x_wconf 89' lang='lat' dir='ltr'><strong>dicitur,</strong></span> <span class='ocrx_word' id='word_1_182' title='bbox 991 2152 1051 2202; x_wconf 88' lang='lat' dir='ltr'><strong>et</strong></span> <span class='ocrx_word' id='word_1_183' title='bbox 1101 2141 1430 2222; x_wconf 82' lang='lat' dir='ltr'><strong>pendentes</strong></span> <span class='ocrx_word' id='word_1_184' title='bbox 1486 2142 1652 2220; x_wconf 87' lang='lat' dir='ltr'><strong>digiti</strong></span> <span class='ocrx_word' id='word_1_185' title='bbox 1707 2142 1940 2223; x_wconf 79' lang='lat' dir='ltr'><strong>dactyli.</strong></span> <span class='ocrx_word' id='word_1_186' title='bbox 2030 2142 2127 2203; x_wconf 88' lang='lat' dir='ltr'><strong>hic</strong></span> <span class='ocrx_word' id='word_1_187' title='bbox 2172 2144 2349 2203; x_wconf 89' lang='lat' dir='ltr'><strong>etiam</strong></span> <span class='ocrx_word' id='word_1_188' title='bbox 2397 2142 2617 2203; x_wconf 88' lang='lat' dir='ltr'><strong>herous</strong></span> <span class='ocrx_word' id='word_1_189' title='bbox 2662 2142 3013 2223; x_wconf 86' lang='lat' dir='ltr'><strong>appellatur,</strong></span> 
     </span>
     <span class='ocr_line' id='line_1_20' title="bbox 436 2243 3017 2324; baseline 0 -18"><span class='ocrx_word' id='word_1_190' title='bbox 436 2264 506 2306; x_wconf 85' lang='lat' dir='ltr'><strong>eo</strong></span> <span class='ocrx_word' id='word_1_191' title='bbox 552 2244 709 2323; x_wconf 90' lang='lat' dir='ltr'><strong>quod</strong></span> <span class='ocrx_word' id='word_1_192' title='bbox 767 2244 1014 2304; x_wconf 89' lang='lat' dir='ltr'><strong>heroum</strong></span> <span class='ocrx_word' id='word_1_193' title='bbox 1073 2262 1172 2304; x_wconf 87' lang='lat' dir='ltr'><strong>res</strong></span> <span class='ocrx_word' id='word_1_194' title='bbox 1239 2253 1297 2304; x_wconf 90' lang='lat' dir='ltr'><strong>et</strong></span> <span class='ocrx_word' id='word_1_195' title='bbox 1352 2246 1503 2305; x_wconf 82' lang='lat' dir='ltr'><strong>facta</strong></span> <span class='ocrx_word' id='word_1_196' title='bbox 1570 2247 1682 2305; x_wconf 91' lang='lat' dir='ltr'><strong>isto</strong></span> <span class='ocrx_word' id='word_1_197' title='bbox 1731 2253 1921 2305; x_wconf 87' lang='lat' dir='ltr'><strong>metro</strong></span> <span class='ocrx_word' id='word_1_198' title='bbox 1968 2252 2303 2306; x_wconf 87' lang='lat' dir='ltr'><strong>narrentur.</strong></span> <span class='ocrx_word' id='word_1_199' title='bbox 2394 2243 2866 2323; x_wconf 76' lang='lat' dir='ltr'><strong>Amphibraclius</strong></span> <span class='ocrx_word' id='word_1_200' title='bbox 2909 2264 3017 2324; x_wconf 89' lang='lat' dir='ltr'><strong>pes</strong></span> 
     </span>
     <span class='ocr_line' id='line_1_21' title="bbox 440 2344 3017 2426; baseline 0 -20"><span class='ocrx_word' id='word_1_201' title='bbox 440 2364 509 2406; x_wconf 85' lang='lat' dir='ltr'><strong>ex</strong></span> <span class='ocrx_word' id='word_1_202' title='bbox 557 2345 775 2426; x_wconf 88' lang='lat' dir='ltr'><strong>quibus</strong></span> <span class='ocrx_word' id='word_1_203' title='bbox 820 2344 1059 2424; x_wconf 82' lang='lat' dir='ltr'><strong>syllabis</strong></span> <span class='ocrx_word' id='word_1_204' title='bbox 1105 2348 1372 2407; x_wconf 76' lang='lat' dir='ltr'><strong>constat?</strong></span> <span class='ocrx_word' id='word_1_205' title='bbox 1419 2346 1505 2405; x_wconf 85' lang='lat' dir='ltr'><strong>Ex</strong></span> <span class='ocrx_word' id='word_1_206' title='bbox 1549 2346 1770 2416; x_wconf 88' lang='lat' dir='ltr'><strong>tribus,</strong></span> <span class='ocrx_word' id='word_1_207' title='bbox 1820 2346 1877 2406; x_wconf 95' lang='lat' dir='ltr'><strong>id</strong></span> <span class='ocrx_word' id='word_1_208' title='bbox 1925 2354 2016 2407; x_wconf 89' lang='lat' dir='ltr'><strong>est</strong></span> <span class='ocrx_word' id='word_1_209' title='bbox 2060 2364 2131 2405; x_wconf 84' lang='lat' dir='ltr'><strong>ex</strong></span> <span class='ocrx_word' id='word_1_210' title='bbox 2180 2344 2343 2405; x_wconf 88' lang='lat' dir='ltr'><strong>brevi</strong></span> <span class='ocrx_word' id='word_1_211' title='bbox 2388 2344 2560 2423; x_wconf 87' lang='lat' dir='ltr'><strong>longa</strong></span> <span class='ocrx_word' id='word_1_212' title='bbox 2610 2355 2668 2406; x_wconf 87' lang='lat' dir='ltr'><strong>et</strong></span> <span class='ocrx_word' id='word_1_213' title='bbox 2712 2345 2906 2415; x_wconf 87' lang='lat' dir='ltr'><strong>brevi,</strong></span> <span class='ocrx_word' id='word_1_214' title='bbox 2956 2358 3017 2408; x_wconf 88' lang='lat' dir='ltr'><strong>ut</strong></span> 
     </span>
     <span class='ocr_line' id='line_1_22' title="bbox 354 2445 3013 2527; baseline 0.001 -22"><span class='ocrx_word' id='word_1_215' title='bbox 354 2464 406 2505; x_wconf 79' lang='lat'><strong>20</strong></span> <span class='ocrx_word' id='word_1_216' title='bbox 434 2447 722 2509; x_wconf 66' lang='lat' dir='ltr'><strong>bonellus</strong></span> <span class='ocrx_word' id='word_1_217' title='bbox 814 2449 973 2519; x_wconf 90' lang='lat' dir='ltr'><strong>Quot</strong></span> <span class='ocrx_word' id='word_1_218' title='bbox 1019 2454 1283 2527; x_wconf 88' lang='lat' dir='ltr'><strong>tempora</strong></span> <span class='ocrx_word' id='word_1_219' title='bbox 1331 2446 1541 2508; x_wconf 66' lang='lat' dir='ltr'><strong>habet?</strong></span> <span class='ocrx_word' id='word_1_220' title='bbox 1614 2449 1919 2519; x_wconf 84' lang='lat' dir='ltr'><strong>Quattuor.</strong></span> <span class='ocrx_word' id='word_1_221' title='bbox 2012 2448 2188 2509; x_wconf 90' lang='lat' dir='ltr'><strong>Cuius</strong></span> <span class='ocrx_word' id='word_1_222' title='bbox 2234 2446 2536 2507; x_wconf 79' lang='lat' dir='ltr'><strong>divisionis</strong></span> <span class='ocrx_word' id='word_1_223' title='bbox 2582 2450 2709 2507; x_wconf 70' lang='lat' dir='ltr'><strong>est?</strong></span> <span class='ocrx_word' id='word_1_224' title='bbox 2768 2445 3013 2517; x_wconf 81' lang='lat' dir='ltr'><strong>Nullius,</strong></span> 
     </span>
     <span class='ocr_line' id='line_1_23' title="bbox 433 2547 3015 2629; baseline -0.001 -17"><span class='ocrx_word' id='word_1_225' title='bbox 433 2553 566 2629; x_wconf 86' lang='lat' dir='ltr'><strong>quia</strong></span> <span class='ocrx_word' id='word_1_226' title='bbox 616 2551 839 2611; x_wconf 86' lang='lat' dir='ltr'><strong>Donato</strong></span> <span class='ocrx_word' id='word_1_227' title='bbox 897 2550 1167 2610; x_wconf 83' lang='lat' dir='ltr'><strong>informis</strong></span> <span class='ocrx_word' id='word_1_228' title='bbox 1223 2555 1281 2609; x_wconf 88' lang='lat' dir='ltr'><strong>et</strong></span> <span class='ocrx_word' id='word_1_229' title='bbox 1334 2548 1669 2610; x_wconf 88' lang='lat' dir='ltr'><strong>inconditus</strong></span> <span class='ocrx_word' id='word_1_230' title='bbox 1723 2550 2032 2611; x_wconf 91' lang='lat' dir='ltr'><strong>iudicatur.</strong></span> <span class='ocrx_word' id='word_1_231' title='bbox 2125 2549 2290 2609; x_wconf 88' lang='lat' dir='ltr'><strong>Vnde</strong></span> <span class='ocrx_word' id='word_1_232' title='bbox 2345 2547 2525 2610; x_wconf 91' lang='lat' dir='ltr'><strong>habet</strong></span> <span class='ocrx_word' id='word_1_233' title='bbox 2567 2548 3015 2629; x_wconf 68' lang='lat' dir='ltr'><strong>etymologiam?</strong></span> 
     </span>
     <span class='ocr_line' id='line_1_24' title="bbox 433 2649 3016 2731; baseline 0 -19"><span class='ocrx_word' id='word_1_234' title='bbox 433 2652 514 2712; x_wconf 83' lang='lat' dir='ltr'><strong>Eo</strong></span> <span class='ocrx_word' id='word_1_235' title='bbox 560 2651 717 2730; x_wconf 89' lang='lat' dir='ltr'><strong>quod</strong></span> <span class='ocrx_word' id='word_1_236' title='bbox 778 2670 848 2711; x_wconf 86' lang='lat' dir='ltr'><strong>ex</strong></span> <span class='ocrx_word' id='word_1_237' title='bbox 906 2657 1156 2730; x_wconf 88' lang='lat' dir='ltr'><strong>utraque</strong></span> <span class='ocrx_word' id='word_1_238' title='bbox 1212 2658 1382 2730; x_wconf 91' lang='lat' dir='ltr'><strong>parte</strong></span> <span class='ocrx_word' id='word_1_239' title='bbox 1439 2650 1677 2712; x_wconf 85' lang='lat' dir='ltr'><strong>brevem</strong></span> <span class='ocrx_word' id='word_1_240' title='bbox 1736 2651 1952 2714; x_wconf 88' lang='lat' dir='ltr'><strong>babeat</strong></span> <span class='ocrx_word' id='word_1_241' title='bbox 2004 2649 2287 2731; x_wconf 86' lang='lat' dir='ltr'><strong>syllabam</strong></span> <span class='ocrx_word' id='word_1_242' title='bbox 2334 2669 2448 2711; x_wconf 91' lang='lat' dir='ltr'><strong>una</strong></span> <span class='ocrx_word' id='word_1_243' title='bbox 2495 2650 2669 2728; x_wconf 90' lang='lat' dir='ltr'><strong>longa</strong></span> <span class='ocrx_word' id='word_1_244' title='bbox 2713 2653 2775 2712; x_wconf 90' lang='lat' dir='ltr'><strong>in</strong></span> <span class='ocrx_word' id='word_1_245' title='bbox 2820 2652 3016 2712; x_wconf 89' lang='lat' dir='ltr'><strong>medio</strong></span> 
     </span>
     <span class='ocr_line' id='line_1_25' title="bbox 434 2751 3017 2835; baseline -0 -20"><span class='ocrx_word' id='word_1_246' title='bbox 434 2756 812 2817; x_wconf 87' lang='lat' dir='ltr'><strong>consistente.</strong></span> <span class='ocrx_word' id='word_1_247' title='bbox 899 2751 1353 2834; x_wconf 82' lang='lat' dir='ltr'><strong>Amphimacrus</strong></span> <span class='ocrx_word' id='word_1_248' title='bbox 1400 2772 1471 2815; x_wconf 83' lang='lat' dir='ltr'><strong>ex</strong></span> <span class='ocrx_word' id='word_1_249' title='bbox 1515 2753 1731 2835; x_wconf 90' lang='lat' dir='ltr'><strong>quibus</strong></span> <span class='ocrx_word' id='word_1_250' title='bbox 1775 2752 2012 2834; x_wconf 86' lang='lat' dir='ltr'><strong>syllabis</strong></span> <span class='ocrx_word' id='word_1_251' title='bbox 2057 2754 2322 2814; x_wconf 82' lang='lat' dir='ltr'><strong>constat?</strong></span> <span class='ocrx_word' id='word_1_252' title='bbox 2398 2751 2481 2814; x_wconf 87' lang='lat' dir='ltr'><strong>Ex</strong></span> <span class='ocrx_word' id='word_1_253' title='bbox 2527 2751 2700 2833; x_wconf 87' lang='lat' dir='ltr'><strong>longa</strong></span> <span class='ocrx_word' id='word_1_254' title='bbox 2746 2752 2912 2815; x_wconf 86' lang='lat' dir='ltr'><strong>brevi</strong></span> <span class='ocrx_word' id='word_1_255' title='bbox 2958 2763 3017 2815; x_wconf 85' lang='lat' dir='ltr'><strong>et</strong></span> 
     </span>
     <span class='ocr_line' id='line_1_26' title="bbox 434 2854 3013 2936; baseline 0 -20"><span class='ocrx_word' id='word_1_256' title='bbox 434 2855 635 2934; x_wconf 88' lang='lat' dir='ltr'><strong>longa,</strong></span> <span class='ocrx_word' id='word_1_257' title='bbox 683 2863 745 2917; x_wconf 91' lang='lat' dir='ltr'><strong>ut</strong></span> <span class='ocrx_word' id='word_1_258' title='bbox 790 2857 1030 2936; x_wconf 87' lang='lat' dir='ltr'><strong>optime.</strong></span> <span class='ocrx_word' id='word_1_259' title='bbox 1122 2857 1279 2928; x_wconf 92' lang='lat' dir='ltr'><strong>Quot</strong></span> <span class='ocrx_word' id='word_1_260' title='bbox 1337 2863 1605 2936; x_wconf 86' lang='lat' dir='ltr'><strong>tempora</strong></span> <span class='ocrx_word' id='word_1_261' title='bbox 1664 2855 1878 2918; x_wconf 81' lang='lat' dir='ltr'><strong>habet?</strong></span> <span class='ocrx_word' id='word_1_262' title='bbox 1938 2856 2231 2933; x_wconf 85' lang='lat' dir='ltr'><strong>Quinque.</strong></span> <span class='ocrx_word' id='word_1_263' title='bbox 2324 2855 2500 2916; x_wconf 89' lang='lat' dir='ltr'><strong>Cuius</strong></span> <span class='ocrx_word' id='word_1_264' title='bbox 2546 2854 2848 2917; x_wconf 86' lang='lat' dir='ltr'><strong>divisionis</strong></span> <span class='ocrx_word' id='word_1_265' title='bbox 2895 2861 3013 2916; x_wconf 75' lang='lat' dir='ltr'><strong>est?</strong></span> 
     </span>
     <span class='ocr_line' id='line_1_27' title="bbox 357 2956 3013 3038; baseline 0.002 -24"><span class='ocrx_word' id='word_1_266' title='bbox 357 2974 409 3014; x_wconf 75' lang='lat'><strong>25</strong></span> <span class='ocrx_word' id='word_1_267' title='bbox 435 2956 766 3038; x_wconf 88' lang='lat' dir='ltr'><strong>Sescuplae.</strong></span> <span class='ocrx_word' id='word_1_268' title='bbox 837 2960 967 3030; x_wconf 90' lang='lat' dir='ltr'><strong>Quo</strong></span> <span class='ocrx_word' id='word_1_269' title='bbox 1001 2957 1212 3018; x_wconf 77' lang='lat' dir='ltr'><strong>modo?</strong></span> <span class='ocrx_word' id='word_1_270' title='bbox 1257 2958 1405 3028; x_wconf 89' lang='lat' dir='ltr'><strong>Quia</strong></span> <span class='ocrx_word' id='word_1_271' title='bbox 1437 2960 1590 3020; x_wconf 85' lang='lat' dir='ltr'><strong>arsis</strong></span> <span class='ocrx_word' id='word_1_272' title='bbox 1626 2957 1806 3020; x_wconf 88' lang='lat' dir='ltr'><strong>habet</strong></span> <span class='ocrx_word' id='word_1_273' title='bbox 1836 2960 1950 3020; x_wconf 91' lang='lat' dir='ltr'><strong>tria</strong></span> <span class='ocrx_word' id='word_1_274' title='bbox 1982 2965 2278 3036; x_wconf 87' lang='lat' dir='ltr'><strong>tempora,</strong></span> <span class='ocrx_word' id='word_1_275' title='bbox 2315 2957 2496 3017; x_wconf 87' lang='lat' dir='ltr'><strong>thesis</strong></span> <span class='ocrx_word' id='word_1_276' title='bbox 2521 2956 2658 3017; x_wconf 91' lang='lat' dir='ltr'><strong>duo.</strong></span> <span class='ocrx_word' id='word_1_277' title='bbox 2728 2957 3013 3038; x_wconf 86' lang='lat' dir='ltr'><strong>Sescupla</strong></span> 
     </span>
     <span class='ocr_line' id='line_1_28' title="bbox 432 3058 3009 3137; baseline -0 -17"><span class='ocrx_word' id='word_1_278' title='bbox 432 3059 618 3137; x_wconf 86' lang='lat' dir='ltr'><strong>qualis</strong></span> <span class='ocrx_word' id='word_1_279' title='bbox 664 3068 754 3121; x_wconf 91' lang='lat' dir='ltr'><strong>est</strong></span> <span class='ocrx_word' id='word_1_280' title='bbox 808 3064 1042 3122; x_wconf 75' lang='lat' dir='ltr'><strong>sermo?</strong></span> <span class='ocrx_word' id='word_1_281' title='bbox 1111 3061 1392 3121; x_wconf 87' lang='lat' dir='ltr'><strong>Graecus.</strong></span> <span class='ocrx_word' id='word_1_282' title='bbox 1484 3060 1633 3132; x_wconf 88' lang='lat' dir='ltr'><strong>Quid</strong></span> <span class='ocrx_word' id='word_1_283' title='bbox 1689 3069 1861 3122; x_wconf 90' lang='lat' dir='ltr'><strong>sonat</strong></span> <span class='ocrx_word' id='word_1_284' title='bbox 1915 3062 1976 3120; x_wconf 89' lang='lat' dir='ltr'><strong>in</strong></span> <span class='ocrx_word' id='word_1_285' title='bbox 2032 3058 2251 3120; x_wconf 82' lang='lat' dir='ltr'><strong>latino?</strong></span> <span class='ocrx_word' id='word_1_286' title='bbox 2341 3061 2529 3119; x_wconf 66' lang='lat' dir='ltr'><strong>Vnum</strong></span> <span class='ocrx_word' id='word_1_287' title='bbox 2572 3066 2630 3120; x_wconf 82' lang='lat' dir='ltr'><strong>et</strong></span> <span class='ocrx_word' id='word_1_288' title='bbox 2686 3059 3009 3120; x_wconf 90' lang='lat' dir='ltr'><strong>dimidium.</strong></span> 
     </span>
     <span class='ocr_line' id='line_1_29' title="bbox 431 3160 3012 3242; baseline 0 -19"><span class='ocrx_word' id='word_1_289' title='bbox 431 3162 820 3234; x_wconf 76' lang='lat' dir='ltr'><strong>Quo‘modo‘?</strong></span> <span class='ocrx_word' id='word_1_290' title='bbox 896 3163 1043 3234; x_wconf 90' lang='lat' dir='ltr'><strong>Quia</strong></span> <span class='ocrx_word' id='word_1_291' title='bbox 1090 3160 1269 3241; x_wconf 89' lang='lat' dir='ltr'><strong>duplo</strong></span> <span class='ocrx_word' id='word_1_292' title='bbox 1318 3180 1499 3222; x_wconf 86' lang='lat' dir='ltr'><strong>unum</strong></span> <span class='ocrx_word' id='word_1_293' title='bbox 1548 3161 1938 3242; x_wconf 88' lang='lat' dir='ltr'><strong>superhabet,</strong></span> <span class='ocrx_word' id='word_1_294' title='bbox 1987 3160 2060 3222; x_wconf 89' lang='lat' dir='ltr'><strong>ab</strong></span> <span class='ocrx_word' id='word_1_295' title='bbox 2106 3179 2295 3239; x_wconf 85' lang='lat' dir='ltr'><strong>aequo</strong></span> <span class='ocrx_word' id='word_1_296' title='bbox 2343 3180 2527 3222; x_wconf 90' lang='lat' dir='ltr'><strong>unum</strong></span> <span class='ocrx_word' id='word_1_297' title='bbox 2572 3163 2770 3222; x_wconf 88' lang='lat' dir='ltr'><strong>minus</strong></span> <span class='ocrx_word' id='word_1_298' title='bbox 2816 3161 3012 3223; x_wconf 88' lang='lat' dir='ltr'><strong>habet.</strong></span> 
     </span>
     <span class='ocr_line' id='line_1_30' title="bbox 433 3261 3010 3343; baseline -0.001 -17"><span class='ocrx_word' id='word_1_299' title='bbox 433 3265 593 3326; x_wconf 89' lang='lat' dir='ltr'><strong>Vnde</strong></span> <span class='ocrx_word' id='word_1_300' title='bbox 639 3264 818 3325; x_wconf 90' lang='lat' dir='ltr'><strong>habet</strong></span> <span class='ocrx_word' id='word_1_301' title='bbox 864 3261 1315 3342; x_wconf 77' lang='lat' dir='ltr'><strong>etymologiam?</strong></span> <span class='ocrx_word' id='word_1_302' title='bbox 1361 3262 1446 3323; x_wconf 87' lang='lat' dir='ltr'><strong>Eo</strong></span> <span class='ocrx_word' id='word_1_303' title='bbox 1492 3263 1650 3341; x_wconf 93' lang='lat' dir='ltr'><strong>quod</strong></span> <span class='ocrx_word' id='word_1_304' title='bbox 1696 3264 1838 3325; x_wconf 89' lang='lat' dir='ltr'><strong>hinc</strong></span> <span class='ocrx_word' id='word_1_305' title='bbox 1880 3264 2018 3325; x_wconf 84' lang='lat' dir='ltr'><strong>inde</strong></span> <span class='ocrx_word' id='word_1_306' title='bbox 2062 3263 2298 3341; x_wconf 87' lang='lat' dir='ltr'><strong>longam</strong></span> <span class='ocrx_word' id='word_1_307' title='bbox 2343 3263 2523 3324; x_wconf 84' lang='lat' dir='ltr'><strong>habet</strong></span> <span class='ocrx_word' id='word_1_308' title='bbox 2567 3262 2850 3343; x_wconf 91' lang='lat' dir='ltr'><strong>syllabam</strong></span> <span class='ocrx_word' id='word_1_309' title='bbox 2897 3284 3010 3325; x_wconf 88' lang='lat' dir='ltr'><strong>una</strong></span> 
     </span>
     <span class='ocr_line' id='line_1_31' title="bbox 431 3364 3012 3450; baseline -0 -23"><span class='ocrx_word' id='word_1_310' title='bbox 431 3366 596 3427; x_wconf 86' lang='lat' dir='ltr'><strong>brevi</strong></span> <span class='ocrx_word' id='word_1_311' title='bbox 642 3368 703 3427; x_wconf 91' lang='lat' dir='ltr'><strong>in</strong></span> <span class='ocrx_word' id='word_1_312' title='bbox 749 3365 944 3427; x_wconf 91' lang='lat' dir='ltr'><strong>medio</strong></span> <span class='ocrx_word' id='word_1_313' title='bbox 989 3366 1392 3426; x_wconf 88' lang='lat' dir='ltr'><strong>interiacente.</strong></span> <span class='ocrx_word' id='word_1_314' title='bbox 1456 3364 1747 3427; x_wconf 87' lang='lat' dir='ltr'><strong>Bacchius</strong></span> <span class='ocrx_word' id='word_1_315' title='bbox 1792 3385 1899 3450; x_wconf 86' lang='lat' dir='ltr'><strong>pes</strong></span> <span class='ocrx_word' id='word_1_316' title='bbox 1946 3385 2017 3426; x_wconf 85' lang='lat' dir='ltr'><strong>ex</strong></span> <span class='ocrx_word' id='word_1_317' title='bbox 2065 3364 2280 3443; x_wconf 88' lang='lat' dir='ltr'><strong>quibus</strong></span> <span class='ocrx_word' id='word_1_318' title='bbox 2325 3364 2568 3446; x_wconf 89' lang='lat' dir='ltr'><strong>syllabis</strong></span> <span class='ocrx_word' id='word_1_319' title='bbox 2614 3367 2881 3426; x_wconf 77' lang='lat' dir='ltr'><strong>constat?</strong></span> <span class='ocrx_word' id='word_1_320' title='bbox 2926 3366 3012 3427; x_wconf 87' lang='lat' dir='ltr'><strong>Ex</strong></span> 
     </span>
     <span class='ocr_line' id='line_1_32' title="bbox 353 3465 3013 3548; baseline 0.002 -24"><span class='ocrx_word' id='word_1_321' title='bbox 353 3485 404 3524; x_wconf 81' lang='lat'><strong>30</strong></span> <span class='ocrx_word' id='word_1_322' title='bbox 432 3467 593 3528; x_wconf 90' lang='lat' dir='ltr'><strong>brevi</strong></span> <span class='ocrx_word' id='word_1_323' title='bbox 639 3475 699 3527; x_wconf 87' lang='lat' dir='ltr'><strong>et</strong></span> <span class='ocrx_word' id='word_1_324' title='bbox 742 3467 968 3528; x_wconf 89' lang='lat' dir='ltr'><strong>duabus</strong></span> <span class='ocrx_word' id='word_1_325' title='bbox 1011 3466 1233 3545; x_wconf 80' lang='lat' dir='ltr'><strong>longiS,</strong></span> <span class='ocrx_word' id='word_1_326' title='bbox 1283 3474 1347 3527; x_wconf 89' lang='lat' dir='ltr'><strong>ut</strong></span> <span class='ocrx_word' id='word_1_327' title='bbox 1391 3466 1566 3527; x_wconf 90' lang='lat' dir='ltr'><strong>beati.</strong></span> <span class='ocrx_word' id='word_1_328' title='bbox 1656 3469 1812 3539; x_wconf 93' lang='lat' dir='ltr'><strong>Quot</strong></span> <span class='ocrx_word' id='word_1_329' title='bbox 1857 3477 2123 3547; x_wconf 85' lang='lat' dir='ltr'><strong>tempora</strong></span> <span class='ocrx_word' id='word_1_330' title='bbox 2170 3465 2382 3526; x_wconf 67' lang='lat' dir='ltr'><strong>babet?</strong></span> <span class='ocrx_word' id='word_1_331' title='bbox 2453 3467 2743 3548; x_wconf 86' lang='lat' dir='ltr'><strong>Quinque.</strong></span> <span class='ocrx_word' id='word_1_332' title='bbox 2834 3468 3013 3530; x_wconf 86' lang='lat' dir='ltr'><strong>Cuius</strong></span> 
     </span>
     <span class='ocr_line' id='line_1_33' title="bbox 428 3567 3013 3648; baseline -0 -17"><span class='ocrx_word' id='word_1_333' title='bbox 428 3570 732 3631; x_wconf 87' lang='lat' dir='ltr'><strong>divisionis</strong></span> <span class='ocrx_word' id='word_1_334' title='bbox 778 3572 898 3630; x_wconf 72' lang='lat' dir='ltr'><strong>est?</strong></span> <span class='ocrx_word' id='word_1_335' title='bbox 973 3568 1319 3647; x_wconf 88' lang='lat' dir='ltr'><strong>Sescuplae;</strong></span> <span class='ocrx_word' id='word_1_336' title='bbox 1376 3570 1524 3629; x_wconf 89' lang='lat' dir='ltr'><strong>arsis</strong></span> <span class='ocrx_word' id='word_1_337' title='bbox 1579 3568 1756 3630; x_wconf 87' lang='lat' dir='ltr'><strong>habet</strong></span> <span class='ocrx_word' id='word_1_338' title='bbox 1813 3568 1929 3630; x_wconf 89' lang='lat' dir='ltr'><strong>duo</strong></span> <span class='ocrx_word' id='word_1_339' title='bbox 1987 3577 2250 3648; x_wconf 87' lang='lat' dir='ltr'><strong>tempora</strong></span> <span class='ocrx_word' id='word_1_340' title='bbox 2298 3575 2356 3628; x_wconf 89' lang='lat' dir='ltr'><strong>et</strong></span> <span class='ocrx_word' id='word_1_341' title='bbox 2401 3567 2583 3630; x_wconf 89' lang='lat' dir='ltr'><strong>thesis</strong></span> <span class='ocrx_word' id='word_1_342' title='bbox 2628 3570 2757 3630; x_wconf 90' lang='lat' dir='ltr'><strong>tria.</strong></span> <span class='ocrx_word' id='word_1_343' title='bbox 2850 3570 3013 3634; x_wconf 86' lang='lat' dir='ltr'><strong>Vnde</strong></span> 
     </span>
     <span class='ocr_line' id='line_1_34' title="bbox 429 3668 3011 3753; baseline 0 -20"><span class='ocrx_word' id='word_1_344' title='bbox 429 3672 608 3733; x_wconf 91' lang='lat' dir='ltr'><strong>habet</strong></span> <span class='ocrx_word' id='word_1_345' title='bbox 653 3671 1103 3753; x_wconf 69' lang='lat' dir='ltr'><strong>etymologiam?</strong></span> <span class='ocrx_word' id='word_1_346' title='bbox 1170 3668 1487 3740; x_wconf 87' lang='lat' dir='ltr'><strong>Bacchius,</strong></span> <span class='ocrx_word' id='word_1_347' title='bbox 1535 3672 1637 3751; x_wconf 89' lang='lat' dir='ltr'><strong>qui</strong></span> <span class='ocrx_word' id='word_1_348' title='bbox 1681 3679 1738 3731; x_wconf 91' lang='lat' dir='ltr'><strong>et</strong></span> <span class='ocrx_word' id='word_1_349' title='bbox 1784 3669 2244 3750; x_wconf 86' lang='lat' dir='ltr'><strong>palimbacchius</strong></span> <span class='ocrx_word' id='word_1_350' title='bbox 2288 3669 2506 3741; x_wconf 82' lang='lat' dir='ltr'><strong>dictuS,</strong></span> <span class='ocrx_word' id='word_1_351' title='bbox 2557 3689 2627 3731; x_wconf 93' lang='lat' dir='ltr'><strong>eo</strong></span> <span class='ocrx_word' id='word_1_352' title='bbox 2673 3671 2829 3752; x_wconf 89' lang='lat' dir='ltr'><strong>quod</strong></span> <span class='ocrx_word' id='word_1_353' title='bbox 2876 3671 3011 3733; x_wconf 90' lang='lat' dir='ltr'><strong>bac-</strong></span> 
     </span>
     <span class='ocr_line' id='line_1_35' title="bbox 430 3770 3013 3854; baseline 0 -20"><span class='ocrx_word' id='word_1_354' title='bbox 430 3774 615 3834; x_wconf 90' lang='lat' dir='ltr'><strong>chicis</strong></span> <span class='ocrx_word' id='word_1_355' title='bbox 669 3775 921 3834; x_wconf 82' lang='lat' dir='ltr'><strong>maxime</strong></span> <span class='ocrx_word' id='word_1_356' title='bbox 977 3773 1285 3832; x_wconf 90' lang='lat' dir='ltr'><strong>conveniat</strong></span> <span class='ocrx_word' id='word_1_357' title='bbox 1339 3770 1637 3842; x_wconf 79' lang='lat' dir='ltr'><strong>cantibuS,</strong></span> <span class='ocrx_word' id='word_1_358' title='bbox 1708 3772 1797 3833; x_wconf 91' lang='lat' dir='ltr'><strong>vel</strong></span> <span class='ocrx_word' id='word_1_359' title='bbox 1855 3774 1990 3854; x_wconf 85' lang='lat' dir='ltr'><strong>quia</strong></span> <span class='ocrx_word' id='word_1_360' title='bbox 2045 3773 2175 3851; x_wconf 88' lang='lat' dir='ltr'><strong>ipso</strong></span> <span class='ocrx_word' id='word_1_361' title='bbox 2231 3771 2383 3851; x_wconf 88' lang='lat' dir='ltr'><strong>pede</strong></span> <span class='ocrx_word' id='word_1_362' title='bbox 2440 3772 2725 3843; x_wconf 87' lang='lat' dir='ltr'><strong>Bacchia,</strong></span> <span class='ocrx_word' id='word_1_363' title='bbox 2797 3774 2856 3834; x_wconf 93' lang='lat' dir='ltr'><strong>id</strong></span> <span class='ocrx_word' id='word_1_364' title='bbox 2925 3783 3013 3835; x_wconf 88' lang='lat' dir='ltr'><strong>est</strong></span> 
     </span>
     <span class='ocr_line' id='line_1_36' title="bbox 429 3873 3009 3946; baseline -0 -10"><span class='ocrx_word' id='word_1_365' title='bbox 429 3875 628 3937; x_wconf 89' lang='lat' dir='ltr'><strong>Liberi</strong></span> <span class='ocrx_word' id='word_1_366' title='bbox 684 3893 881 3945; x_wconf 91' lang='lat' dir='ltr'><strong>sacra,</strong></span> <span class='ocrx_word' id='word_1_367' title='bbox 949 3873 1342 3935; x_wconf 87' lang='lat' dir='ltr'><strong>celebrantur.</strong></span> <span class='ocrx_word' id='word_1_368' title='bbox 1436 3874 1578 3946; x_wconf 89' lang='lat' dir='ltr'><strong>Quis</strong></span> <span class='ocrx_word' id='word_1_369' title='bbox 1636 3881 1725 3935; x_wconf 89' lang='lat' dir='ltr'><strong>est</strong></span> <span class='ocrx_word' id='word_1_370' title='bbox 1790 3876 1885 3936; x_wconf 90' lang='lat' dir='ltr'><strong>isti</strong></span> <span class='ocrx_word' id='word_1_371' title='bbox 1953 3875 2323 3936; x_wconf 78' lang='lat' dir='ltr'><strong>contrarius?</strong></span> <span class='ocrx_word' id='word_1_372' title='bbox 2398 3873 2835 3937; x_wconf 81' lang='lat' dir='ltr'><strong>Antibacchius.</strong></span> <span class='ocrx_word' id='word_1_373' title='bbox 2926 3877 3009 3937; x_wconf 87' lang='lat' dir='ltr'><strong>Ex</strong></span> 
     </span>
     <span class='ocr_line' id='line_1_37' title="bbox 351 3974 3011 4057; baseline 0.001 -22"><span class='ocrx_word' id='word_1_374' title='bbox 351 3996 404 4036; x_wconf 78' lang='lat'><strong>³5</strong></span> <span class='ocrx_word' id='word_1_375' title='bbox 430 3976 645 4055; x_wconf 87' lang='lat' dir='ltr'><strong>quibus</strong></span> <span class='ocrx_word' id='word_1_376' title='bbox 690 3975 930 4057; x_wconf 86' lang='lat' dir='ltr'><strong>syllabis</strong></span> <span class='ocrx_word' id='word_1_377' title='bbox 976 3977 1243 4037; x_wconf 75' lang='lat' dir='ltr'><strong>constat?</strong></span> <span class='ocrx_word' id='word_1_378' title='bbox 1316 3976 1401 4037; x_wconf 85' lang='lat' dir='ltr'><strong>Ex</strong></span> <span class='ocrx_word' id='word_1_379' title='bbox 1458 3974 1687 4037; x_wconf 90' lang='lat' dir='ltr'><strong>duabus</strong></span> <span class='ocrx_word' id='word_1_380' title='bbox 1742 3975 1934 4056; x_wconf 86' lang='lat' dir='ltr'><strong>longis</strong></span> <span class='ocrx_word' id='word_1_381' title='bbox 1992 3985 2049 4037; x_wconf 91' lang='lat' dir='ltr'><strong>et</strong></span> <span class='ocrx_word' id='word_1_382' title='bbox 2106 3976 2296 4045; x_wconf 89' lang='lat' dir='ltr'><strong>brevi,</strong></span> <span class='ocrx_word' id='word_1_383' title='bbox 2355 3986 2420 4037; x_wconf 93' lang='lat' dir='ltr'><strong>ut</strong></span> <span class='ocrx_word' id='word_1_384' title='bbox 2464 3975 2764 4038; x_wconf 88' lang='lat' dir='ltr'><strong>barbatus.</strong></span> <span class='ocrx_word' id='word_1_385' title='bbox 2856 3977 3011 4049; x_wconf 88' lang='lat' dir='ltr'><strong>Quot</strong></span> 
     </span>
     <span class='ocr_line' id='line_1_38' title="bbox 427 4071 3011 4159; baseline -0 -20"><span class='ocrx_word' id='word_1_386' title='bbox 427 4091 694 4159; x_wconf 88' lang='lat' dir='ltr'><strong>tempora</strong></span> <span class='ocrx_word' id='word_1_387' title='bbox 740 4078 950 4139; x_wconf 84' lang='lat' dir='ltr'><strong>habet?</strong></span> <span class='ocrx_word' id='word_1_388' title='bbox 997 4078 1286 4159; x_wconf 86' lang='lat' dir='ltr'><strong>Quinque.</strong></span> <span class='ocrx_word' id='word_1_389' title='bbox 1350 4078 1529 4139; x_wconf 91' lang='lat' dir='ltr'><strong>Cuius</strong></span> <span class='ocrx_word' id='word_1_390' title='bbox 1564 4077 1864 4139; x_wconf 88' lang='lat' dir='ltr'><strong>divisionis</strong></span> <span class='ocrx_word' id='word_1_391' title='bbox 1911 4083 2036 4140; x_wconf 72' lang='lat' dir='ltr'><strong>est?</strong></span> <span class='ocrx_word' id='word_1_392' title='bbox 2082 4071 2422 4158; x_wconf 75' lang='lat' dir='ltr'><strong>Sescuplae.</strong></span> <span class='ocrx_word' id='word_1_393' title='bbox 2483 4079 2647 4139; x_wconf 92' lang='lat' dir='ltr'><strong>Vnde</strong></span> <span class='ocrx_word' id='word_1_394' title='bbox 2678 4078 2856 4139; x_wconf 87' lang='lat' dir='ltr'><strong>habet</strong></span> <span class='ocrx_word' id='word_1_395' title='bbox 2889 4085 3011 4158; x_wconf 88' lang='lat' dir='ltr'><strong>ety-</strong></span> 
     </span>
    </p>
   </div>
   <div class='ocr_carea' id='block_1_2' title="bbox 428 4172 3004 4321">
    <p class='ocr_par' dir='ltr' id='par_1_5' title="bbox 428 4172 3004 4321">
     <span class='ocr_line' id='line_1_39' title="bbox 428 4172 3004 4262; baseline -0 -19"><span class='ocrx_word' id='word_1_396' title='bbox 428 4182 784 4262; x_wconf 78' lang='lat' dir='ltr'><strong>mologiam?</strong></span> <span class='ocrx_word' id='word_1_397' title='bbox 827 4182 911 4242; x_wconf 87' lang='lat' dir='ltr'><strong>Eo</strong></span> <span class='ocrx_word' id='word_1_398' title='bbox 943 4180 1098 4261; x_wconf 92' lang='lat' dir='ltr'><strong>quod</strong></span> <span class='ocrx_word' id='word_1_399' title='bbox 1131 4181 1463 4241; x_wconf 86' lang='lat' dir='ltr'><strong>contrarius</strong></span> <span class='ocrx_word' id='word_1_400' title='bbox 1491 4182 1569 4241; x_wconf 91' lang='lat' dir='ltr'><strong>sit</strong></span> <span class='ocrx_word' id='word_1_401' title='bbox 1597 4180 1873 4242; x_wconf 85' lang='lat' dir='ltr'><strong>bacchio:</strong></span> <span class='ocrx_word' id='word_1_402' title='bbox 1920 4172 2078 4241; x_wconf 79' lang='grc' dir='ltr'><em>ἀντί</em></span> <span class='ocrx_word' id='word_1_403' title='bbox 2101 4182 2256 4243; x_wconf 88' lang='lat' dir='ltr'><strong>enim</strong></span> <span class='ocrx_word' id='word_1_404' title='bbox 2288 4199 2500 4260; x_wconf 89' lang='lat' dir='ltr'><strong>graece</strong></span> <span class='ocrx_word' id='word_1_405' title='bbox 2534 4190 2739 4242; x_wconf 91' lang='lat' dir='ltr'><strong>contra</strong></span> <span class='ocrx_word' id='word_1_406' title='bbox 2771 4181 3004 4242; x_wconf 87' lang='lat' dir='ltr'><strong>dicitur.</strong></span> 
     </span>
     <span class='ocr_line' id='line_1_40' title="bbox 1539 4279 1901 4321; baseline 0 -2"><span class='ocrx_word' id='word_1_407' title='bbox 1539 4282 1575 4321; x_wconf 59' lang='grc' dir='ltr'><strong>δὲ</strong></span> <span class='ocrx_word' id='word_1_408' title='bbox 1702 4279 1738 4316; x_wconf 57' lang='grc' dir='ltr'><strong>ὃ·</strong></span> <span class='ocrx_word' id='word_1_409' title='bbox 1865 4282 1901 4321; x_wconf 75' lang='grc'>*</span> 
     </span>
    </p>
   </div>
   <div class='ocr_carea' id='block_1_3' title="bbox 599 4418 3012 4619">
    <p class='ocr_par' dir='ltr' id='par_1_6' title="bbox 599 4418 3012 4619">
     <span class='ocr_line' id='line_1_41' title="bbox 1405 4418 2024 4480; baseline 0 -1"><span class='ocrx_word' id='word_1_410' title='bbox 1405 4418 1501 4480; x_wconf 87' lang='lat' dir='ltr'><strong>DE</strong></span> <span class='ocrx_word' id='word_1_411' title='bbox 1546 4418 2024 4480; x_wconf 82' lang='lat' dir='ltr'><strong>BARBARISMO</strong></span> 
     </span>
     <span class='ocr_line' id='line_1_42' title="bbox 599 4499 3012 4619; baseline 0 -21"><span class='ocrx_word' id='word_1_412' title='bbox 599 4539 745 4598; x_wconf 88' lang='lat' dir='ltr'><strong>ltem</strong></span> <span class='ocrx_word' id='word_1_413' title='bbox 800 4499 1229 4608; x_wconf 85' lang='lat' dir='ltr'><strong>barbarismus,</strong></span> <span class='ocrx_word' id='word_1_414' title='bbox 1290 4540 1394 4618; x_wconf 92' lang='lat' dir='ltr'><strong>qui</strong></span> <span class='ocrx_word' id='word_1_415' title='bbox 1439 4537 1717 4617; x_wconf 91' lang='lat' dir='ltr'><strong>bipartito</strong></span> <span class='ocrx_word' id='word_1_416' title='bbox 1764 4523 1939 4599; x_wconf 89' lang='lat' dir='ltr'><strong>modo</strong></span> <span class='ocrx_word' id='word_1_417' title='bbox 1984 4539 2076 4608; x_wconf 82' lang='lat' dir='ltr'><strong>fit,</strong></span> <span class='ocrx_word' id='word_1_418' title='bbox 2134 4538 2194 4600; x_wconf 92' lang='lat' dir='ltr'><strong>id</strong></span> <span class='ocrx_word' id='word_1_419' title='bbox 2243 4547 2334 4598; x_wconf 90' lang='lat' dir='ltr'><strong>est</strong></span> <span class='ocrx_word' id='word_1_420' title='bbox 2379 4541 2600 4619; x_wconf 87' lang='lat' dir='ltr'><strong>scripto</strong></span> <span class='ocrx_word' id='word_1_421' title='bbox 2647 4546 2706 4601; x_wconf 91' lang='lat' dir='ltr'><strong>et</strong></span> <span class='ocrx_word' id='word_1_422' title='bbox 2748 4556 3012 4618; x_wconf 86' lang='lat' dir='ltr'><strong>pronun-</strong></span> 
     </span>
    </p>
   </div>
   <div class='ocr_carea' id='block_1_4' title="bbox 427 4735 3007 4881">
    <p class='ocr_par' dir='ltr' id='par_1_7' title="bbox 427 4735 3007 4881">
     <span class='ocr_line' id='line_1_43' title="bbox 566 4735 3007 4810; baseline 0 -19"><span class='ocrx_word' id='word_1_423' title='bbox 566 4745 597 4791; x_wconf 81' lang='lat'>2</span> <span class='ocrx_word' id='word_1_424' title='bbox 631 4736 833 4809; x_wconf 76' lang='grc' dir='ltr'>βραχύ]</span> <span class='ocrx_word' id='word_1_425' title='bbox 868 4744 1064 4793; x_wconf 82' lang='lat' dir='ltr'><strong>braxim</strong></span> <span class='ocrx_word' id='word_1_426' title='bbox 1092 4744 1134 4793; x_wconf 82' lang='lat' dir='ltr'><em>R</em></span> <span class='ocrx_word' id='word_1_427' title='bbox 1279 4743 1337 4794; x_wconf 94' lang='lat'><strong>11</strong></span> <span class='ocrx_word' id='word_1_428' title='bbox 1376 4758 1474 4808; x_wconf 85' lang='lat' dir='ltr'><strong>apo</strong></span> <span class='ocrx_word' id='word_1_429' title='bbox 1505 4749 1559 4792; x_wconf 89' lang='lat' dir='ltr'><strong>tu</strong></span> <span class='ocrx_word' id='word_1_430' title='bbox 1599 4743 1867 4810; x_wconf 81' lang='lat' dir='ltr'><strong>nignidion</strong></span> <span class='ocrx_word' id='word_1_431' title='bbox 1896 4742 2131 4808; x_wconf 84' lang='lat' dir='ltr'><strong>dactylon</strong></span> <span class='ocrx_word' id='word_1_432' title='bbox 2168 4744 2213 4794; x_wconf 76' lang='lat' dir='ltr'><em>R</em></span> <span class='ocrx_word' id='word_1_433' title='bbox 2356 4744 2419 4794; x_wconf 82' lang='lat'><strong>15</strong></span> <span class='ocrx_word' id='word_1_434' title='bbox 2454 4745 2582 4793; x_wconf 82' lang='lat' dir='ltr'><strong>duas</strong></span> <span class='ocrx_word' id='word_1_435' title='bbox 2611 4742 2659 4792; x_wconf 79' lang='lat' dir='ltr'><em>R</em></span> <span class='ocrx_word' id='word_1_436' title='bbox 2744 4735 2758 4746; x_wconf 85' lang='grc'><em>“</em></span> <span class='ocrx_word' id='word_1_437' title='bbox 2802 4742 2864 4793; x_wconf 91' lang='grc'><strong>17</strong></span> <span class='ocrx_word' id='word_1_438' title='bbox 2902 4740 3007 4808; x_wconf 89' lang='lat' dir='ltr'><strong>hic]</strong></span> 
     </span>
     <span class='ocr_line' id='line_1_44' title="bbox 427 4807 2856 4881; baseline -0 -19"><span class='ocrx_word' id='word_1_439' title='bbox 427 4812 546 4862; x_wconf 84' lang='lat' dir='ltr'><strong>hinc</strong></span> <span class='ocrx_word' id='word_1_440' title='bbox 582 4813 627 4864; x_wconf 71' lang='lat'><strong>13</strong></span> <span class='ocrx_word' id='word_1_441' title='bbox 766 4814 831 4863; x_wconf 84' lang='lat'><strong>21</strong></span> <span class='ocrx_word' id='word_1_442' title='bbox 870 4812 1089 4881; x_wconf 80' lang='lat' dir='ltr'><strong>Donato]</strong></span> <span class='ocrx_word' id='word_1_443' title='bbox 1122 4830 1179 4880; x_wconf 81' lang='lat' dir='ltr'><strong>p.</strong></span> <span class='ocrx_word' id='word_1_444' title='bbox 1219 4813 1339 4879; x_wconf 87' lang='lat'><strong>370,</strong></span> <span class='ocrx_word' id='word_1_445' title='bbox 1379 4814 1442 4864; x_wconf 82' lang='lat'><strong>31</strong></span> <span class='ocrx_word' id='word_1_446' title='bbox 1589 4813 1655 4864; x_wconf 80' lang='lat'><strong>26</strong></span> <span class='ocrx_word' id='word_1_447' title='bbox 1694 4828 1851 4863; x_wconf 88' lang='lat' dir='ltr'><strong>unum</strong></span> <span class='ocrx_word' id='word_1_448' title='bbox 1890 4822 1938 4863; x_wconf 89' lang='lat' dir='ltr'><strong>et</strong></span> <span class='ocrx_word' id='word_1_449' title='bbox 1967 4828 2059 4864; x_wconf 86' lang='lat' dir='ltr'><strong>om.</strong></span> <span class='ocrx_word' id='word_1_450' title='bbox 2098 4813 2144 4863; x_wconf 76' lang='lat' dir='ltr'><em>R</em></span> <span class='ocrx_word' id='word_1_451' title='bbox 2283 4812 2348 4862; x_wconf 83' lang='lat'><strong>37</strong></span> <span class='ocrx_word' id='word_1_452' title='bbox 2380 4814 2483 4864; x_wconf 89' lang='lat' dir='ltr'><strong>anti</strong></span> <span class='ocrx_word' id='word_1_453' title='bbox 2525 4814 2658 4862; x_wconf 87' lang='lat' dir='ltr'><strong>enim</strong></span> <span class='ocrx_word' id='word_1_454' title='bbox 2691 4811 2738 4861; x_wconf 78' lang='lat' dir='ltr'><em>R</em></span> <span class='ocrx_word' id='word_1_455' title='bbox 2840 4807 2856 4820; x_wconf 70' lang='lat'><strong>⁹</strong></span> 
     </span>
    </p>
   </div>
   <div class='ocr_carea' id='block_1_5' title="bbox 2477 4897 2606 4961">
    <p class='ocr_par' dir='ltr' id='par_1_8' title="bbox 2477 4897 2606 4961">
     <span class='ocr_line' id='line_1_45' title="bbox 2477 4897 2606 4961; baseline 0.008 -1"><span class='ocrx_word' id='word_1_456' title='bbox 2477 4897 2606 4961; x_wconf 75' lang='lat'><strong>21*</strong></span> 
     </span>
    </p>
   </div>
  </div>
 </body>
</html>
