3541 5564
1324 1362 2025 1459 CONSENTII

1555 1584 1795 1663 ARS

1065 1770 1209 1852 DE
1271 1770 1683 1853 NOMINE
1746 1770 1877 1850 ET
1939 1770 2290 1854 VERBO
2328 1814 2353 1825 “

714 1957 858 2039 DE
921 1954 1643 2042 BARBARISMIS
1705 1956 1836 2036 ET
1860 1955 2635 2083 ⁸ME'I'APLASMIS

1509 2191 1841 2200 -ῌ-

557 2343 636 2408 In
692 2343 948 2409 duobus
1009 2342 1346 2406 Consentii
1400 2340 1584 2405 libris
1642 2351 1774 2405 tres
1843 2340 2123 2405 adhibiti
2191 2352 2344 2406 sunt
2396 2342 2656 2407 codices
2713 2341 2970 2408 saeculo

391 2444 642 2510 decimo
688 2445 950 2530 scripti,
995 2443 1406 2507 Monacensis
1457 2442 1681 2523 14666,
1728 2443 1841 2527 qui
1885 2443 2013 2506 fuit
2057 2441 2209 2508 olim
2254 2444 2759 2509 Ratisbonensis
2805 2446 2975 2509 Em-

389 2567 715 2610 meramus
774 2545 836 2610 G
880 2545 995 2624 50,
1053 2546 1303 2609 formae
1362 2544 1721 2629 quadratae
1779 2544 2044 2607 minoris
2105 2544 2264 2627 (M);
2324 2544 2674 2609 Bernensis
2718 2546 2845 2609 432
2891 2569 2976 2610 ex

390 2647 766 2710 Miciacensi
820 2647 1215 2710 monasterio
1273 2667 1475 2731 prope
1533 2644 1967 2708 Aurelianum
2023 2646 2149 2709 sito
2208 2644 2358 2709 olim
2417 2646 2715 2710 sublatus
2728 2696 2746 2727 ‚
2806 2649 2976 2711 sicut

391 2749 677 2834 probant
733 2748 895 2811 haec
950 2769 1116 2833 quae
1173 2748 1238 2810 in
1296 2745 1423 2810 fine
1478 2744 1721 2810 codicis
1780 2745 2045 2832 antiqua
2101 2769 2298 2810 manu
2355 2749 2601 2833 scripta
2645 2758 2830 2832 sunt,
2876 2754 2975 2813 hic

392 2863 479 2914 est
533 2856 686 2915 liber
738 2857 935 2913 sancti
985 2855 1311 2914 maximini
1361 2839 1752 2911 miciacemsi's
1807 2855 2159 2912 monasterii
2214 2871 2387 2927 quem
2441 2857 2496 2913 si
2548 2856 2681 2928 quis
2735 2856 2811 2913 de
2864 2857 2976 2914 islo

390 2958 522 3016 loco
567 3000 581 3015 .
620 2999 635 3014 .
671 2999 686 3013 .
724 2999 771 3022 .,
831 2959 1064 3035 postea
1121 2949 1331 3013 factus
1389 2946 1774 3032 Bongarsii‚
1834 2949 2019 3012 cuius
2076 2972 2310 3014 nomen
2354 2952 2420 3013 in
2480 2952 2689 3036 prima
2733 2953 2977 3037 pagina

392 3053 703 3137 scriptum
749 3061 879 3132 est,
927 3051 1176 3116 formae
1220 3050 1581 3135 quadratae
1618 3049 1767 3141 (B)3
1821 3049 2166 3114 Leidensis
2199 3052 2309 3136 qui
2355 3061 2455 3115 est
2498 3053 2669 3116 inter
2712 3052 2971 3117 codices

390 3153 753 3218 Vossianos
798 3153 1047 3216 formae
1092 3151 1358 3216 minoris
1404 3175 1465 3214 n.
1497 3151 1575 3214 37
1613 3151 1749 3235 (L).
1811 3173 1893 3214 cx
1923 3152 2024 3214 his
2059 3174 2224 3215 unus
2256 3151 2670 3217 Monacensis
2714 3164 2978 3218 utrum—

394 3278 517 3341 que
561 3254 895 3319 Consentii
940 3252 1180 3317 librum
1227 3254 1541 3331 continet,
1589 3252 1638 3314 f.
1688 3253 1718 3313 1
1768 3259 1989 3332 incipit
2031 3274 2137 3315 ars
2180 3261 2616 3318 consentii.u.0.
2667 3260 2742 3319 de
2777 3263 2977 3335 parti-

394 3362 500 3421 bus
544 3363 838 3421 orationis
885 3355 896 3440 1
946 3360 1161 3419 Partes
1218 3360 1511 3417 orationis
1551 3389 1639 3399 —
1683 3353 1726 3416 f.
1770 3354 1901 3417 39*
1938 3343 2163 3429 sontes,
2210 3361 2463 3433 explicit
2506 3357 2749 3420 maiore
2792 3367 2979 3443 parte

394 3459 673 3544 paginae
718 3478 927 3521 vacua
970 3454 1224 3519 relicta.
1306 3454 1351 3517 f.
1399 3455 1483 3517 40
1537 3462 1748 3534 incipit
1792 3476 1898 3518 ars
1940 3463 2233 3519 consentii
2276 3478 2413 3520 .u.c.
2475 3463 2549 3520 de
2592 3464 2981 3522 barbarismis

395 3572 452 3623 et
497 3564 904 3638 metaplasmis
940 3558 951 3644 l
999 3563 1387 3621 Barbarismi
1425 3595 1508 3602 —
1555 3555 1597 3618 f.
1644 3556 1778 3620 55*
1822 3562 2198 3620 intuebimur.
2254 3564 2522 3636 explicit.
2569 3560 2782 3645 prima
2825 3582 2978 3645 pars

396 3660 639 3725 codicis
682 3681 892 3745 usque
937 3658 1023 3722 ad
1067 3681 1131 3743 p.
1163 3658 1334 3722 2030
1376 3663 1487 3721 boc
1516 3664 1712 3721 torale
1756 3663 1871 3721 hoc
1914 3670 2150 3722 soracte
2193 3658 2323 3721 alia
2368 3683 2561 3723 manu
2608 3681 2685 3723 ac
2729 3661 2982 3747 reliqua

399 3761 647 3846 scripta
713 3770 833 3824 est.
922 3781 1038 3845 per
1104 3769 1310 3825 totum
1378 3759 1669 3824 codicem
1738 3768 1954 3822 autem
2011 3760 2326 3844 quaedam
2385 3782 2512 3823 non
2571 3761 2773 3826 multo
2832 3771 2982 3847 post

401 3873 686 3927 veterem
732 3860 1159 3946 scripturam,
1209 3871 1281 3924 ut
1323 3860 1616 3940 videtur,
1663 3859 1891 3924 addita
1934 3861 2039 3924 vel
2084 3870 2375 3925 correcta
2419 3873 2599 3943 sunt,
2657 3884 2824 3947 quae
2869 3863 2981 3926 ubi

399 3961 960 4027 commemoranda
1003 3983 1145 4024 esse
1190 3961 1587 4026 videbantur
1629 3982 1684 4024 m
1730 3959 1952 4025 littera
1998 3962 2328 4049 adscripta
2371 3964 2678 4027 indicavi.
2772 3963 2983 4027 codex

402 4064 749 4128 Bernensis
794 4061 1034 4126 librum
1080 4061 1160 4125 de
1216 4063 1478 4127 nomine
1533 4072 1598 4125 et
1641 4063 1845 4126 verbo
1892 4062 2216 4144 continet,
2264 4063 2309 4127 f.
2364 4068 2393 4127 1
2442 4072 2656 4143 incipit
2697 4086 2802 4127 ars
2844 4085 2981 4127 con·

401 4173 576 4230 sentia·
613 4172 740 4230 uiri
780 4171 942 4228 clari
985 4163 996 4249 l
1039 4169 1119 4225 ῖιῖ·
1163 4170 1363 4242 quinti
1400 4169 1659 4226 consulis
1708 4165 1951 4244 [quinqt
2000 4167 2288 4256 ciuilqtael]
2332 4172 2341 4241 Ι
2390 4171 2465 4227 de
2509 4172 2699 4229 duab:
2738 4169 2979 4244 parlib3

404 4273 697 4332 orationis
739 4273 882 4330 nor—n·
930 4278 987 4328 et
1028 4268 1211 4328 uerbo
1259 4263 1269 4349 Ι
1310 4269 1523 4326 Partes
1567 4270 1859 4326 orationis
1909 4302 1976 4309 —
2028 4266 2073 4326 f.
2120 4265 2205 4328 30
2240 4270 2462 4341 sontes.
2512 4288 2721 4351 pauca
2763 4267 2830 4327 in
2876 4287 2981 4328 ve-

404 4380 540 4434 tere
597 4368 922 4453 scriptura
974 4376 1264 4430 correcta
1319 4374 1504 4442 sunt,
1562 4364 1630 4424 in
1688 4363 1925 4448 quibus
1981 4363 2363 4450 plerumque
2416 4389 2544 4430 non
2600 4368 2760 4432 satis
2806 4374 2983 4429 certo

405 4470 786 4534 correctoris
835 4490 1065 4532 manus
1113 4466 1196 4530 ab
1240 4467 1384 4551 ipso
1429 4462 1697 4527 librario
1745 4463 2029 4528 discerni
2074 4476 2308 4551 potest.
2371 4478 2519 4552 post
2564 4468 2985 4532 Consentium

408 4571 654 4657 scripta
684 4579 834 4632 sunt
862 4570 1045 4649 haec,
1092 4570 1139 4631 f.
1173 4564 1501 4630 30*—35*
1531 4566 1837 4648 Agroecii
1880 4588 1986 4630 ars
2033 4566 2113 4630 dc
2156 4567 2649 4654 orthographia,
2697 4569 2746 4632 f.
2779 4570 2985 4632 35*—

405 4672 490 4735 46
533 4669 856 4734 Prisciani
903 4670 1229 4733 institutio
1276 4668 1356 4731 de
1402 4666 1659 4731 nomine
1705 4677 1770 4730 ct
1815 4668 2193 4752 pronomine
2239 4679 2304 4732 et
2347 4669 2568 4750 verbO,
2618 4669 2661 4731 f.
2695 4667 2991 4732 46—49*

410 4772 623 4877 Seffvii
669 4772 750 4835 de
795 4769 1035 4834 ultimis
1083 4768 1356 4856 syllabis
1403 4768 1569 4832 liber
1613 4790 1677 4853 p.
1728 4770 2154 4834 1809-1816
2198 4769 2250 4832 P
2299 4770 2405 4853 (cf.
2458 4770 2587 4834 vol.
2638 4769 2733 4832 IV
2782 4770 2985 4855 praef.

513 4879 867 4922 GRAMMATlct
901 4879 1079 4919 LATIN!
1109 4878 1165 4921 V.
2504 4871 2585 4934 22
