3541 5564
1225 278 1618 339 Excssnr‘m
1668 238 2018 338 PAm‘smA
2069 278 2198 338 xlx
2876 258 3028 335 623·

2593 396 2635 436 p.
2665 384 2780 425 2760.
2809 386 2855 423 61
2886 381 2931 422 Ρ.

426 468 581 528 unde
638 486 786 546 quae
846 469 908 526 in
966 486 1050 545 ην
1096 466 1399 534 desinunt,
1461 473 1523 524 ut
1567 464 1686 544 ζῆν
1730 464 1971 544 πεινῆν
2016 461 2243 542 διψῆν,
2301 483 2416 524 ιιοιι
2464 473 2599 524 sunt
2643 465 2997 530 communia,

424 570 527 630 sed
583 570 808 638 dorica,
873 576 935 628 ut
987 561 1174 646 ὁρῆν.
1265 567 1531 627 eiusdem
1587 573 1724 627 sunt
1781 566 2014 627 dialecti
2072 575 2129 625 et
2183 585 2330 645 quae
2393 567 2451 624 in
2508 583 2581 624 εν
2625 573 2868 634 exeunt,
2937 572 3001 622 ut

423 664 556 732 άπὸ
601 669 723 731 τοῦ
786 677 973 729 νοεῖν
1026 666 1183 731 νοέν
1227 679 1286 729 et
1329 656 1460 728 άπὸ
1503 668 1626 728 τοῦ
1671 665 2133 748 δασμηφορεῖν
2178 661 2640 747 δασμηφορέν;
2699 667 2836 726 lieet
2882 669 3001 726 sint

428 783 487 833 et
531 775 865 834 colmnunia
910 774 973 832 in
1020 790 1112 841 εν,
1161 772 1261 831 sed
1310 773 1673 848 integritatis
1718 772 2092 832 extremitate
2125 772 2410 850 praecisa,
2460 775 2524 828 ιιι
2568 778 2657 827 est
2701 760 2831 827 άπὸ
2877 766 3000 826 τοῦ

372 891 397 927 5
424 874 651 956 ἔμεναι
694 872 876 954 ἔμεν,
922 866 1052 933 άπὸ
1097 872 1217 933 τοῦ
1264 868 1541 953 δόμεναι
1572 868 1794 953 δόμεν.
1871 875 2120 952 perfecti
2157 874 2454 951 'temporis
2483 872 2788 931 indicativi
2820 870 2999 930 Grae·

423 996 626 1037 eorum
672 977 846 1035 tertia
897 994 1144 1054 persona
1190 977 1290 1034 [ini
1337 993 1444 1034 suo
1481 975 1709 1035 adiecta
1754 994 1867 1034 ναι
1898 974 2117 1053 syllaba
2151 976 2361 1034 transit
2407 976 2467 1033 in
2499 965 2996 1052 άπαρέμφατον,

422 1076 743 1157 πεποίηκε
787 1073 1254 1156 πεποιηκέναι,
1313 1073 1535 1155 λέλεχε
1580 1072 1938 1155 λελεχέναι.
2025 1076 2218 1135 Latini
2266 1078 2489 1155 primae
2535 1093 2818 1153 personae
2865 1090 3001 1153 per·
3030 1084 3123 1132 163
3148 1082 3209 1130 V.

422 1182 562 1240 secti
609 1179 831 1239 addunt
874 1180 1235 1256 geminatum
1279 1199 1337 1238 ss
1383 1186 1443 1238 et
1486 1199 1536 1247 e,
1585 1178 1705 1238 dixi
1763 1178 2005 1237 dixisse.
2096 1178 2302 1237 Graeci
2353 1177 2360 1257 l
2408 1170 2850 1256 άπαρέμφατα
2896 1195 2998 1235 sua

422 1284 609 1342 activa
656 1284 717 1341 in
763 1300 830 1339 αι
875 1280 1205 1340 desinentia
1250 1300 1358 1360 per
1402 1300 1609 1340 omnes
1661 1280 2043 1340 semivocales
2102 1280 2330 1339 litteras
2394 1281 2707 1358 proferunt
2752 1285 2998 1356 excepto

349 1384 486 1460 ιοζ,
534 1382 786 1444 στεῖλαι
841 1388 1061 1462 νεῖμαι
1105 1382 1346 1461 χρῆναι
1402 1389 1670 1461 σπεῖραι
1722 1380 1964 1459 νοῆσαι
2008 1376 2187 1454 λέξαι
2230 1376 2510 1459 γράψαι;
2571 1387 2814 1458 excepta
2862 1386 2999 1439 sunt

423 1475 603 1544 εἶπαι
658 1480 769 1544 καὶ
828 1479 1129 1562 ἐνέγκαι,
1186 1504 1336 1564 quae
1382 1485 1504 1544 sola
1549 1503 1663 1544 non
1712 1483 2096 1543 semivocales
2151 1486 2358 1543 sortita
2413 1469 2576 1557 sun't,
2639 1483 2741 1542 sed
2788 1489 2994 1543 imitas,

418 1588 648 1665 passiva
697 1605 834 1646 vero
875 1605 983 1665 per
1015 1605 1191 1647 unam
1224 1593 1451 1646 tantum
1479 1585 1737 1646 litteram
1768 1587 1821 1644 θ
1851 1587 2233 1664 proferuntur
2262 1587 2589 1664 praemissa
2622 1593 2722 1643 aut
2753 1583 2994 1662 liquida,

420 1683 748 1768 κεκάρθαι
791 1686 1090 1747 τετίλθαι
1136 1684 1491 1767 έρράνθαι,
1539 1694 1639 1747 aut
1683 1700 1742 1755 σ,
1791 1682 2109 1765 λέγεσθαι
2154 1685 2518 1765 φιλεῖσθαι,
2567 1696 2666 1746 aut
2696 1687 2878 1745 altera
2925 1705 2998 1745 ex

421 1792 599 1849 mutis
642 1809 792 1869 quae
839 1799 1120 1849 vocantur
1165 1786 1443 1858 δασεῖαι,
1492 1790 1550 1849 id
1597 1797 1687 1847 est
1729 1792 1852 1849 sive
1900 1809 1955 1868 χ,
2004 1797 2067 1849 ιιι
2110 1784 2455 1867 νενύχθαι,
2503 1790 2624 1847 sive
2672 1808 2740 1867 φ,
2791 1794 2854 1848 ιιι
2883 1806 2996 1864 γε-

345 1908 394 1948 15
420 1886 743 1970 γράφθαι.
834 1910 967 1951 cum
1024 1892 1218 1952 Latini
1279 1892 1500 1953 nullum
1557 1892 1854 1951 infinitum
1911 1890 2370 1969 monosyllabum
2428 1889 2710 1959 habeant,
2781 1891 2994 1950 Graeci

418 1993 770 2073 paucissima
818 1992 1057 2062 liabent,
1105 2013 1255 2073 quae
1302 1996 1646 2054 reseruntur
1691 1994 1761 2054 ad
1808 1993 1988 2053 solam
2034 1993 2349 2053 secundam
2395 1991 2715 2070 συζυγίαν
2760 2005 2994 2070 περισ-

417 2090 779 2175 πωμένων,
828 2101 892 2154 ιιι
936 2089 1113 2176 σπᾷν
1155 2094 1354 2177 θλᾷν.
1444 2099 1664 2157 etenim
1719 2099 1916 2155 πνεῖν
1973 2100 2116 2173 χεῖν
2171 2088 2316 2171 ῥεῖν
2372 2113 2488 2153 ιιοιι
2547 2101 2682 2153 sunt
2737 2096 2988 2169 integra,

389 2196 520 2276 ‚sed
578 2216 649 2256 ex
708 2197 1009 2257 collisione
1065 2204 1395 2257 eontracta:
1454 2200 1567 2258 suit
1611 2199 1767 2257 euim
1815 2197 2124 2272 integritas
2169 2191 2400 2255 πνέειν
2444 2192 2620 2274 χέειν
2666 2190 2873 2275 ῥέειν,
2934 2205 2993 2255 et

416 2298 612 2358 medio
657 2317 687 2358 ε
731 2298 1033 2359 subtracto
1080 2301 1140 2358 in
1186 2318 1361 2366 unam
1390 2299 1671 2378 syllabam
1715 2305 1854 2358 sunt
1896 2297 2132 2357 redacta
2179 2304 2239 2355 et
2281 2317 2352 2356 ex
2383 2298 2640 2357 themate
2672 2298 2988 2358 verborum

338 2418 388 2459 20
417 2402 660 2460 veniunt
713 2396 894 2461 πνέω
963 2395 1089 2479 χέω
1148 2395 1296 2480 ῥέω.
1388 2402 1611 2462 nullum
1670 2403 1829 2461 enim
1886 2419 2162 2478 graecum
2222 2399 2461 2459 verbum
2508 2392 2989 2480 άπαρέμφατον

414 2521 482 2562 ex
531 2501 715 2561 verbo
760 2503 823 2562 in
871 2521 922 2561 ω
968 2503 1275 2563 desinente
1320 2503 1541 2563 sactum
1586 2523 1703 2564 non
1749 2503 2001 2563 eundem
2049 2520 2358 2562 numerum
2405 2501 2760 2580 syllabarum
2807 2510 2987 2570 tenet,

411 2606 512 2683 qui
561 2606 621 2664 in
665 2605 858 2683 prima
903 2606 1197 2684 positione
1254 2605 1420 2664 verbi
1466 2607 1596 2674 suit,
1644 2605 1781 2665 νοῶ
1826 2611 2031 2674 νοεῖν,
2078 2603 2244 2684 τιμῶ
2290 2602 2504 2684 τιμᾷν,
2552 2603 2778 2682 χρυσῶ
2825 2622 2986 2682 χρυ-

413 2704 613 2775 σοῦν,
674 2700 883 2784 τρέχω
939 2701 1230 2786 τρέχειν,
1289 2702 1516 2767 τύπτω
1572 2702 1881 2768 τύπτεινε
1941 2709 2026 2767 sie
2071 2700 2252 2766 πνέω
2298 2700 2548 2775 πνέειν,
2618 2702 2742 2785 χέω
2787 2700 2985 2786 χέειν,

413 2803 543 2887 ῥέω
590 2803 789 2888 ῥέειν,
836 2828 907 2868 ex
951 2809 1169 2889 quibus
1213 2815 1411 2869 πνεῖν
1454 2816 1596 2888 χεῖν
1643 2805 1789 2889 ῥεῖν
1819 2817 1957 2869 sunt
2000 2811 2171 2870 facta.
2239 2801 2684 2889 άπαρέμφατα
2727 2829 2878 2888 quae
2924 2813 2987 2870 in

338 2929 453 2969 ἵεν
509 2909 825 2979 desinunt,
882 2910 1049 2970 side
1108 2911 1286 2971 verbo
1330 2919 1466 2971 sunt
1510 2914 1956 2992 perispomen0,
2016 2914 2232 2972 amisso
2276 2930 2318 2969 ν
2374 2920 2432 2970 et
2477 2917 2719 2989 accepta
2765 2911 2986 2990 syllaba

412 3012 575 3070 σθαι
622 3012 846 3072 faciunt
889 3031 960 3071 ex
1006 3032 1068 3072 se
1113 3015 1362 3091 passiva,
1409 3020 1629 3074 ποιεῖν
1672 3016 2041 3082 ποιεῖσθαι,
2089 3011 2286 3093 τιμᾷν
2332 3007 2666 3093 τιμᾶσθαι,
2730 3008 2984 3091 δηλοῦν

411 3107 809 3191 δηλοῦσθαι.
872 3114 1080 3192 quodsi
1126 3117 1246 3175 sint
1289 3115 1360 3174 de
1407 3115 1711 3195 barytono‚
1761 3117 1938 3176 etiam
1984 3135 2009 3175 ι
2047 3109 2342 3184 amittunt,
2392 3108 2612 3192 λέγειν
2644 3108 2978 3192 λέγεσθαι,

408 3209 702 3294 γράφειν
742 3209 1145 3293 γράφεσθαι.
1237 3219 1385 3278 fiunt
1428 3224 1488 3276 et
1531 3217 1602 3276 de
1648 3217 1968 3278 indicativo
2013 3219 2269 3296 passivo:
2318 3223 2506 3276 mutat
2549 3219 2707 3276 enim
2752 3237 2788 3275 τ
2833 3219 2893 3276 in
2940 3229 2980 3276 σ

409 3311 520 3374 καὶ
562 3317 615 3376 θ
658 3324 718 3376 et
762 3318 903 3377 facit
946 3309 1448 3399 άπαρέμφατον.
1538 3338 1647 3379 nec
1693 3320 1879 3379 solum
1927 3319 2037 3380 hoe
2081 3322 2142 3379 in
2187 3319 2484 3398 praesenti
2535 3326 2817 3396 tempore,
2876 3319 2976 3379 sed

308 3425 463 3480 rauel
505 3418 566 3476 in
609 3421 933 3496 praeterito
976 3428 1038 3479 et
1081 3421 1310 3489 futuro,
1369 3407 1675 3501 φιλεῖται
1705 3420 2083 3500 φιλεῖσθαι,
2139 3418 2497 3500 πεφίληται
2541 3420 2975 3498 πεφιλῆσθαι,

402 3514 852 3607 φιληθήσεται
923 3516 1448 3602 φιληθήσεσθαι.
1552 3531 1642 3583 est
1708 3532 1768 3582 et
1836 3523 1946 3582 alia
2014 3523 2357 3600 diligentior
2413 3521 2749 3582 observatio
2817 3525 2975 3583 eirea

402 3619 918 3701 παρακείμενον.
1011 3642 1144 3683 nam
1189 3628 1461 3703 quotiens
1506 3627 1567 3685 in
1613 3624 1972 3704 paenultima
2029 3625 2209 3686 habet
2252 3644 2310 3693 κ,
2373 3633 2511 3684 tunc
2557 3627 2766 3684 amissa
2815 3633 2974 3685 utra-

400 3739 515 3799 que
561 3721 781 3800 syllaba
837 3731 898 3783 et
941 3733 1182 3804 accepta
1239 3728 1403 3787 σθαι
1458 3729 1519 3786 in
1564 3729 1861 3806 passivum
1908 3730 2138 3796 transit,
2186 3721 2635 3807 πεπατηκέναι
2680 3728 2971 3807 πεπατῆ-

400 3823 581 3893 σθαι,
628 3821 1060 3901 γεγελακέναι
1114 3823 1548 3905 γεγελάσθαι,
1596 3824 2010 3890 πεπλυκέναι
2054 3824 2469 3890 πεπλύσθαι;
2533 3836 2634 3889 aut
2676 3830 2973 3889 interdum

322 3949 374 3988 ³5
398 3925 521 3984 θαι
566 3924 750 3984 solam
795 3929 1012 4005 accipit
1056 3931 1183 3988 sine
1231 3942 1300 3998 σ,
1350 3930 1452 3989 sed
1498 3937 1637 3990 tune
1682 3934 1958 4011 quotiens
2004 3941 2137 3991 ante
2183 3952 2222 3992 κ
2269 3932 2489 4011 liquida
2546 3934 2862 4011 reperitur,
2913 3939 2976 3990 ut

398 4022 769 4087 τετιλκέναι
800 4027 1117 4099 τετίλθαι,
1151 4026 1551 4109 κεκαρκέναι
1582 4028 1930 4112 κεκάρθαι,
1976 4030 2376 4113 έρραγκέναι
2410 4029 2768 4112 ἑρράνθαιε
2818 4035 2972 4094 unde

396 4129 765 4207 intellegitur
811 4133 873 4190 in
902 4131 1085 4192 verbo
1128 4152 1187 4211 γ,
1236 4133 1392 4212 quod
1438 4135 1551 4194 fuit
1595 4142 1727 4195 ante
1775 4154 1834 4204 κ,
1882 4130 2166 4216 δυνάμει
2209 4157 2250 4196 ν
2293 4138 2498 4196 fuisse.
2587 4138 2797 4216 quodsi
2841 4155 2968 4197 πα-

399 4230 793 4312 ρακείμενος
847 4235 1072 4293 aetivus
1128 4234 1338 4295 habuit
1392 4219 1465 4295 in·
1499 4238 1862 4315 paenultima
1906 4245 2007 4297 aut
2051 4258 2101 4317 φ
2148 4245 2248 4297 aut
2294 4257 2347 4316 χ,
2401 4246 2539 4298 tuuc
2587 4233 2594 4314 Ι
2642 4258 2875 4319 quoque
2920 4243 2971 4301 θ

397 4336 629 4412 accipit,
676 4329 1090 4414 γεγραφέναι
1133 4332 1535 4417 γεγράφθαι,
1581 4333 1936 4417 νενυχέναι
1982 4335 2329 4418 νενύχθαι.
2406 4338 2599 4399 Latini
2647 4342 2831 4403 futuri
2878 4346 2966 4403 in·

527 4556 556 4603 7
590 4554 777 4622 λελεχε
815 4571 908 4606 om.
936 4557 998 4616 P,
1032 4557 1152 4606 add.
1174 4574 1212 4621 p
1354 4560 1415 4607 10
1448 4554 1676 4623 χρῆναι]
1715 4559 1938 4622 χρεῖναι
1971 4559 2052 4607 P*
2157 4561 2215 4608 11
2254 4560 2429 4608 sortita
2463 4559 2553 4608 sed
2579 4560 2762 4608 multas
2789 4563 2837 4609 P

396 4623 459 4671 13
491 4624 815 4687 καικαρθαι
848 4625 897 4673 Ρ
1031 4625 1308 4688 φιλεσθαι
1342 4626 1391 4675 Ρ
1527 4628 1589 4675 16
1624 4626 1903 4674 referantur
1941 4627 1987 4675 P
2119 4630 2183 4678 ‘29
2218 4628 2308 4676 sed
2345 4629 2396 4676 in
2423 4628 2692 4692 praeterito
2721 4631 2770 4678 P
2903 4634 2968 4681 30

392 4689 669 4756 πεφιλητε
701 4692 1065 4758 πεφιλησθαι
1106 4692 1569 4759 πεφιληθησεται
1604 4693 2116 4759 πεφιληθησεσθαι
2153 4697 2199 4743 Ρ
2332 4697 2396 4746 36
2433 4711 2808 4762 καικαρκεναι
2841 4714 2965 4754 και-ν

392 4757 610 4821 καρθαι
642 4761 688 4809 P
819 4763 884 4810 37
908 4772 1026 4810 ante
1050 4777 1083 4811 κ
1108 4779 1143 4826 p
1169 4774 1287 4811 ante
1313 4778 1345 4826 χ
1372 4763 1419 4810 Ρ
1551 4765 1616 4812 39
1642 4756 1940 4827 νενυχέναι
1965 4780 2000 4828 p
2026 4778 2253 4827 νεχεναι
2286 4765 2329 4814 Ρ
