3541 5564
1599 373 1741 435 ARS
2825 369 2951 436 529

380 571 509 625 tem
562 560 721 624 haec
775 560 1019 646 scripta
1071 558 1178 624 vel
1233 557 1299 621 in
1352 555 1523 621 hanc
1576 557 1856 623 formam
1925 558 2187 624 redacta
2241 558 2400 642 sint,
2468 582 2586 624 ncc
2639 544 2952 645 quaerere

379 660 653 727 multum
696 662 970 727 interest
1011 685 1132 725 nec
1176 659 1304 724 dici
1351 669 1530 725 certo
1576 670 1811 747 potest.
1883 659 1999 725 sed
2046 660 2454 726 Palaemonis
2503 670 2678 726 certe
2720 684 2952 727 nomen

379 786 507 828 non
552 775 707 850 puto
753 763 954 829 multo
1001 763 1368 849 antiquiore
1413 771 1721 848 tempore,
1767 784 1963 848 quam
2008 785 2135 849 quo
2181 764 2437 829 codices
2484 764 2596 850 qui
2637 762 2799 828 illud
2844 788 2951 829 ex-

381 866 606 932 hibent
650 866 878 952 scripti
935 874 1119 947 sunt,
1177 864 1344 930 libro
1401 866 1751 950 inpositum
1809 885 1973 929 esse.
2060 887 2210 929 nam
2256 869 2311 930 si
2355 864 2523 931 falso
2567 868 2952 953 inscriptum

381 992 523 1034 csse
568 991 803 1033 nomen
845 978 1019 1033 recte
1064 968 1443 1049 statuimuS,
1490 967 1784 1053 sequitur
1825 976 1901 1032 ut
1942 989 2331 1053 praenomen
2363 968 2625 1050 Quinti,
2672 969 2842 1054 quod
2886 970 2955 1031 in

381 1070 603 1136 codice
647 1069 966 1136 Vaticano
1029 1071 1184 1134 1491
1245 1079 1311 1134 et
1366 1070 1432 1132 in
1489 1069 1782 1156 principe
1827 1068 2111 1135 editione
2155 1072 2422 1155 legitur,
2468 1070 2626 1135 addi
2669 1093 2799 1136 non
2844 1092 2952 1156 po·

382 1173 583 1237 tuerit
636 1182 784 1237 ante
840 1173 1174 1238 inventum
1235 1171 1531 1237 Suetonii
1583 1171 1822 1238 librum
1878 1172 1959 1237 de
2011 1173 2485 1257 grammaticis,
2553 1195 2742 1258 quem
2805 1182 2955 1258 post

383 1298 623 1340 annum
672 1276 828 1340 1457
876 1276 945 1338 in
991 1273 1247 1339 Italiam
1290 1284 1650 1339 travectum
1696 1297 1840 1340 esse
1886 1284 2166 1340 constat:
2216 1274 2301 1338 cf.
2348 1273 2727 1339 Reiffersch.
2775 1275 2954 1340 Suet.

383 1376 496 1441 rel.
545 1399 608 1462 p.
656 1377 801 1441 409.
892 1399 1042 1440 nam
1090 1399 1215 1441 uno
1262 1376 1567 1442 Suetonio
1615 1385 1784 1442 teste
1837 1377 1960 1442 hoc
2014 1376 2218 1441 fuisse
2264 1376 2638 1442 Palaemoni
2682 1399 2953 1462 praeno-

385 1502 529 1544 men
587 1480 892 1544 traditum
963 1488 1080 1543 est.
1172 1480 1299 1543 iam
1355 1503 1509 1544 vero
1573 1500 1719 1544 cum
1774 1478 2082 1545 Iovianus
2147 1478 2479 1543 Pontanus
2546 1489 2610 1543 et
2664 1476 2958 1544 Suetonii

385 1581 624 1646 librum
670 1579 1014 1665 diligenter
1058 1582 1441 1646 tractaverit
1486 1604 1726 1667 suaque
1770 1603 1967 1645 manu
1998 1581 2413 1667 descripserit
2457 1590 2522 1646 et
2547 1580 2955 1646 Palaemonis

386 1693 590 1748 artem
636 1706 675 1747 a
720 1706 788 1748 se
835 1684 900 1745 in
945 1682 1155 1747 lucem
1183 1693 1579 1770 protractam
1610 1706 1753 1748 esse
1783 1683 2128 1768 glorietur,
2173 1682 2349 1747 haud
2396 1685 2531 1748 scio
2577 1706 2662 1748 an
2706 1684 2789 1749 ab
2834 1683 2957 1748 hoc

386 1784 547 1850 illud
591 1807 824 1849 nomen
868 1784 1111 1868 regulis
1168 1808 1251 1850 ex
1302 1787 1632 1851 veter-ibus
1689 1786 2133 1870 grammaticis
2186 1784 2471 1851 collectis
2517 1786 2955 1872 praepositum

388 1888 505 1969 sit,
554 1888 692 1952 sive
736 1888 876 1973 ipse
922 1888 1200 1973 primum
1247 1886 1528 1972 collegit,
1575 1890 1713 1953 sive
1758 1888 1843 1954 ab
1890 1886 2018 1952 alio
2065 1886 2367 1954 collectas
2414 1888 2720 1954 habebat.

553 1988 657 2051 De
700 1989 899 2074 Aspri
953 2000 1093 2054 arte
1147 1990 1522 2076 priusquam
1581 1987 1823 2071 dicam,
1888 1988 2221 2055 sciendum
2277 2000 2376 2054 est
2431 1989 2660 2055 eodem
2703 1991 2959 2056 nomine

388 2091 456 2153 in
500 2089 828 2156 veteribus
885 2091 1216 2156 codicibus
1272 2092 1653 2178 inscriptam
1707 2113 1852 2156 esse
1906 2102 2111 2157 artem
2167 2094 2662 2177 grammaticam
2706 2092 2792 2157 ab
2835 2092 2958 2156 hac

389 2192 469 2255 dc
514 2214 642 2278 qua
685 2214 857 2257 nunc
900 2193 1116 2276 agitur
1169 2191 1362 2278 longc
1418 2194 1764 2259 diversam.
1857 2217 2021 2281 quae
2076 2195 2381 2281 quoniam
2438 2194 2728 2259 nondum
2783 2194 2960 2259 edita

388 2305 489 2359 cst
533 2317 743 2382 neque
798 2318 839 2358 a
893 2297 1079 2360 nobis
1126 2296 1386 2378 edetur,
1436 2295 1638 2363 libros
1683 2319 1881 2362 manu
1926 2299 2201 2383 scriptos
2217 2346 2234 2378 ‚
2280 2319 2441 2384 quos
2488 2296 2753 2383 quidem
2797 2296 2958 2378 vidi,

387 2397 509 2462 hoc
567 2396 708 2463 loco
762 2397 1088 2463 indicabo.
1178 2420 1400 2462 eorum
1468 2399 1667 2483 igitur
1732 2398 2223 2486 antiquissimus
2279 2409 2379 2464 est
2432 2399 2781 2464 Bernensis
2836 2399 2955 2463 611

389 2499 665 2585 septimo
712 2502 1001 2581 saeculo,
1048 2508 1122 2563 ut
1164 2499 1454 2582 videtur,
1502 2502 1817 2588 scriptuS,
1863 2501 1911 2565 f.
1943 2501 2220 2565 42*-f.
2255 2502 2373 2566 70*
2415 2507 2630 2565 Partes
2672 2506 2962 2566 orationis

388 2613 529 2680 quot
569 2609 747 2666 sunt?
793 2614 942 2666 octo,
1019 2609 1216 2680 quae?
1260 2623 1470 2668 nomen
1511 2625 1842 2684 pronomen
1887 2610 2134 2669 uerbum
2180 2609 2531 2668 aduerbium
2563 2610 2961 2684 participium

388 2711 730 2769 coniunctio
774 2710 1153 2785 praepositio
1207 2711 1558 2769 interiectio.
1649 2711 1739 2770 De
1793 2712 2047 2770 nomine.
2140 2710 2363 2771 Nomen
2417 2711 2567 2786 quid
2616 2713 2744 2770 est?
2806 2726 2963 2787 pars

393 2814 700 2872 orationis.
790 2815 1026 2872 nomeni
1068 2820 1210 2887 quot
1253 2814 1589 2872 accedunt?
1632 2830 1759 2874 sex.
1824 2816 2022 2889 quae?
2067 2815 2329 2888 qualitas
2370 2815 2731 2890 conparatio
2770 2829 2962 2887 oenus

392 2932 671 2973 numerus
709 2916 915 2987 fiqara
958 2931 1154 2975 casus.
1244 2917 1508 2990 qualitas
1552 2919 1851 2977 nominum
1897 2917 1961 2975 in
2005 2932 2118 2990 quo
2160 2919 2286 2977 est?
2329 2916 2611 2992 bipertita
2655 2924 2772 2994 est,
2820 2917 2961 2991 quia

390 3024 495 3075 ctat
542 3017 976 3091 appellatiuum
1020 3034 1232 3077 nomen
1278 3024 1365 3077 est
1407 3026 1514 3078 aut
1548 3021 1888 3094 proprium,
1927 3021 2251 3095 proprium
2295 3028 2359 3079 ut
2401 3020 2776 3079 Hierusalem
2819 3017 2963 3078 Sion

395 3118 709 3189 Iordanis,
771 3120 1202 3193 appellatiuum
1255 3127 1450 3180 autem
1509 3128 1596 3179 est
1646 3094 1865 3181 ciuitas
1907 3137 2072 3180 mons
2118 3124 2362 3195 fluuius.
2434 3124 2753 3197 proprium
2795 3123 2961 3180 sime-

393 3223 532 3279 litcr
575 3227 639 3278 ut
684 3220 954 3279 Michael
997 3221 1211 3281 Petrus
1252 3221 1595 3297 Stephanus
1641 3223 1861 3282 Esaias
1905 3222 2133 3297 Aaron,
2182 3225 2616 3298 appellativum
2661 3230 2856 3284 autem
2901 3230 2967 3283 ut

393 3323 645 3395 anqelus
697 3324 1006 3397 apostulus
1057 3330 1293 3401 martyr
1343 3326 1643 3400 propheta
1697 3343 1813 3385 rex
1869 3357 1953 3368 —
2007 3320 2111 3384 De
2155 3321 2597 3386 interiectione
2640 3331 2856 3385 metum
2899 3331 2965 3385 ut

393 3433 546 3484 attat
586 3432 644 3483 et
685 3426 893 3499 siquae
932 3432 1070 3484 sunt
1111 3428 1350 3485 similia.
1442 3422 1642 3508 Aspri
1694 3444 1925 3486 nomen
1982 3432 2131 3507 post
2174 3445 2315 3486 eam
2360 3432 2611 3509 partem
2655 3445 2823 3509 quae
2866 3431 2966 3487 est

392 3523 471 3586 de
538 3524 918 3607 pronomine
982 3533 1046 3587 et
1110 3534 1260 3588 ante
1317 3545 1459 3587 eam
1513 3546 1678 3610 quae
1734 3523 2031 3610 sequitur
2082 3523 2162 3589 dc
2218 3525 2419 3590 verbo
2476 3526 2790 3610 scriptum
2844 3535 2962 3605 est,

392 3629 576 3704 expli.
626 3642 700 3689 ατ
756 3633 977 3705 asperi.
1028 3632 1103 3689 de
1147 3631 1353 3703 verba,
1416 3636 1480 3691 et
1523 3626 1590 3689 in
1638 3624 1853 3691 indice
1886 3627 2017 3692 sub
2064 3627 2256 3691 finem
2300 3625 2547 3692 codicis
2592 3627 2641 3690 s.
2687 3626 2816 3691 92*
2863 3649 2963 3691 ea-

297 3765 301 3769 <
395 3726 541 3791 dem
585 3749 780 3790 manu
835 3727 1112 3813 scripto,
1170 3749 1276 3793 ars
1320 3735 1535 3793 donati
1573 3735 1851 3808 escposita
1896 3735 1973 3793 ab
2017 3750 2253 3811 aspero.
2344 3727 2571 3793 Codex
2614 3728 2963 3793 Bernensis

391 3829 511 3892 207
559 3849 730 3892 saec.
778 3827 846 3891 X
889 3828 935 3894 s.
989 3831 1109 3894 130
1131 3868 1214 3876 —
1239 3829 1287 3893 f.
1339 3831 1458 3894 140
1511 3837 1720 3911 incipit
1779 3854 1885 3896 ars
1935 3839 2142 3912 asperi
2190 3842 2477 3910 qrammi.
2569 3837 2782 3896 Partes
2827 3853 2965 3895 ora-

393 3936 568 3995 tionis
609 3943 746 3996 sunt
789 3942 921 3996 octo
973 3970 1037 3977 —
1091 3945 1243 3996 attat
1286 3944 1343 3996 et
1382 3940 1556 4012 siqua
1598 3943 1740 3997 sunt
1780 3939 2021 3998 similia.
2113 3932 2344 3998 Codex
2389 3933 2965 4018 Sangermanensis

402 4033 559 4095 1180
602 4054 770 4096 saec.
816 4031 920 4095 IX
965 4033 1013 4096 f.
1065 4035 1140 4096 16
1169 4072 1245 4080 —-
1268 4035 1316 4099 f.
1363 4036 1445 4099 23
1501 4042 1716 4116 incipit
1768 4056 1875 4099 ars
1929 4044 2103 4115 aspri
2148 4042 2541 4114 qrammatiei
2593 4042 2668 4099 de
2710 4042 2961 4100 nomine.

395 4140 608 4198 Partes
652 4141 948 4199 orationis
969 4149 1127 4200 -sunt
1172 4150 1302 4203 octo
1331 4172 1415 4184 —-·
1443 4149 1599 4202 attat
1641 4150 1700 4201 et
1741 4144 1917 4216 siqua
1959 4151 2097 4204 sunt
2138 4144 2379 4202 similia.
2441 4145 2605 4219 expl.
2638 4159 2743 4203 ars
2772 4145 2963 4218 aspri.

395 4237 618 4302 Codex
663 4236 1103 4319 Frisingensis
1147 4238 1224 4302 81
1273 4262 1443 4304 saec.
1491 4239 1558 4303 X
1603 4239 1649 4304 f.
1703 4239 1825 4302 114
1851 4277 1920 4288 —
1952 4240 1999 4303 f.
2051 4240 2218 4304 126*
2263 4247 2445 4321 incip.
2496 4262 2601 4304 ars
2643 4248 2853 4320 asperi
2892 4247 2968 4304 de

391 4344 667 4418 partibus
711 4346 970 4403 oration.
1030 4345 1245 4405 Partes
1289 4348 1588 4407 orationis
1629 4354 1767 4406 sunt
1794 4354 1926 4406 octo
1953 4379 2039 4391 --
2067 4353 2224 4406 attat
2250 4353 2309 4407 et
2336 4350 2509 4422 siqua
2550 4356 2685 4407 sunt
2725 4349 2963 4406 similia.

395 4464 478 4504 ex
541 4442 662 4505 hoc
732 4440 1096 4528 descriptus
1153 4454 1253 4508 est
1304 4442 1514 4508 codex
1573 4442 2080 4528 Tegernseensis
2141 4444 2256 4508 181
2317 4466 2485 4510 saec.
2544 4444 2669 4508 XI.
2757 4443 2968 4509 codex

383 4540 838 4637 sangallensis
896 4545 1019 4609 876
1076 4567 1244 4610 saec.
1302 4545 1405 4609 IX
1463 4570 1525 4632 p.
1572 4546 1613 4610 3
1648 4584 1731 4592 —
1764 4569 1828 4633 p.
1875 4545 1959 4610 29
2013 4544 2229 4612 deleta
2280 4546 2702 4633 inscriptione
2755 4552 2967 4611 Partes

396 4651 730 4709 orationum
803 4658 947 4725 quot
1009 4660 1148 4713 sunt
1198 4684 1285 4694 —-
1348 4659 1502 4713 attat
1571 4661 1628 4711 et
1689 4655 1865 4729 siqua
1926 4661 2064 4714 sunt
2124 4655 2364 4713 similia.
2466 4650 2551 4713 ad
2617 4647 2966 4715 Aemilium

393 4746 681 4831 Asprum
747 4758 998 4830 autem,
1065 4750 1356 4815 Terentii
1402 4749 1678 4835 Vergilii
1723 4749 2018 4816 Sallustii
2081 4752 2535 4836 interpretem,
2603 4734 2862 4840 saepius
2927 4775 2967 4816 a

392 4851 833 4934 grammaticis
877 4852 1149 4918 citatum
1195 4851 1353 4918 nihil
1398 4876 1481 4918 ex
1524 4852 1646 4919 hoc
1688 4849 1857 4920 libro
1902 4854 2212 4941 pertinet,
2270 4853 2382 4940 qui
2425 4876 2504 4919 ea
2545 4863 2792 4940 aetate,
2838 4877 2967 4942 qua
