3541 5564
585 342 710 405 326
1688 345 2082 407 EXCERPTA

585 532 731 594 alios
775 551 1082 594 sermones
1129 540 1266 593 tunc
1312 532 1470 593 dicat
1514 533 1693 595 luisse
1735 532 1998 613 aliosque
2046 551 2220 593 nunc.
2310 534 2412 595 sed
2470 553 2578 613 per
2624 536 2842 595 lisicam
2892 533 3162 595 similitu-

584 634 782 695 dinem
829 633 1023 696 attulit
1064 635 1297 705 dicens,
1346 639 1656 716 ‘postera'
1704 636 1895 715 inquit
1940 637 2134 695 ‘aetas
2165 636 2372 696 mundi
2405 645 2468 698 ut
2513 635 2883 716 disciplinam
2928 637 3167 716 pristini

583 736 801 797 saeculi
846 738 925 797 ita
971 743 1028 796 et
1071 755 1375 797 sermones
1419 736 1681 797 fastidire
1737 738 1936 816 coepit
1985 745 2042 798 et
2087 755 2231 798 nova
2280 740 2577 818 parturire
2625 738 2832 817 verba,
2881 757 3032 820 quae
3078 741 3164 800 iu-

585 857 800 899 venum
845 841 965 900 ritu
1009 840 1136 918 ipsa
1183 839 1357 899 modo
1402 840 1619 899 llorent
1663 846 1719 899 et
1763 835 2015 917 vigent'.
2103 841 2203 919 qui
2249 841 2424 900 etiam
2468 840 2776 901 Horatium
2822 839 3042 902 dixisse
3087 842 3167 901 ait

588 943 687 1001 ‘ut
731 941 911 1002 silvae
956 942 1133 1001 ssores
1176 960 1399 1021 pronos
1445 950 1751 1002 mutantur
1795 943 1855 1001 in
1902 960 2087 1002 annos
2120 949 2179 1001 et
2208 943 2398 1021 prima
2431 941 2674 1014 cadunt,
2721 945 2801 1003 ita
2849 944 3163 1005 verborum
3191 960 3219 999 5

583 1050 745 1105 vetus
774 1045 980 1105 interit
1010 1050 1197 1113 aetas,
1234 1050 1293 1103 et
1325 1063 1467 1104 nova
1497 1045 1776 1104 iuvenum
1821 1045 1938 1105 ritu
1969 1044 2185 1106 florent
2214 1044 2390 1105 modo
2423 1054 2556 1105 nata
2592 1046 2929 1125 vigentque’
2967 1053 3025 1106 et
3053 1042 3159 1106 rel.

1687 1147 1722 1185 s
1854 1146 1888 1184 a
2019 1147 2053 1185 a

753 1231 836 1292 De
867 1230 1125 1292 editione
1156 1230 1433 1292 secunda.
1482 1232 1692 1312 incipit
1736 1231 1915 1293 editio
1960 1228 2221 1293 secunda
2254 1231 2463 1293 Donati
2495 1233 2863 1311 grammatici
2910 1231 2984 1293 de
3030 1251 3162 1312 par·

583 1331 741 1394 tibus
797 1334 1095 1393 orationis
1186 1335 1420 1413 scripsit
1473 1335 1629 1394 enim
1671 1342 1871 1394 artem
1930 1333 2255 1413 duplicem,
2314 1334 2373 1394 id
2432 1343 2520 1394 est
2565 1341 2698 1394 octo
2745 1342 2971 1413 parteS,
3020 1354 3167 1415 quas

584 1437 844 1496 minores
903 1441 1112 1496 vocant
1166 1444 1353 1504 arteS,
1412 1455 1444 1495 a
1502 1436 1716 1515 quibus
1770 1434 2029 1497 secunda
2074 1436 2222 1496 haec
2268 1442 2356 1496 est
2402 1435 2600 1496 editio.
2690 1436 2792 1497 sed
2838 1436 3165 1498 notandum

584 1545 698 1608 est,
747 1536 960 1614 quibus
1014 1540 1284 1617 personis
1326 1539 1595 1617 primam,
1645 1536 1973 1615 quibusque
2016 1539 2252 1617 scripsit
2294 1537 2642 1607 secundam,
2692 1545 2752 1598 et
2794 1540 3164 1617 interrogan·
3195 1557 3246 1595 ιο

583 1638 751 1708 dum,
801 1646 943 1719 quot
987 1646 1046 1699 et
1089 1638 1304 1720 quibus
1349 1641 1538 1700 causis
1582 1647 1739 1700 artes
1786 1641 2049 1701 minores
2095 1640 2349 1719 scripsit.
2416 1638 2531 1699 boc
2576 1646 2665 1699 est
2708 1641 2978 1719 personis
3022 1660 3166 1720 pue·

583 1760 787 1802 rorum
834 1747 893 1800 et
948 1743 1138 1801 causis
1192 1740 1399 1803 tribuS.
1490 1743 1708 1821 prima,
1770 1750 1836 1802 ut
1890 1744 2141 1811 scirent,
2201 1740 2417 1821 quibus
2460 1740 2651 1801 modis
2697 1749 2853 1802 esset
2896 1761 3023 1811 ars;
3073 1762 3169 1803 se-

586 1842 805 1912 cunda,
866 1849 933 1903 ut
996 1843 1296 1905 discerent
1359 1846 1758 1923 interrogare,
1832 1853 1896 1905 ut
1941 1853 2029 1904 est
2086 1848 2320 1924 ‘partes
2378 1844 2662 1904 orationis
2719 1852 2865 1923 quot
2926 1846 3167 1913 suilt?’;

583 1945 753 2003 tertia
812 1962 1017 2013 causa,
1077 1947 1159 2005 uti
1217 1952 1461 2008 nossent
1514 1944 1743 2007 solvere
1799 1948 2190 2023 interrogata,
2259 1953 2321 2005 ut
2390 1953 2480 2007 est
2534 1947 2739 2007 ‘octo'
2801 1952 2858 2006 et
2926 1946 3031 2007 rel.
3107 1948 3168 2006 in

578 2048 771 2125 prima
817 2046 890 2107 ad
936 2046 1234 2108 docendos
1278 2068 1496 2128 pueros
1539 2048 2001 2126 interrogationi
2022 2040 2303 2108 satisfacit
2335 2055 2393 2107 et
2437 2047 2742 2117 solutioni:
2792 2049 2853 2108 in
2901 2050 3164 2110 secunda
3194 2066 3245 2105 15

581 2156 777 2210 autem
825 2148 1083 2209 editione
1126 2169 1410 2230 personas
1455 2151 1751 2229 perfectas
1783 2149 1956 2211 docet
1986 2150 2292 2210 scientiam
2339 2149 2659 2211 latinitatis.
2726 2148 2829 2209 sed
2863 2169 2971 2210 nos
3004 2169 3165 2212 nunc

579 2250 780 2311 dicere
826 2254 1128 2322 convenit,
1178 2251 1391 2330 quibus
1423 2232 1612 2312 modis
1644 2254 1719 2313 sit
1747 2253 2164 2329 interrogatio,
2213 2252 2270 2312 id
2317 2262 2405 2311 est
2448 2250 2668 2320 tribus,
2717 2254 2884 2331 quasi
2931 2253 3165 2313 discere

579 2351 782 2413 volens
827 2353 915 2413 vel
963 2352 1178 2415 docere
1223 2373 1297 2415 an
1344 2356 1705 2432 quaestionis
1751 2351 2113 2434 promendae
2158 2355 2362 2433 gratia.
2438 2353 2542 2415 sed
2589 2356 2649 2414 in
2698 2342 2926 2414 artibus
2974 2357 3163 2416 mino-

582 2454 745 2515 ribus
788 2458 954 2534 quasi
1001 2456 1218 2516 docere
1266 2456 1464 2516 volens
1507 2459 1838 2534 interrogat
1882 2455 2169 2525 Donatus,
2228 2456 2396 2516 cuius
2451 2457 2859 2518 auctoritatem
2907 2456 3166 2518 ostendit

581 2557 895 2636 Pompeius
941 2557 1191 2617 dicendo
1239 2557 1406 2618 ‘alii’
1448 2559 1642 2635 inquit
1686 2559 2082 2637 ‘scripserunt
2127 2564 2345 2626 artem,
2396 2559 2499 2619 sed
2541 2556 2676 2620 illos
2708 2578 2827 2620 non
2857 2567 3031 2639 putes
3076 2561 3166 2620 in·
3196 2577 3249 2615 ευ

581 2656 892 2736 tellegere‚
953 2661 1065 2720 nisi
1122 2679 1154 2720 a
1202 2659 1428 2720 Donato
1474 2661 1837 2740 sumpserint
1896 2660 2283 2739 principium,
2333 2667 2396 2720 ut
2442 2668 2533 2721 est
2576 2659 2803 2721 Probus
2850 2669 2908 2720 et
2953 2662 3170 2722 Caesar

583 2767 642 2821 et
685 2758 810 2830 alii,
857 2759 960 2822 sed
1018 2780 1051 2823 a
1096 2761 1320 2824 Donato
1378 2768 1759 2842 sumpserunt
1812 2761 2188 2842 principium.
2282 2760 2355 2823 de
2410 2761 2680 2842 partibus
2735 2765 2877 2826 artis
2923 2764 3064 2826 satis
3108 2765 3169 2825 in

582 2862 830 2942 prologo
874 2866 1116 2944 promsi.

1354 3120 1464 3194 Ex
1517 3120 1758 3195 codice
1812 3120 2163 3212 Parisino·
2200 3123 2397 3195 7570

752 3255 916 3316 Multi
963 3255 1238 3316 dixerunt
1283 3256 1438 3334 quod
1485 3221 1603 3317 lact
1647 3257 1763 3317 dici
1810 3255 2082 3328 deberet,
2131 3266 2195 3317 ut
2238 3256 2391 3336 apud
2426 3259 2777 3328 Varronem,
2827 3278 2893 3320 ea
2940 3261 3167 3320 ratione
3198 3277 3252 3315 25

586 3359 750 3435 quia,
798 3360 848 3418 si
892 3358 984 3418 lac
1029 3365 1188 3419 esset
1233 3360 1653 3427 nominativus,
1712 3358 1854 3419 lacis
1901 3367 2056 3420 esset
2099 3362 2436 3438 genetivus,
2495 3367 2557 3421 ut
2602 3360 2729 3421 alec
2774 3361 2973 3422 aleciS.
3062 3362 3168 3422 sed

584 3461 798 3520 Caesar
844 3460 990 3519 dixit
1033 3479 1160 3521 rem
1208 3461 1658 3523 valentissimam
1707 3470 1915 3523 contra
1971 3463 2197 3542 Ipsum,
2245 3462 2303 3523 id
2351 3472 2440 3524 est
2484 3462 2711 3525 nullum
2757 3483 2976 3525 nomen
3023 3464 3166 3524 dua-

583 3560 693 3622 bus
737 3564 913 3622 mutis
950 3564 1255 3624 terminari
1301 3583 1492 3643 posse.
1556 3585 1588 3625 c
1633 3572 1691 3624 et
1736 3573 1757 3624 t
1802 3564 1950 3624 duae
1981 3571 2178 3624 mutae
2210 3573 2363 3626 sunt.
2426 3564 2665 3627 Plautus
2708 3584 2962 3646 namque
3009 3564 3163 3626 lacte

583 3663 715 3724 tulit
755 3665 807 3725 si
851 3664 1061 3726 melius
1105 3667 1202 3726 ait.
1296 3665 1570 3745 Virgilius
1626 3666 1795 3737 dicit,
1856 3665 1947 3727 lac
2003 3666 2318 3729 dicendum
2366 3675 2472 3728 est.
2564 3667 2690 3729 alec
2736 3675 2937 3729 autem
2980 3686 3168 3747 genus

584 3774 672 3827 est
713 3768 908 3845 pisciS.
3198 3786 3250 3826 ao

582 3956 653 4017 cs.
678 3957 853 4021 praes.
887 3973 1094 4021 ⁴qramm.
1134 3975 1178 4007 v.
1218 3958 1236 4006 1
1270 3972 1322 4019 p.
1363 3957 1491 4006 LlV.
1528 3975 1575 4011 v.
1617 3959 1685 4007 1v
1716 3974 1774 4023 p.
1812 3956 1979 4008 XXlV
2018 3966 2119 4010 not.
2161 3959 2410 4023 Dion1.·p.
2448 3957 2573 4021 400,
2607 3957 2642 4009 8
2747 3958 2772 4009 1
2815 3973 2907 4023 per
2946 3957 3165 4008 lissicam

580 4026 628 4076 L
771 4026 804 4077 3
849 4025 1110 4077 fastidiere
1149 4029 1197 4076 L
1335 4029 1368 4077 4
1415 4037 1464 4077 et
1514 4028 1671 4094 ligent
1712 4029 1756 4077 l,
1900 4026 2177 4093 Horatium]
2223 4030 2285 4078 dc
2328 4045 2377 4078 a.
2415 4043 2469 4090 p.
2510 4028 2581 4079 60
2718 4028 2751 4079 6
2789 4037 2936 4077 uetus
2971 4069 2983 4082 .
3009 4063 3021 4077 .
3062 4026 3165 4077 rat'

582 4105 721 4145 aetas
751 4098 799 4146 L
959 4098 1140 4148 florent
1178 4107 1333 4147 motat
1370 4109 1623 4163 augentq:
1663 4107 1712 4148 et
1752 4098 1817 4148 rl'
1857 4099 1903 4147 L
2079 4097 2148 4147 20
2192 4100 2416 4162 Pompeii
2452 4102 2608 4149 locum
2648 4113 2717 4148 ex
2748 4099 3080 4162 praefatione
3116 4100 3169 4147 in

580 4167 723 4217 libris
757 4183 904 4215 marm
939 4170 1144 4233 scriptis
1179 4170 1399 4218 mutilata
1429 4171 1630 4229 pelicum
1655 4169 1820 4220 videri
1844 4169 1961 4218 dixi
1993 4183 2153 4230 supra
2187 4187 2239 4233 p.
2271 4169 2339 4220 86
2374 4175 2473 4218 noe.
2618 4169 2683 4218 21
2722 4185 2926 4218 caessar
2962 4170 3010 4219 l,

718 4257 784 4305 24
836 4255 1012 4307 Godeae
1046 4257 1317 4306 Parisinus
1359 4255 1497 4307 7570
1539 4256 1642 4319 (P)
1688 4271 1825 4307 saec.
1861 4255 1934 4305 Xl
1977 4255 2020 4316 Γ.
2063 4257 2087 4306 1
2129 4255 2233 4315 Qut·
2274 4264 2443 4322 partes
2493 4256 2735 4306 orationis
2788 4259 2942 4306 etiam
2994 4264 3170 4319 partes

584 4322 845 4376 latinitatis
881 4326 1142 4390 dicuntur,
1194 4341 1308 4377 eum
1347 4326 1570 4376 latinitas
1609 4343 1698 4393 per
1740 4328 1881 4391 ipsas
1932 4335 2103 4390 partes
2141 4327 2405 4376 narretur?
2454 4326 2568 4376 ideo
2607 4327 2727 4388 quia
2760 4342 2790 4374 a
2823 4326 2997 4375 lanino
3041 4341 3169 4390 rege

583 4396 966 4459 oratoribusque
1005 4406 1179 4445 ornata
1209 4406 1359 4458 atque
1397 4397 1586 4445 directa
1630 4406 1705 4446 est
1743 4405 1837 4448 etc.
1859 4412 1877 4445 :
1921 4397 2296 4447 commentarius
2336 4400 2385 4446 in
2423 4397 2671 4446 Donatum
2707 4396 2771 4446 de
2803 4404 2913 4447 octo
2938 4395 3175 4458 partibus

581 4468 831 4516 orationis
867 4469 1130 4517 maximam
1162 4474 1361 4525 partem
1397 4483 1424 4515 e
1461 4467 1683 4531 Pompeii
1717 4467 1975 4516 Prisciani
2009 4467 2264 4518 Consentii
2296 4467 2439 4517 libris
2478 4467 2715 4518 collectus
2854 4467 2921 4516 25
2964 4466 3175 4514 debere—

583 4547 665 4584 tur
696 4539 745 4586 P
841 4538 978 4601 apud
1010 4535 1312 4600 Varronem]
1355 4538 1573 4599 Pompei.
1604 4553 1658 4600 p.
1692 4535 1809 4597 199,
1848 4537 1910 4587 13
2053 4537 2120 4586 26
2155 4537 2278 4586 lacis
2311 4552 2425 4587 esse
2461 4546 2631 4603 genet.
2665 4534 2711 4585 P
2848 4537 2916 4587 28
2946 4536 3175 4598 sortasse

585 4607 794 4656 Plautus
833 4621 1048 4668 namque
1088 4607 1215 4655 lacte
1253 4607 1478 4671 protulit,
1520 4608 1609 4657 sed
1645 4607 1842 4665 melius,
1878 4615 1930 4656 ut
1961 4606 2209 4672 Virgilius
2245 4607 2386 4666 dicit,
2419 4607 2513 4661 lac.
2554 4610 2654 4657 nisi
2683 4610 2850 4671 potius
2876 4622 2974 4672 pro
3006 4622 3174 4656 exem-

580 4679 667 4740 plo
709 4678 948 4726 Plautino
994 4693 1027 4726 a
1063 4679 1301 4740 Pompeio
1343 4678 1512 4742 posito
1551 4678 1677 4727 illud
1719 4677 1853 4742 quod
1885 4674 2180 4727 Priscianus
2218 4679 2253 4730 1.
2295 4678 2363 4726 Vl
2397 4692 2448 4740 p.
2490 4679 2620 4735 212,
2659 4678 2693 4728 6
2730 4679 3020 4741 adscripsit,
3057 4677 3166 4725 Me·

585 4747 803 4800 naecltm.
844 4749 884 4798 V
927 4746 989 4808 9,
1026 4744 1095 4797 30
1146 4763 1307 4811 neque
1361 4763 1493 4812 aqua
1531 4759 1692 4811 aquae
1747 4761 1912 4809 neque
1961 4745 2089 4796 lacte
2127 4746 2300 4811 lactis,
2336 4747 2458 4796 mibi
2498 4748 2664 4813 erede,
2702 4763 2916 4813 usquam
2955 4746 3175 4799 similius

583 4820 816 4882 seriptum
845 4824 960 4867 erat

1690 4939 1869 4944 ....-.7--
1902 4938 2073 4945 ——.-—-—
