3541 5564
526 348 651 412 336
1618 345 2025 405 CONSENTH

528 533 806 609 sentius,
863 530 1057 596 istum
1114 529 1683 614 grammaticorum
1742 549 2128 591 consensum
2189 527 2341 591 inde
2397 536 2607 590 ortum
2665 549 2809 591 esse
2854 526 3111 612 putabi-

359 684 374 697 .
464 633 475 645 ⁸
529 647 705 710 muS,
753 643 826 698 ut
872 631 1301 697 Consentium
1348 653 1476 693 non
1508 628 1792 693 Charisii
1838 638 1903 693 et
1930 627 2270 693 Diomedis
2317 626 2531 707 libris,
2578 628 2693 693 sed
2738 629 3110 693 auctoribus

531 737 612 800 ab
657 733 788 799 illis
833 732 1146 798 adhibitis
1200 755 1392 796 usum
1451 753 1594 795 esse
1640 730 1957 794 dicamus.
2046 730 2218 814 quod
2264 729 2319 792 si
2369 740 2543 794 recte
2587 730 2924 815 ponimus,
2983 728 3113 793 illis

531 837 972 922 grammaticis
1027 857 1191 921 quos
1247 833 1387 896 dixi
1443 833 1670 896 tertius
1725 830 2066 896 addendus
2124 841 2223 896 est
2268 829 2727 913 Cominianus,
2773 833 2957 896 cuius
3003 855 3115 897 no-

531 960 678 1003 men
735 937 911 1023 apud
970 935 1340 1001 Charisium
1394 957 1456 1019 p.
1509 935 1660 1014 175,
1717 933 1800 995 29
1858 932 2300 1018 praepositum
2357 941 2460 997 est
2515 934 2977 997 commentario
3036 932 3114 997 de

532 1038 1102 1123 coniugationibus
1159 1061 1198 1101 a
1252 1037 1604 1102 Consentio
1652 1057 1907 1121 quoque
1964 1056 2049 1098 ex
2103 1033 2322 1120 aliqua
2364 1044 2552 1121 parte
2597 1036 2877 1121 recepto.
2967 1044 3118 1098 sunt

534 1151 875 1229 praeterea
940 1139 1072 1203 alia
1136 1139 1416 1222 vestigia
1479 1137 1781 1223 quamvis
1847 1138 2060 1199 minus
2127 1146 2336 1215 certa,
2412 1135 2646 1221 quibus
2703 1135 2790 1200 ad
2854 1137 3117 1201 eosdem

535 1252 832 1308 auctores
877 1242 1195 1306 ducimur.
1283 1261 1433 1303 nam
1478 1260 1646 1325 quae
1691 1239 1770 1302 de
1817 1237 2186 1302 differentia
2239 1237 2495 1302 activae
2551 1248 2617 1301 et
2660 1238 2966 1323 passivae
3010 1237 3117 1302 de-

539 1344 908 1410 clinationis
956 1343 1143 1407 verbi
1199 1347 1450 1405 tondere
1504 1350 1853 1426 praecepta
1897 1349 2047 1403 sunt
2091 1362 2154 1424 p.
2188 1337 2358 1402 2054
2399 1339 2618 1404 Probo
2666 1340 3039 1406 tribuuntur
3083 1361 3122 1403 a

539 1447 766 1511 Servio
812 1447 879 1508 in
923 1444 1122 1528 Verg.
1171 1445 1339 1507 Aen.
1385 1442 1418 1505 Ι
1467 1441 1610 1505 194.
1684 1441 1768 1505 ad
1814 1440 2273 1505 Palaemonem
2318 1451 2536 1505 autem
2582 1440 2892 1506 videntur
2936 1463 3118 1505 revo-

540 1548 754 1611 canda
799 1568 941 1610 esse
986 1568 1114 1610 non
1160 1542 1340 1608 nulla
1384 1565 1549 1630 quae
1595 1542 1898 1608 similiter
1941 1543 2183 1628 scripta
2227 1552 2456 1608 extant
2508 1542 2576 1605 in
2621 1542 2948 1628 excerptis
2994 1542 3119 1607 Bo-

538 1648 876 1713 biensibus
934 1655 1082 1733 post
1135 1646 1520 1710 Diomedem
1578 1644 1792 1708 editis.
1885 1665 2051 1729 quae
2107 1654 2416 1730 excerpta
2472 1643 2779 1730 quoniam
2833 1644 2928 1709 ita
2972 1667 3124 1709 cum

542 1749 842 1814 Charisio
890 1748 1253 1812 consentire
1299 1746 1638 1826 videbam,
1696 1757 1768 1810 ut
1814 1745 1983 1808 hunc
2027 1747 2433 1832 potissimum
2483 1755 2744 1809 secutus
2789 1745 3125 1811 videretur

542 1853 599 1915 is
645 1852 758 1937 qui
801 1872 880 1913 ea
924 1849 1225 1930 confecit,
1272 1853 1390 1911 ‘ex
1425 1847 1706 1911 Charisii
1751 1855 1892 1911 arte
1935 1847 2362 1930 grammatica
2406 1858 2749 1932 excerpta'
2798 1847 3123 1934 inscripsi,

544 1972 935 2038 quamquam
983 1949 1294 2036 conplura
1338 1972 1420 2013 ex
1464 1947 1609 2012 aliis
1655 1948 1947 2013 fontibus
1992 1948 2200 2034 petita
2228 1970 2372 2011 esse
2414 1971 2545 2014 non
2589 1949 2980 2015 nesciebam.
3043 1970 3128 2012 ex

545 2055 648 2118 his
704 2054 909 2135 igitur
965 2052 1285 2136 quaedam
1349 2049 1728 2114 Palaemoni
1785 2049 2011 2113 deberi
2067 2048 2242 2112 haud
2296 2050 2796 2135 inprobabiliter
2850 2050 3129 2116 coniecit

547 2155 871 2220 Christius
915 2151 1148 2215 Philol.
1197 2151 1324 2217 vol.
1371 2149 1615 2215 XVIII
1659 2174 1721 2236 p.
1776 2151 1896 2215 136
1941 2174 2080 2237 sqq.
2112 2180 2123 2192 ·
2157 2150 2551 2216 Consentius
2598 2161 2813 2215 autem
2858 2174 2922 2237 p.
2961 2151 3130 2216 2060

549 2256 629 2321 de
673 2255 983 2341 qualitate
1028 2254 1377 2318 verborum
1424 2252 1658 2316 iisdem
1702 2253 1842 2315 fere
1886 2251 2106 2315 verbis
2153 2251 2323 2317 dixit
2366 2264 2561 2338 atque
2603 2255 2727 2317 iste
2786 2254 3131 2338 excerptor

547 2382 609 2444 p.
657 2359 813 2438 561,
859 2355 961 2419 25.
1027 2355 1262 2419 deinde
1319 2354 1399 2418 de
1456 2352 1768 2438 singulari
1825 2375 2095 2418 numero
2154 2377 2216 2418 v.
2274 2360 2483 2418 sordes
2542 2363 2801 2439 praeter
2843 2354 3128 2420 Consen-

550 2461 709 2523 tium
753 2481 817 2542 p.
863 2457 1032 2519 2029
1090 2456 1370 2519 relatum
1429 2464 1526 2519 est
1583 2455 1670 2518 ib.
1718 2478 1782 2539 p.
1828 2454 1954 2518 549
1968 2501 1986 2535 ,
2032 2454 2134 2531 30,
2185 2453 2264 2517 de
2311 2454 2495 2519 varia
2538 2454 2971 2520 declinatione
3017 2479 3128 2520 no-

548 2560 743 2624 minis
792 2563 1068 2621 Chremes
1123 2555 1349 2620 eadem
1395 2555 1727 2640 exempla,
1776 2555 2014 2641 quibus
2061 2577 2216 2618 usus
2262 2565 2364 2619 est
2407 2555 2787 2621 Consentius
2833 2580 2896 2642 p.
2939 2557 3129 2638 2050,

554 2660 773 2747 posita
817 2667 970 2723 sunt
1013 2657 1208 2721 Prob.
1259 2656 1494 2721 cathol.
1543 2679 1605 2742 p.
1651 2658 1755 2739 24,
1803 2656 1886 2719 22
1931 2665 1994 2720 et
2040 2678 2179 2721 exc.
2227 2656 2420 2721 Char.
2469 2681 2533 2743 p.
2579 2658 2726 2740 542,
2771 2659 2830 2722 2.

720 2760 975 2842 Quibus
1032 2757 1394 2824 rationibus
1452 2759 1521 2822 in
1577 2781 1753 2823 nova
1798 2757 2082 2824 editione
2127 2780 2283 2823 usus
2329 2759 2450 2823 sim
2497 2761 2721 2846 paucis
2768 2759 3128 2847 explicabo,

550 2866 771 2950 itaque
816 2885 899 2926 ex
942 2861 1152 2926 tribus
1199 2859 1382 2924 libris
1431 2882 1627 2924 manu
1675 2860 1978 2946 scriptis,
2038 2881 2198 2946 quos
2246 2860 2544 2942 adhibui,
2592 2861 2807 2926 nullus
2851 2873 2986 2927 tam
3030 2885 3132 2927 ac-

551 2973 776 3029 curate
823 2986 905 3026 ex
950 2962 1300 3048 archetypo
1346 2982 1694 3047 expressus
1742 2970 1877 3042 est,
1935 2971 2009 3025 ut
2061 2984 2215 3048 prae
2260 2963 2493 3026 ceteris
2540 2962 2745 3027 fidum
2789 2964 3015 3041 ducem
3063 2987 3133 3028 se

552 3066 896 3152 praeberet
950 3065 1034 3128 ad
1063 3067 1370 3127 ”veterem
1425 3064 1814 3147 scripturam
1870 3064 2419 3146 investigandam.
2510 3087 2662 3128 nam
2718 3064 3131 3130 Monacensis

553 3167 816 3253 quidem
864 3165 1070 3229 codex
1114 3176 1188 3229 ut
1231 3164 1467 3228 librum
1514 3163 1595 3227 de
1639 3163 2068 3228 barbarismis
2130 3176 2195 3230 et
2238 3164 2685 3250 metaplasmis
2731 3166 2906 3231 solus
2954 3189 3133 3254 prae·

554 3270 723 3342 buit,
779 3269 874 3331 ita
933 3268 1000 3328 in
1055 3265 1270 3352 priore
1325 3287 1579 3350 quoque
1636 3264 1805 3330 libro
1864 3266 2182 3351 quaedam
2237 3288 2401 3353 quae
2458 3267 2524 3330 in
2569 3267 2835 3353 reliquis
2880 3268 3134 3334 duobus

554 3379 861 3453 corrupta
917 3377 1070 3431 sunt
1132 3367 1388 3450 integra
1452 3366 1772 3447 servavit3
1843 3365 1959 3429 sed
2026 3366 2197 3430 idem
2270 3368 2544 3433 arbitrio
2618 3368 2869 3434 librarii
2942 3392 3137 3455 saepe

554 3471 827 3535 vitiatus
873 3478 992 3532 est.
1081 3468 1431 3531 Bernensis
1491 3475 1707 3531 autem
1763 3467 1973 3531 codex
2027 3469 2326 3552 quamvis
2384 3479 2680 3534 accurate
2726 3472 3002 3556 scriptus
3050 3472 3135 3536 sit

553 3580 620 3635 et
663 3569 991 3634 interdum
1037 3590 1258 3633 veram
1311 3570 1705 3653 scripturam
1759 3568 1939 3632 solus
1999 3569 2338 3653 praebeat,
2396 3581 2617 3635 tamen
2673 3593 2753 3634 ne
2809 3573 2950 3657 ipse
2994 3574 3137 3658 qui-

557 3671 704 3735 dem
772 3668 1270 3754 interpolatione
1337 3672 1596 3734 omnino
1666 3680 1877 3733 vacat.
1968 3670 2247 3755 denique
2316 3670 2658 3737 Leidensis
2714 3672 2957 3755 codex,
3026 3675 3136 3759 qui

555 3772 804 3855 origine
850 3769 935 3833 ad
977 3771 1434 3834 Monacensem
1481 3769 1718 3834 librum
1760 3771 2057 3855 proxime
2103 3771 2412 3837 accedere
2457 3774 2749 3854 videtur,
2797 3774 3135 3858 neglegen-

556 3884 653 3938 ter
699 3873 980 3957 scriptus
1039 3881 1138 3936 est
1195 3881 1261 3934 et
1305 3893 1515 3957 pauca
1560 3871 1735 3935 solus
1782 3880 1958 3936 recte
2004 3874 2249 3958 scripta
2304 3876 2615 3939 servavit.
2706 3897 2906 3959 quare
2949 3877 3016 3939 in
3061 3898 3139 3939 ea

555 3983 743 4062 parte
798 3995 964 4058 quae
1018 3984 1118 4036 est
1174 3971 1256 4035 de
1309 3974 1570 4037 nomine
1628 3984 1693 4038 et
1737 3974 1974 4055 verb0,
2037 3974 2150 4037 ubi
2194 3985 2325 4039 tres
2369 3978 2586 4065 parati
2630 3986 2816 4040 erant
2858 3976 3137 4057 codiceS,

556 4076 656 4139 his
703 4074 873 4138 inter
929 4095 996 4137 se
1052 4072 1587 4138 dissentientibus
1643 4096 1838 4158 saepe
1897 4074 2185 4138 dubitari
2242 4086 2530 4160 poterat,
2578 4079 2679 4141 cui
2726 4078 3136 4162 potissimum

556 4175 718 4240 fides
763 4174 1067 4238 habenda
1112 4185 1303 4238 esset.
1366 4173 1481 4238 sed
1512 4175 1821 4259 quoniam
1868 4174 2246 4261 plerumque
2290 4178 2359 4239 in
2404 4176 2484 4239 iis
2530 4178 2725 4241 rebus
2772 4179 3138 4243 dissensum

553 4276 869 4340 librorum
924 4276 1173 4338 versari
1231 4275 1571 4356 videbam,
1627 4277 1694 4339 in
1750 4276 1987 4360 quibus
2048 4297 2176 4339 non
2230 4277 2503 4341 multum
2549 4279 2923 4361 interesset,
2971 4303 3138 4366 quae

557 4378 880 4462 scriptura
909 4376 1381 4461 praeferretur,
1430 4375 1656 4441 inutile
1690 4387 1753 4441 et
1797 4376 2196 4443 laboriosum
2242 4401 2383 4443 esse
2427 4380 2745 4461 iudicavi,
2792 4382 2949 4466 quid
2982 4404 3136 4466 quo-

559 4499 682 4563 que
738 4477 878 4540 loco
935 4499 974 4539 a
1028 4474 1309 4541 librariis
1375 4489 1712 4564 peccatum
1767 4489 1971 4561 esset,
2042 4491 2342 4545 accurate
2399 4482 2715 4561 indicare,
2774 4483 2934 4546 satis
2995 4504 3136 4567 pro-

558 4588 853 4664 spectum
882 4579 1219 4642 commodo
1251 4579 1606 4664 legentium
1649 4589 1852 4660 ratUS,
1901 4583 1956 4644 si
2002 4582 2068 4644 in
2114 4583 2192 4645 iis
2241 4578 2420 4662 locis,
2465 4583 2533 4645 in
2563 4582 2799 4665 quibus
2847 4582 2950 4647 vel
2993 4605 3136 4667 gra-

558 4680 701 4742 vior
746 4689 919 4743 esset
975 4679 1295 4745 dubitatio
1343 4678 1449 4744 vel
1504 4691 1769 4765 propter
1825 4702 2041 4745 rerum
2100 4683 2493 4746 traditarum
2536 4684 2928 4766 gravitatem
2975 4683 3136 4746 fides

559 4779 916 4862 scripturae
947 4781 1571 4865 circumspiceretur,
1617 4779 1876 4863 integra
1906 4780 2218 4846 librorum
2252 4780 2690 4870 discrepantia
2720 4783 3133 4849 indicaretur.
