3541 5564
260 3055 338 3089 ff.-

363 3205 573 3267 426,16

609 305 730 405 1'26
1735 342 2042 407 pompm

654 464 698 504 p.
725 452 878 493 65—67
904 450 947 491 L.

606 532 808 594 dicunt
851 531 1023 592 oden.
1084 528 1328 591 verbum
1372 530 1448 591 de
1489 529 1671 591 verbo
1716 529 1909 592 Latini
1955 539 2405 611 expresserunt,
2451 539 2517 592 ut
2560 531 2828 592 dicerent
2867 532 3175 611 prosodias

606 643 900 696 accentus
993 631 1097 695 sed
1143 632 1335 694 Latini
1378 630 1600 693 habent
1644 640 1704 692 et
1747 633 1858 695 alia
1904 635 2172 696 nomina:
2217 643 2275 694 et
2316 642 2516 696 tonum
2563 641 2621 693 et
2649 642 2918 696 tenorem
2951 634 3171 695 dicunt.

604 736 750 798 nihil
804 739 1081 805 interest,
1142 737 1262 796 sive
1321 742 1626 796 accentum
1685 733 1950 795 dicamus
2004 738 2126 798 sive
2181 745 2385 798 tonum
2443 738 2566 798 sive
2609 743 2912 806 tenorem;
2971 734 3172 798 eadem

603 840 753 904 ratio
812 847 925 909 est,
983 839 1219 899 nomina
1276 844 1415 898 sunt
1469 843 1691 897 tantum
1744 836 1922 897 modo
1980 837 2281 901 dissimila.
2369 847 2645 901 accentus
2701 841 2800 918 qui
2857 840 3177 901 necessarii

606 939 777 1001 nobis
822 947 959 1002 sunt
1003 940 1120 1001 duo
1164 946 1301 1001 sunt
1343 946 1567 999 tantum
1608 936 1617 1018 Ι
1657 938 1834 999 modo
1879 939 2035 1019 apud
2081 940 2347 1016 Latinos,
2397 947 2604 1002 acutus
2648 950 2707 1003 et
2735 941 3171 1003 circumflexus,
3198 954 3227 994 5

605 1052 811 1104 acutus
856 1043 1074 1104 dicitur
1117 1050 1423 1111 accentus,
1470 1041 1742 1120 quotiens
1787 1043 2006 1103 cursim
2050 1042 2332 1122 syllabam
2376 1044 2766 1123 proferimus,
2815 1050 2881 1104 ut
2925 1045 2977 1103 si
3020 1042 3177 1103 dicas

604 1146 768 1206 arma
825 1146 1031 1206 arcus:
1090 1164 1208 1205 non
1277 1161 1593 1223 possumus
1648 1142 1848 1204 dicere
1904 1147 2097 1215 arma,
2158 1163 2277 1206 non
2344 1165 2657 1225 possumus
2713 1145 2915 1207 dicere
2980 1149 3172 1206 arcus

604 1257 810 1308 acutus
896 1266 1036 1326 ergo
1114 1247 1355 1317 dicitur,
1435 1245 1668 1326 quando
1745 1248 1964 1307 cursim
2048 1246 2330 1326 syllabam
2414 1249 2790 1328 proferimus,
2920 1250 3174 1309 circum·

604 1349 792 1410 flexus
860 1348 1095 1420 dicitur,
1165 1348 1401 1427 quando
1478 1350 1709 1410 tractim
1798 1348 2079 1430 syllabam
2147 1349 2534 1428 proferimuS,
2616 1356 2682 1411 ut
2753 1353 2909 1412 meta
2983 1350 3175 1412 Musa:

604 1470 720 1512 non
792 1470 1110 1531 possumus
1183 1450 1383 1512 dicere
1455 1449 1638 1519 meta,
1715 1466 1834 1511 non
1909 1468 2224 1530 possumus
2298 1451 2498 1513 dicere
2569 1452 2751 1513 Musa.
2845 1469 2987 1531 ergo
3061 1453 3172 1512 cir·
3199 1464 3254 1503 1⁰

604 1552 957 1614 cumssexum
1020 1553 1267 1614 dicimus
1322 1553 1423 1633 qui
1479 1553 1714 1613 tractim
1769 1554 2101 1632 profertur,
2161 1563 2395 1615 acutum
2439 1553 2605 1615 illum
2652 1535 2768 1632 qui'
2796 1555 3038 1616 cursim.
3089 1564 3179 1614 est

605 1657 780 1716 etiam
823 1657 1046 1733 gravis,
1104 1655 1207 1716 sed
1251 1656 1364 1716 iste
1416 1673 1606 1734 paene
1660 1655 1998 1734 superfluus
2045 1662 2134 1717 est
2190 1657 2342 1736 apud
2397 1656 2654 1717 Latinos,
2746 1676 2862 1737 qua
2906 1657 3172 1718 ratione?

604 1775 715 1818 nec
759 1765 966 1818 acutus
1009 1775 1119 1819 nec
1164 1756 1576 1818 circumflexus
1621 1766 1727 1818 est.
1817 1760 2010 1819 omnis
2054 1777 2252 1820 sermo
2296 1776 2540 1820 necesse
2586 1768 2673 1820 est
2714 1767 2780 1820 ut
2809 1765 2912 1821 aut
2941 1767 3173 1820 acutum

603 1858 818 1940 habeat
860 1867 958 1920 aut
1001 1860 1476 1921 circumflexum:
1524 1858 1721 1921 nullus
1767 1866 1857 1920 est
1902 1879 2127 1930 sermo,
2177 1862 2277 1940 qui
2322 1845 2448 1922 sine
2491 1862 2617 1922 istis
2663 1862 2764 1922 sit:
2810 1863 2863 1922 si
2906 1880 3025 1922 non
3073 1861 3173 1922 ha·

603 1960 704 2021 bet
758 1970 1023 2031 acutum,
1082 1961 1530 2023 circumflexum
1595 1960 1802 2030 habet;
1871 1964 1921 2023 si
1989 1982 2110 2024 non
2166 1961 2347 2024 habet
2401 1963 2874 2034 circumflexum,
2937 1970 3170 2025 acutum
3196 1975 3252 2017 15

602 2062 797 2124 habet.
847 2070 905 2123 et
959 2065 1153 2143 gravis
1197 2063 1300 2126 ubi
1345 2067 1483 2135 erit,
1543 2066 1592 2125 si
1649 2062 1736 2124 vel
1778 2063 1878 2124 ille
1931 2063 2021 2125 vel
2067 2064 2166 2125 ille
2210 2063 2322 2126 sibi
2366 2084 2706 2126 sermonem
2747 2066 3039 2127 vindicat?
3112 2069 3170 2127 in

601 2164 879 2244 reliquiS,
938 2163 1040 2226 ubi
1095 2184 1213 2227 non
1273 2173 1362 2228 est
1415 2184 1526 2227 nec
1581 2174 1789 2227 acutus
1846 2185 1956 2228 nec
2012 2167 2454 2238 circumflexus,
2510 2170 2572 2229 iu
2627 2168 2877 2247 reliquis
2934 2168 3172 2248 syllabis

601 2269 786 2348 ipsius
832 2269 1144 2329 sermonis
1237 2277 1300 2329 ut
1352 2275 1491 2348 puta
1538 2268 1895 2337 malesanus;
1955 2287 2018 2330 sa
2062 2269 2505 2330 circumflexum
2559 2269 2764 2340 babet,
2822 2289 2916 2331 ma
2961 2270 3020 2330 le
3064 2288 3173 2332 nus

601 2371 747 2431 istae
792 2377 915 2432 tres
957 2368 1213 2451 syllabae
1258 2388 1495 2448 gravem
1552 2368 1775 2431 habent
1816 2379 2141 2432 accentum.
2227 2383 2361 2433 nam
2420 2372 2555 2434 ideo
2611 2373 2803 2434 dictus
2847 2380 2938 2434 est
2981 2375 3174 2451 gravis

602 2471 712 2532 hac
756 2473 1015 2542 ratione,
1076 2471 1233 2549 quod
1278 2474 1473 2533 minus
1525 2480 1724 2543 sonet,
1782 2493 1953 2554 quam
2011 2483 2179 2536 sonat
2234 2473 2334 2535 ille
2390 2473 2700 2553 legitimus
2789 2494 2883 2536 ma
2941 2474 2998 2535 le
3043 2493 3171 2544 uus,
3197 2487 3250 2528 ἓν

603 2573 885 2654 numquid
930 2576 1015 2635 sic
1059 2581 1272 2634 sonant
1315 2593 1521 2636 omnes
1563 2577 1712 2636 istae
1756 2574 2043 2656 syllabae,
2103 2595 2280 2656 quem
2325 2577 2397 2638 ad
2443 2577 2684 2638 modum
2729 2588 2901 2638 sonat
2942 2578 3042 2639 sa?
3110 2597 3171 2639 sa

602 2677 734 2757 plus
782 2682 969 2737 sonat.
1016 2675 1151 2736 ideo
1197 2675 1388 2737 dictae
1431 2686 1567 2738 sunt
1594 2677 1728 2740 illae
1758 2676 1980 2739 babere
2020 2695 2254 2756 gravem
2287 2687 2612 2750 accentum,
2661 2679 2817 2757 quod
2850 2685 2909 2741 et
2938 2682 3172 2760 pigrum
3222 2669 3232 2678 ’

605 2787 663 2840 et
706 2779 903 2840 minus
958 2789 1190 2840 sonent.
1282 2796 1422 2858 ergo
1480 2781 1634 2842 scire
1688 2777 1870 2842 debes
1926 2781 2059 2860 quia
2114 2780 2278 2843 nullo
2332 2781 2464 2843 loco
2518 2785 2709 2861 gravis
2759 2785 2904 2862 poni
2957 2789 3168 2864 potest,

602 2888 889 2962 quantum
944 2880 1017 2941 ad
1073 2880 1382 2942 utilitatem
1435 2885 1718 2962 pertinet,
1779 2885 1890 2944 nisi
1950 2882 2052 2945 ubi
2107 2903 2227 2945 non
2282 2884 2462 2946 fuerit
2515 2892 2722 2946 acutus
2778 2894 2880 2946 aut
2919 2889 3170 2947 circum-

602 2984 821 3053 ssexus;
867 2983 1988 3086 ἰπὶ-ψ,
2047 3005 2167 3047 nou
2223 2986 2335 3048 sibi
2378 2986 2694 3066 specialem
2737 2988 2992 3048 vindicat
3035 3006 3168 3067 par·
3193 2998 3246 3038 2³·

601 3094 747 3157 tem,
794 3104 915 3146 non
961 3084 1137 3147 habet
1178 3088 1502 3166 propriam.
1592 3088 1694 3149 sed
1739 3089 1855 3150 hoc
1898 3088 2053 3167 apud
2099 3089 2336 3150 Latinos
2381 3097 2627 3151 tantum.

768 3187 840 3248 Et
885 3186 1025 3265 quid
1070 3195 1159 3248 est
1201 3189 1329 3268 ipse
1373 3192 1687 3252 accentus?
1732 3193 1812 3252 ita
1843 3191 2116 3253 definitus
2147 3199 2264 3263 est,
2314 3193 2626 3254 ‘accentus
2655 3200 2744 3254 est
2777 3194 2949 3273 quasi
2978 3194 3168 3254 anima

600 3291 813 3357 vocis',
860 3288 920 3349 id
945 3296 1061 3349 est
1103 3299 1381 3352 accentus
1426 3299 1515 3352 est
1557 3294 1750 3355 anima
1794 3291 2110 3354 verborum
2157 3302 2216 3355 et
2244 3296 2437 3356 anima
2467 3296 2628 3356 vocis
2657 3297 2836 3361 unius
2866 3297 3164 3376 cuiusque.

597 3409 772 3469 quem
821 3391 894 3450 ad
937 3391 1179 3454 modum
1225 3411 1441 3473 corpus
1485 3401 1751 3455 nostrum
1797 3414 1916 3456 non
1959 3403 2156 3476 potest
2201 3415 2330 3459 esse
2376 3399 2504 3458 sine
2549 3399 2775 3467 anima,
2823 3399 2908 3459 sic
2939 3416 3050 3459 nec
3080 3398 3165 3459 ul-

596 3491 719 3553 lum
767 3492 1010 3555 verbum
1058 3513 1170 3555 nec
1213 3494 1371 3556 ullus
1417 3515 1615 3557 sermo
1659 3500 1788 3559 sine
1832 3506 2081 3559 accentu
2125 3508 2321 3578 potest
2365 3518 2516 3561 esse.
2589 3506 2650 3561 et
2695 3518 2871 3579 quem
2929 3499 3002 3560 ad
3045 3519 3166 3560 mo·
3193 3508 3241 3549 ³⁰

597 3594 735 3655 dum
784 3598 976 3659 anima
1022 3605 1221 3658 nostra
1266 3599 1327 3657 in
1372 3606 1497 3659 toto
1543 3617 1793 3680 corpore
1836 3602 1960 3681 ipsa
2006 3600 2136 3681 plus
2179 3610 2404 3682 potest,
2453 3604 2537 3663 sic
2583 3604 2757 3663 etiam
2803 3602 2907 3664 illa
2951 3601 3168 3682 syllaba

595 3696 732 3777 plus
777 3704 947 3759 sonat
989 3700 1053 3759 in
1097 3707 1221 3759 toto
1265 3698 1476 3771 verbo,
1536 3719 1686 3778 quae
1741 3712 2051 3764 accentum
2108 3702 2307 3766 habet.
2380 3722 2521 3784 ergo
2563 3704 2664 3766 illa
2708 3703 2960 3784 syllaba,
3020 3722 3168 3785 quae

597 3806 913 3862 accentum
958 3800 1165 3873 habet,
1227 3802 1362 3881 plus
1418 3811 1614 3875 sonat,
1672 3808 1841 3885 quasi
1895 3807 2023 3885 ipsa
2078 3805 2259 3867 habet
2311 3809 2598 3868 maiorem
2650 3814 3023 3888 potestatem.
3114 3814 3171 3866 et

738 4025 764 4074 1
805 4032 861 4071 ut
903 4024 1127 4073 dicerent
1171 4026 1439 4089 prosodias
1479 4026 1851 4077 Lindemannus
1896 4037 1951 4077 ut
1988 4027 2210 4079 dicerent
2246 4027 2485 4094 prosodia
2524 4029 2691 4081 ABG
2831 4032 2862 4079 2
2912 4038 2963 4078 et
2995 4038 3166 4079 tonum

594 4110 687 4147 om.
722 4094 883 4144 ABG
979 4093 1012 4145 6
1048 4104 1104 4143 ut
1145 4096 1191 4143 si
1219 4096 1361 4146 dicas
1393 4111 1533 4146 arma
1570 4112 1668 4147 non
1693 4112 1965 4162 possumus
1997 4098 2166 4148 dicere
2193 4099 2352 4150 armai
2378 4113 2525 4150 arcus
2559 4115 2658 4151 non
2694 4114 2968 4173 possumus
3003 4100 3167 4149 dicere

596 4166 655 4229 (a
693 4166 814 4217 add.
857 4160 951 4229 a*)
988 4179 1126 4213 arma
1165 4180 1312 4215 arcus
1351 4180 1447 4216 non
1486 4182 1758 4233 possumus
1796 4167 1961 4217 dicere
1997 4169 2056 4233 (a
2092 4170 2213 4220 add.
2249 4170 2309 4234 a)
2345 4185 2492 4219 arcus
2529 4171 2579 4220 A
2718 4171 2748 4219 7
2796 4171 2964 4221 dicere
3002 4169 3168 4220 affirma

1740 4246 1767 4274 a
2573 4250 2599 4277 a

594 4301 743 4336 arcus
789 4300 886 4335 non
930 4300 1205 4350 possumus
1240 4285 1416 4336 afircus
1459 4289 1500 4338 0
1543 4289 1710 4340 dicere
1746 4304 1888 4338 arma
1922 4303 2068 4339 arcus
2108 4306 2206 4340 non
2246 4307 2521 4357 possumus
2577 4306 2725 4342 arcus
2762 4292 2813 4342 B
2954 4292 3019 4343 10
3068 4305 3164 4341 non

594 4371 797 4421 possum
846 4356 1013 4405 dicere
1052 4364 1187 4404 meta
1223 4371 1324 4406 non
1359 4372 1628 4422 possumus
1669 4360 1908 4424 (possum
1947 4359 2009 4419 0)
2048 4361 2216 4412 dicere
2263 4377 2408 4411 musa
2444 4362 2611 4413 ABG
2749 4363 2812 4412 12
2851 4377 2950 4425 qua
2976 4363 3164 4411 ratione

593 4428 712 4488 quia
750 4441 840 4476 nec
876 4434 1055 4476 acutus
1092 4441 1185 4475 nec
1222 4428 1575 4477 circumflexus
1607 4430 1769 4479 omnis
1806 4429 1846 4479 C
1988 4430 2051 4481 16
2090 4440 2139 4480 et
2183 4432 2283 4494 (est
2316 4433 2439 4482 add.
2475 4432 2553 4498 B)
2588 4433 2765 4499 grauis
2805 4433 2893 4482 ubi
2929 4432 3022 4482 erit
3059 4432 3164 4482 siue

594 4496 661 4559 (si
698 4498 778 4546 uel
816 4496 888 4560 B)
937 4495 1019 4544 ille
1062 4496 1142 4544 uel
1187 4496 1271 4546 ille
1319 4498 1415 4547 sibi
1460 4513 1743 4549 sermonem
1783 4499 2018 4549 uindecat
2054 4502 2340 4565 (uindicem
2375 4502 2452 4566 B)
2491 4504 2543 4551 in
2586 4503 2793 4567 reliquis
2830 4503 2916 4551 ubi
2955 4516 3056 4551 non
3093 4510 3167 4550 est

592 4582 686 4615 nec
732 4576 912 4616 acutus
952 4566 1063 4615 AB
1112 4574 1189 4615 est
1234 4574 1281 4615 et
1324 4568 1500 4633 grauis
1529 4570 1618 4619 ubi
1650 4584 1750 4619 non
1796 4580 1872 4620 est
1907 4578 2085 4622 acutus
2118 4572 2160 4623 G
2291 4572 2357 4622 18
2386 4572 2678 4623 malesanus
2714 4574 2903 4622 malesa
2938 4586 2998 4621 sa
3025 4571 3166 4622 BGa

592 4637 882 4686 malesanus
931 4635 1123 4686 molesa
1172 4639 1218 4686 A
1360 4636 1627 4704 20⁷sonatJ
1681 4647 1828 4690 sonet
1877 4640 2046 4691 ABG
2180 4643 2243 4692 21
2289 4657 2463 4691 omnes
2495 4643 2611 4693 illae
2642 4642 2866 4706 syllabae
2901 4643 2954 4692 B
2992 4655 3165 4691 omnes

594 4707 719 4756 istae
755 4708 951 4758 litterae
988 4705 1092 4756 ΑΟ
1130 4742 1141 4756 ,
1225 4709 1291 4759 22
1327 4711 1472 4775 pigre
1501 4710 1542 4761 0
1677 4710 1745 4760 26
1783 4712 1920 4776 apud
1943 4711 2150 4762 Latinos
2185 4721 2379 4762 tantum
2407 4714 2779 4764 Lindemannus
2812 4713 2951 4779 apud
2986 4711 3163 4761 latinos

592 4786 756 4825 tamen
799 4778 961 4827 ABG
1093 4778 1157 4830 31
1197 4781 1345 4828 etiam
1385 4781 1470 4829 illa
1506 4779 1700 4844 syllaba
1732 4781 1880 4832 Boo
1915 4784 2062 4833 etiam
2101 4784 2215 4847 ipsa
2250 4782 2449 4847 syllaba
2480 4785 2529 4833 A
2634 4783 2701 4835 33
2737 4784 2881 4848 qnasi
2916 4783 3033 4848 ipsa
3061 4780 3164 4831 AB

592 4848 736 4908 quasi
766 4848 878 4912 ipse
909 4849 989 4898 Ga
