3541 5564
498 346 625 410 414
1249 354 1254 359 “
1633 339 1928 402 PHOCAE

552 469 595 510 p.
619 455 709 497 325.
735 457 785 496 26
812 454 855 493 L.
2670 456 2712 497 p.
2742 445 2857 485 ισοξ.
2885 443 2937 484 os
2964 442 3009 481 r.

506 536 718 618 [unum
761 535 956 615 pondo
1001 551 1119 593 non
1164 532 1284 592 dici
1327 533 1611 598 sciamus,
1659 531 1762 589 sed
1810 532 1871 589 in
1915 531 2127 590 libram
2173 531 2410 590 referri.
2480 530 2594 590 duo
2640 529 2799 588 enim
2844 532 2902 585 et
2946 527 3061 584 tria

499 639 694 719 pondo
749 644 810 697 et
865 638 1145 714 deinceps
1209 633 1608 694 observamus,
1698 632 1757 692 id
1814 651 2046 712 quoque
2103 631 2582 700 observabimuS,
2630 638 2723 700 ut,
2789 630 3060 709 quotiens

502 743 574 802 de
619 747 829 800 neutro
874 739 1208 817 loquamur,
1268 743 1535 814 correpte
1592 734 1856 795 dicamus
1912 735 2026 795 duo
2072 736 2235 795 milia
2280 726 2461 813 παρὰ
2503 726 2577 794 τὸ
2623 726 2769 793 δύο.
2858 734 2919 791 in
2964 749 3058 790 ac-

501 850 678 904 centu
723 843 882 902 enim
927 841 1100 918 longo
1156 839 1271 898 duo
1315 839 1581 898 homines
1625 844 1686 896 et
1731 837 1902 897 ambo
1946 838 2245 908 homineS,
2304 838 2451 897 duae
2509 836 2792 898 mulieres
2836 841 2895 894 et
2938 853 3059 895 am-

502 945 611 1007 bae
656 945 935 1004 mulieres
980 939 1308 1020 dicuntur.]
1359 940 1473 1000 duo
1519 946 1716 1000 autem
1760 947 1820 999 et
1865 937 2037 999 ambo
2083 942 2195 1000 etsi
2240 947 2512 1019 correpta
2558 958 2688 999 esse
2732 939 3057 1007 videantur,
3085 954 3112 996 5

501 1055 697 1108 tamen
729 1047 1063 1105 accusativo
1094 1043 1412 1122 dupliciter
1443 1042 1797 1101 efferuntur:
1846 1060 2096 1121 namque
2141 1042 2248 1102 hos
2294 1043 2438 1103 duos
2483 1050 2541 1102 et
2587 1042 2691 1102 hos
2736 1040 2870 1108 duo,
2916 1046 3060 1103 item

501 1148 702 1211 ambos
747 1156 806 1209 et
850 1146 1021 1208 ambo
1067 1146 1219 1225 apud
1266 1152 1537 1205 auctores
1582 1146 1933 1205 invenimus,
2011 1146 2343 1206 communia
2388 1144 2448 1205 hi
2497 1152 2557 1204 et
2600 1144 2745 1204 haec
2790 1143 2904 1203 duo
2950 1144 3059 1204 hae

501 1251 649 1311 duae
696 1257 755 1311 et
810 1247 981 1309 ambo
1038 1255 1096 1307 et
1151 1247 1385 1315 ambae,
1449 1247 1659 1306 horum
1703 1246 1952 1307 duorum
1999 1255 2057 1307 et
2102 1247 2408 1308 amborum
2453 1247 2663 1307 harum
2708 1246 2957 1306 duarum
3002 1254 3062 1306 et

501 1352 836 1421 ambarum,
896 1349 1125 1410 duobus
1181 1356 1240 1410 et
1299 1347 1582 1408 ambobus
1637 1348 1865 1409 duabus
1910 1355 1969 1407 et
2013 1349 2325 1419 ambabus,
2375 1350 2520 1410 duos
2565 1357 2622 1409 et
2667 1348 2871 1409 ambos
2916 1348 3061 1408 duas

505 1462 564 1514 et
609 1452 825 1521 ambas,
874 1452 990 1512 duo
1035 1459 1094 1512 et
1137 1450 1325 1519 ambe,
1374 1451 1604 1511 duobus
1648 1458 1707 1512 et
1752 1450 2034 1511 ambobus
2078 1451 2306 1512 duabus
2350 1459 2410 1512 et
2454 1450 2757 1512 ambabus.
3087 1464 3137 1503 1⁰

667 1554 713 1613 V
757 1555 1072 1614 terminata
1128 1555 1255 1613 sine
1316 1554 1716 1613 controversia
1774 1556 1969 1613 neutri
2016 1556 2259 1631 generis
2304 1561 2443 1613 sunt
2486 1563 2544 1613 et
2588 1560 2832 1632 quartae
2879 1553 3057 1613 decli·

499 1658 784 1725 nationis,
833 1662 1027 1735 aptota
1076 1658 1137 1716 in
1185 1655 1474 1732 singulari
1519 1673 1795 1725 numero,
1844 1657 1903 1715 in
1950 1655 2161 1734 plurali
2195 1656 2597 1724 declinantur,
2644 1663 2703 1715 et
2747 1662 2884 1715 sunt
2926 1675 3059 1735 per-

499 1777 704 1838 pauca.
794 1777 824 1817 e
881 1756 1098 1836 quibus
1153 1758 1445 1836 pluralem
1501 1776 1812 1817 numerum
1868 1755 2204 1839 admitltunt
2259 1776 2414 1835 genu
2459 1776 2644 1818 cornu
2691 1776 2833 1818 veru
2878 1777 3061 1837 specu

499 1862 758 1931 tonitru;
806 1866 1003 1920 cetera
1050 1877 1284 1937 semper
1327 1860 1676 1936 singularia,
1729 1867 1792 1920 ut
1835 1860 1944 1920 hoc
1988 1878 2124 1920 seru
2169 1860 2303 1938 gelu
2348 1878 2500 1939 pecu
2544 1867 2719 1920 testu.
2809 1861 3061 1921 dicimus

499 1970 692 2022 tamen
739 1968 798 2021 et
842 1961 986 2021 haec
1033 1967 1183 2021 testa
1227 1968 1285 2020 et
1329 1961 1439 2021 hoc
1485 1980 1682 2041 pecus.
3086 1975 3138 2015 15

666 2063 730 2124 Al
789 2062 1011 2141 syllaba
1057 2064 1222 2122 finita
1269 2066 1461 2124 neutri
1520 2071 1657 2125 sunt
1713 2067 1952 2141 generis
1996 2072 2056 2124 et
2098 2066 2310 2125 tertiae
2357 2065 2794 2136 declinationiS,
2842 2073 2908 2126 ut
2952 2067 3062 2128 hoc

498 2166 716 2227 animal
784 2166 1083 2233 animalis,
1142 2164 1252 2224 hoc
1307 2166 1587 2243 vectigal,
1648 2167 1758 2226 hoc
1813 2166 2102 2236 tribunal,
2163 2166 2271 2227 hoc
2327 2163 2644 2247 luperllcal.
2735 2187 2916 2229 unum
2972 2178 3064 2231 est

498 2267 804 2331 masculini
849 2268 1086 2344 generis
1129 2268 1625 2345 monosyllabum,
1674 2268 1772 2328 hic
1818 2269 1901 2329 sal
1950 2268 2114 2337 salis,
2162 2276 2222 2328 et
2263 2268 2511 2329 barbara
2545 2273 2809 2349 propria,
2859 2279 2921 2332 ut
2965 2272 3062 2332 hic

497 2367 789 2430 Hannibal
847 2367 1178 2428 Hasdrubal
1250 2368 1508 2430 Hiemsal
1577 2370 1891 2430 Adherbal.
1983 2371 2021 2431 il
2088 2371 2307 2450 syllaba
2379 2374 2687 2433 terminata
2753 2374 3061 2435 masculini

496 2479 636 2531 sunt
679 2472 946 2548 generiS,
998 2470 1094 2529 hic
1141 2471 1302 2548 pugil
1344 2471 1441 2532 hic
1486 2473 1698 2549 mugil;
1746 2474 1848 2533 sed
1883 2474 2172 2535 luvenalis
2215 2474 2312 2533 hic
2354 2475 2590 2551 mugilis
2633 2478 3060 2537 nominativum
3085 2484 3138 2525 ²0

498 2573 678 2632 dixit:
738 2591 920 2631 unum
974 2574 1333 2641 communis,
1394 2573 1490 2632 hic
1546 2582 1603 2634 et
1659 2573 1805 2634 haec
1862 2576 2032 2652 vigil,
2090 2593 2272 2634 unum
2318 2576 2619 2647 feminini,
2678 2578 2824 2638 haec
2869 2578 3058 2639 Tana·

498 2674 654 2754 quil:
701 2681 760 2733 et
805 2674 1000 2733 omnia
1046 2674 1313 2751 exemplo
1360 2676 1568 2752 tertiae
1615 2675 2030 2737 declinationis
2074 2677 2477 2738 inflectuntur.
2541 2677 2625 2758 [ol
2670 2698 2852 2740 unum
2897 2683 3057 2741 inve-

498 2778 660 2836 nitur
705 2775 1015 2836 masculini
1061 2777 1329 2852 generis,
1379 2785 1442 2837 ut
1487 2777 1582 2838 hic
1627 2776 1763 2858 sol.]
1836 2777 1892 2837 ul
1940 2778 2160 2858 syllaba
2206 2780 2368 2840 finita
2415 2780 2529 2841 duo
2573 2789 2709 2842 sunt
2753 2782 3061 2844 masculini

497 2879 767 2955 generis,
826 2877 922 2937 hic
979 2876 1212 2946 consul,
1279 2877 1379 2936 hic
1434 2881 1699 2957 praesul,
1769 2900 1948 2941 unum
2005 2885 2361 2952 communiS,
2419 2884 2516 2943 hic
2572 2891 2630 2943 et
2686 2884 2833 2946 haec
2886 2887 3060 2946 exul:

497 2979 703 3039 ‘exul
751 2979 983 3038 adhuc
1029 2980 1223 3038 iacet
1266 2979 1519 3041 umbra
1566 2981 1841 3042 ducis':
1890 2990 1947 3042 et
1992 2991 2129 3044 sunt
2174 2987 2383 3045 tertiae
2431 2986 2869 3056 declinationiS,
2918 3007 3056 3049 con·
3085 2995 3136 3035 ²5

498 3080 640 3140 sulis
686 3079 874 3140 exulis
918 3080 1224 3159 praesuliS.

666 3182 771 3241 Vm
816 3181 1040 3260 syllaba
1083 3184 1397 3244 terminata
1441 3187 1678 3260 generis
1722 3194 1857 3246 sunt
1901 3189 2096 3248 neutri
2142 3195 2201 3248 et
2247 3189 2492 3249 secundi
2537 3191 2791 3260 ordini5‚
2839 3200 2904 3252 ut
2947 3193 3059 3252 hoc

494 3284 675 3344 telum
719 3283 854 3352 teli,
903 3284 1130 3345 caelum
1175 3285 1352 3353 caeli,
1402 3284 1620 3346 bellum
1667 3287 1839 3357 belli,
1887 3306 2137 3366 regnum
2181 3294 2379 3368 regni,
2428 3293 2610 3352 satum
2657 3294 2781 3354 fati.
2843 3296 2902 3354 in
2948 3294 3056 3355 hac

496 3386 874 3445 extremitate
921 3386 1082 3447 nulla
1128 3387 1244 3448 sibi
1290 3387 1483 3448 locum
1529 3388 1885 3467 ambiguitas
1932 3391 2208 3453 vindicat.
2650 3399 2656 3406 '

660 3485 750 3545 En
807 3485 1029 3565 syllaba
1084 3490 1368 3549 finiuntur
1423 3491 1442 3548 i
1499 3491 1683 3551 vocali
1737 3495 2073 3571 praeposita
2129 3494 2244 3554 duo
2300 3502 2529 3556 tantum
2589 3496 2760 3556 modo
2817 3501 3134 3575 generis³⁰

631 3690 657 3739 1
699 3703 849 3739 unum
879 3689 1047 3754 pondo
1080 3691 1229 3744 Char.
1265 3691 1348 3750 35,
1380 3693 1462 3747 21.
1493 3709 1605 3743 exc.
1642 3695 1793 3749 Char.
1827 3695 1948 3753 551,
1990 3693 2053 3745 10
2221 3698 2279 3748 11
2319 3712 2351 3745 u
2385 3699 2650 3748 terminata
2687 3700 2836 3752 Char.
2871 3699 2965 3766 31,
2999 3705 3051 3756 4.

492 3759 578 3822 35,
617 3758 683 3809 30
850 3759 912 3811 16
949 3761 996 3810 al
1048 3761 1245 3826 syllaba
1283 3761 1433 3816 Char.
1474 3767 1570 3826 25,
1614 3763 1676 3815 15
1840 3765 1906 3813 20
1941 3764 2024 3814 liic
2061 3767 2218 3832 mugil
2250 3768 2401 3820 Char.
2446 3768 2562 3830 107,
2594 3770 2644 3820 6.
2694 3771 2819 3836 136,
2852 3774 2920 3821 22

492 3828 647 3950 ΞῗαῗΙ
670 3828 891 3962 ἒὲΙιΙῙιῑὲἒ
915 3830 1067 3881 Char.
1097 3831 1183 3897 30,
1211 3831 1294 3882 11.
1333 3848 1446 3883 exc.
1489 3834 1635 3884 Char.
1676 3835 1798 3898 544,
1834 3835 1866 3884 5
2039 3834 2106 3887 30
2152 3853 2213 3888 en
2262 3838 2457 3902 syllaba
2500 3839 2653 3895 Char.
2690 3843 2772 3900 28,
2818 3843 2902 3896 12.
2937 3858 3052 3893 eaec.

628 4086 661 4136 5
689 4087 782 4136 etsi
823 4090 1107 4138 communia
1147 4104 1261 4139 esse
1298 4089 1561 4139 videantur
1601 4092 1971 4142 Lindemannus
2109 4095 2143 4145 6
2175 4099 2463 4146 accusatiuo
2495 4115 2532 4163 9
2568 4101 2617 4148 in
2655 4100 2943 4151 accusatiuo
2976 4103 3055 4165 [ς

490 4156 544 4203 in
573 4157 920 4206 accusatiuum
952 4159 1060 4206 PF
1229 4159 1440 4208 efferunt
1469 4161 1518 4209 P
1689 4162 1718 4210 7
1743 4165 2044 4216 ,communia
2084 4165 2359 4226 (communi
2389 4165 2460 4231 F)
2489 4168 2571 4218 hic
2606 4180 2653 4218 et
2683 4169 2807 4220 baec
2834 4171 2935 4220 duo
2973 4173 3051 4223 uel

491 4225 624 4275 duae
670 4234 719 4275 et
763 4227 909 4276 ambo
948 4236 998 4276 et
1035 4228 1212 4277 ambae
1248 4228 1425 4278 horum
1462 4230 1676 4279 duorum
1720 4241 1768 4281 et
1809 4234 2067 4284 amborum
2104 4235 2182 4299 (et
2217 4236 2474 4286 amborum
2520 4255 2608 4289 om.
2649 4241 2716 4298 F,
2749 4241 2870 4290 add.
2901 4241 2968 4305 f)
3006 4253 3053 4290 et

492 4296 704 4344 duarum
743 4305 791 4345 et
826 4296 1082 4346 ambarum
1114 4298 1312 4347 duobus
1348 4309 1396 4348 et
1434 4300 1679 4349 ambobus
1722 4302 1943 4366 (duabus
1979 4315 2026 4354 et
2063 4305 2307 4357 ambabus
2343 4308 2464 4360 add.
2500 4310 2561 4372 f)
2606 4309 2735 4359 duos
2784 4319 2833 4359 et
2880 4311 3051 4360 ambos

490 4365 618 4414 duas
668 4375 716 4414 et
766 4367 939 4418 ambas
985 4369 1083 4417 duo
1134 4376 1187 4417 et
1229 4369 1376 4418 ambo
1412 4367 1569 4433 (duae
1607 4379 1654 4420 et
1690 4375 1870 4423 ambae
1907 4374 2029 4427 add.
2064 4375 2124 4437 s)
2173 4376 2369 4426 duobus
2407 4387 2455 4426 et
2489 4379 2732 4436 ambobus
2771 4381 2968 4430 duabus
3004 4389 3052 4431 et

490 4434 732 4486 ambabus
769 4436 876 4484 PF
976 4438 1038 4488 12
1076 4447 1124 4487 et
1159 4447 1273 4488 sunt
1309 4454 1562 4505 perpauca
1598 4442 1782 4505 quibus
1809 4442 1857 4489 P
1884 4452 1936 4492 ut
1963 4453 2081 4494 sunt
2114 4447 2144 4510 ᾗ
2179 4461 2368 4510 paucae
2406 4449 2586 4511 quibus
2622 4449 2672 4495 F
2702 4459 2749 4498 et
2787 4459 2904 4500 sunt
2937 4466 3044 4515 per-

488 4519 650 4569 pauca
686 4521 813 4569 quae
842 4506 916 4568 Ῑς
1019 4508 1081 4558 15
1116 4507 1239 4557 haec
1265 4516 1423 4559 testea
1458 4511 1508 4559 F
1640 4519 1689 4560 et
1727 4512 1852 4561 haec
1883 4529 2041 4578 pecua
2070 4529 2102 4570 ς
2244 4516 2308 4567 19
2343 4517 2583 4568 asdrubal
2621 4519 2669 4566 P
2700 4519 2970 4570 hasdrubal
3009 4521 3058 4570 F

591 4573 636 4623 el
676 4576 837 4624 neutri
872 4578 1075 4642 generis
1114 4587 1231 4628 sunt
1268 4588 1320 4628 ut
1357 4579 1453 4628 mel
1488 4587 1535 4628 et
1577 4580 1661 4635 l'el.
1704 4582 1736 4630 il
1777 4582 1972 4646 syllaba
2011 4585 2273 4635 terminata
2310 4600 2342 4642 ς
2448 4588 2514 4637 20
2541 4590 2790 4638 iuuenalis
2822 4589 2905 4639 bic
2943 4607 3051 4639 mu-

491 4642 626 4709 gilus
656 4646 734 4695 F.-
769 4645 939 4699 quen.
974 4655 1072 4700 sat.
1109 4647 1192 4710 10,
1231 4648 1331 4699 317
1469 4652 1535 4699 22
1573 4651 1618 4699 01
1651 4677 1719 4686 ——
1750 4654 1826 4700 sol
1864 4670 1956 4704 om.
1992 4654 2064 4714 P,
2099 4655 2220 4704 add.
2254 4657 2390 4721 Fys·
2528 4659 2594 4708 24
2632 4657 2713 4706 hic
2759 4669 2808 4708 et
2844 4669 2893 4709 et
2928 4660 3052 4710 haec

492 4713 611 4762 exul
658 4713 822 4763 adhuc
865 4716 983 4765 iacit
1023 4719 1198 4766 umbra
1239 4718 1381 4767 ducis
1420 4717 1630 4770 lucanus
1665 4721 1737 4769 F:
1773 4723 1964 4771 Lucan.
1999 4724 2236 4775 Pharsal.
2275 4728 2391 4775 VIII
2426 4726 2527 4778 837
2667 4726 2734 4778 30
2761 4746 2819 4778 en
2858 4731 3051 4796 syllaba

493 4798 621 4848 quae
652 4783 891 4835 finiuntur
931 4799 965 4844 ς
1102 4788 1305 4855 generis
1337 4789 1597 4839 masculini
1631 4789 1917 4854 (masculini
1952 4795 2154 4861 generis
2184 4794 2244 4858 ς)
2279 4805 2398 4846 sunt
2423 4806 2476 4847 ut
2512 4797 2593 4847 hic
2630 4799 2735 4849 rien
2772 4799 2865 4855 Ἐς
