3541 5564
465 1257 1018 1342 EXGERPTA
1093 1256 1607 1340 MAOROBH
1678 1258 1821 1338 DE
1895 1253 2634 1339 DIFFERENTIIS
2706 1255 2834 1335 ET

540 1409 1300 1498 SOOIETATIBVS
1339 1408 1732 1494 GRAECI
1796 1410 2363 1516 LA'PJNIQVE
2424 1408 2749 1494 VERBI

1499 1645 1797 1656 —.....—-—

531 1800 715 1880 Quae
772 1800 1145 1865 Macrobius
1204 1799 1284 1863 de
1339 1800 1717 1865 differentiis
1776 1812 1840 1865 et
1898 1801 2321 1866 societatibus
2364 1801 2581 1886 graeci
2628 1800 2939 1886 latinique

363 1903 549 1968 verbi
605 1904 953 1990 scripserat
1006 1926 1134 1966 non
1190 1904 1474 1988 integra,
1517 1904 1633 1967 ‘sic
1689 1913 1760 1967 ut
1804 1905 1886 1970 ab
1934 1903 2045 1970 illo
2105 1905 2347 1989 scripta
2390 1912 2612 1983 erant,
2660 1913 2939 1967 aetatem

363 2005 679 2084 tulerunt,
723 2006 841 2070 sed
887 2028 1032 2069 cum
1079 2004 1229 2070 olim
1276 2029 1314 2069 a
1357 2007 1794 2089 grammaticis
1836 2007 2171 2093 utriusque
2216 2006 2475 2090 linguae
2522 2004 2828 2068 studiosis
2873 2004 2940 2066 in

363 2108 799 2193 conpendium
865 2107 1135 2184 redacta
1189 2118 1254 2171 et
1310 2106 1456 2172 aliis
1514 2109 1802 2191 omissis,
1868 2107 2013 2173 aliis
2070 2108 2314 2172 additis
2371 2106 2475 2171 vel
2530 2107 2797 2170 mutatis
2856 2106 2939 2169 ad

365 2232 550 2273 usum
603 2208 930 2273 inferioris
987 2211 1219 2274 aetatis
1279 2211 1761 2275 accommodata
1818 2221 2066 2291 essent,
2126 2221 2343 2274 vetere
2399 2208 2718 2274 Macrobii
2773 2208 2940 2272 libro

361 2310 657 2396 neglecto
702 2334 780 2374 ea
823 2333 989 2397 quae
1033 2312 1421 2397 posteriores
1476 2313 1883 2396 grammatici
1942 2311 2236 2376 diversas
2281 2312 2563 2375 rationes
2610 2311 2814 2374 secuti
2860 2332 2941 2373 ex

360 2414 469 2478 illo
527 2412 925 2497 collegerant
984 2414 1454 2478 consuetudine
1520 2414 1887 2479 scholarum
1954 2424 2317 2501 propagata
2381 2423 2564 2477 sunt:
2638 2422 2943 2498 quattuor

362 2526 578 2581 autem
624 2526 1080 2602 excerptorum
1125 2538 1366 2600 genera
1410 2518 1476 2579 in
1520 2517 1854 2581 codicibus
1899 2539 2095 2581 manu
2140 2516 2398 2603 scriptis
2456 2517 2725 2579 inventa
2769 2523 2941 2577 sunt.

361 2642 395 2682 e
441 2618 676 2704 quibus
722 2616 885 2681 illud
931 2616 1104 2703 quod
1150 2619 1357 2704 primo
1413 2617 1554 2684 loco
1609 2622 1797 2705 posui
1855 2621 1922 2683 in
1968 2618 2190 2683 codice
2234 2618 2533 2683 Parisino
2581 2615 2745 2681 7186
2789 2617 2939 2700 legi·
3012 2619 3022 2627 ‘

362 2733 486 2786 tur.
574 2722 630 2785 is
689 2730 788 2785 est
838 2719 1085 2785 formae
1139 2719 1495 2807 quadratae
1553 2722 1818 2787 minoris
1877 2744 1960 2785 ex
2005 2721 2255 2786 duabus
2302 2720 2580 2785 diversis
2626 2718 2945 2784 membra-

361 2846 587 2886 narum
632 2820 932 2909 partibus
972 2823 1369 2908 conposituS‚
1415 2847 1688 2911 quarum
1732 2825 2073 2909 posterior,
2119 2846 2284 2910 quae
2330 2833 2427 2887 est
2473 2823 2745 2887 duorum
2792 2843 2944 2907 qua-

364 2925 758 3004 ternionum,
824 2923 1146 2987 Macrobii
1213 2936 1524 3013 excerpta
1586 2927 1878 2991 continet
1941 2925 2283 2991 undecimo
2354 2923 2610 2990 saeculo
2678 2924 2942 3009 scripta,

365 3014 693 3092 fiam—56
742 3031 839 3090 Ex
881 3032 1035 3091 libro
1081 3033 1384 3091 Macrobii
1393 3031 1457 3111 *)
1504 3034 1580 3092 de
1623 3034 2083 3109 differentiissset
2123 3033 2451 3093 societatib.
2494 3032 2670 3106 yreci
2709 3032 2944 3104 latinia.-

365 3136 554 3193 uerbi.
633 3134 861 3193 Grecae
913 3135 1258 3209 latinaeque
1298 3137 1544 3209 linquae
1584 3168 1670 3180 —·
1713 3153 1888 3195 οιοω.
1964 3137 2258 3211 explicuit
2302 3136 2621 3208 defloratio
2666 3135 2740 3192 de
2791 3133 2945 3190 libro

364 3237 650 3294 ambrosii
687 3237 977 3295 macrobii
1025 3238 1317 3296 theodosii
1370 3255 1548 3311 qnam
1604 3238 1894 3298 iohannes
1948 3244 2268 3312 carpserat
2324 3238 2410 3295 ad
2452 3237 2769 3296 discendas
2806 3251 2944 3307 yre-

363 3355 568 3397 corum
599 3339 913 3397 uerborum
943 3340 1205 3412 requlas.
1266 3334 1480 3419 spatio
1523 3336 1590 3397 in
1635 3334 1762 3398 fine
1808 3335 2083 3421 paginae
2128 3334 2376 3414 relict0‚
2422 3334 2489 3396 in
2533 3354 2658 3419 quo
2705 3331 2947 3417 scripta

367 3444 518 3499 sunt
558 3435 717 3499 haec
731 3484 749 3516 7
807 3440 1007 3498 Diana
1050 3458 1232 3514 qrece
1276 3440 1500 3500 dicitur
1543 3442 1830 3501 arthemis
1874 3444 2051 3517 quasi
2101 3442 2412 3499 herotemis
2456 3439 2569 3499 hoc
2612 3446 2699 3497 est
2744 3454 2943 3496 aerem

363 3558 634 3614 caecam,
685 3539 976 3624 sequitur
1021 3537 1371 3603 declinatio
1412 3539 1631 3623 graeci
1673 3540 1859 3605 verbi
1905 3544 2073 3604 ποιῶ
2119 3549 2183 3603 et
2227 3537 2565 3602 adnotatio
2612 3544 2944 3623 excerpto-

364 3641 486 3721 riS‚
533 3639 581 3703 f.
637 3640 1002 3705 ὅθ’-57*
1077 3666 1279 3701 wopam
1327 3679 1393 3688 —
1440 3661 1738 3715 φιΛυγηττιι.
1843 3642 1970 3706 fuit
2041 3651 2259 3705 autem
2332 3640 2495 3703 haec
2564 3662 2714 3727 pars
2773 3637 2946 3702 codi-

361 3744 454 3805 cis
516 3741 668 3807 olim
731 3742 904 3805 Petri
961 3742 1252 3823 Pithoei‚
1310 3745 1490 3807 cuius
1548 3766 1782 3807 nomen
1838 3745 1939 3809 bis
1996 3745 2063 3807 in
2109 3766 2186 3807 ea
2230 3742 2547 3828 scriptum
2591 3751 2722 3823 est,
2769 3738 2816 3805 f.
2862 3739 2945 3802 42

363 3851 428 3908 P.
462 3850 679 3908 Pithon
723 3856 789 3907 et
832 3844 880 3906 f.
924 3843 1003 3908 57
1051 3850 1219 3927 Retri
1245 3850 1494 3909 Pithoei‚
1544 3868 1746 3932 eoque
1794 3845 2025 3910 librum
2072 3845 2464 3909 concedente
2509 3846 2788 3930 primum
2834 3865 2943 3905 cx·-

363 3950 599 4032 cerptis
633 3945 950 4010 Macrobii
995 3969 1150 4009 usus
1198 3957 1296 4011 est
1325 3948 1696 4013 Ludovicus
1730 3948 1981 4028 Carrio,
2029 3949 2138 4034 qui
2183 3949 2620 4031 fragmentum
2652 3944 2942 4009 Sallustii

362 4075 426 4134 p.
459 4049 626 4112 2765
656 4048 730 4111 Ρ.
778 4071 861 4112 ex
907 4046 1162 4113 schedis
1208 4050 1581 4114 Pithoeanis
1630 4073 1699 4113 se
1745 4049 2030 4113 edidisse
2076 4047 2302 4113 scribit
2348 4047 2545 4112 schol.
2578 4050 2643 4111 in
2678 4045 2939 4111 Sallust.

363 4152 512 4215 hist.
560 4152 796 4235 fragm.
843 4170 906 4235 p.
951 4150 1075 4214 253
1121 4153 1220 4215 ed.
1255 4152 1456 4216 Antv.
1505 4177 1561 4216 a.
1599 4152 1781 4217 1579.
1831 4151 2064 4215 deinde
2110 4152 2434 4215 Henricus
2468 4150 2833 4236 Stephanus
2878 4150 2946 4210 in

365 4254 647 4339 epistula
691 4253 776 4315 ad
823 4251 1135 4316 Iacobum
1182 4254 1544 4317 Danesium
1591 4256 1856 4341 scripta,
1904 4275 2069 4339 quae
2114 4264 2212 4317 est
2255 4253 2321 4315 in
2368 4252 2650 4316 editione
2694 4251 2943 4314 Macro-

369 4356 452 4418 bii
489 4379 527 4419 a
557 4355 868 4419 Carrione
901 4354 1077 4418 facta
1107 4355 1375 4418 Parisiis
1421 4378 1480 4419 a.
1518 4355 1698 4434 1585,
1749 4360 1866 4419 ‘ex
1900 4355 2104 4418 veteri
2136 4354 2207 4418 P.
2242 4354 2496 4418 Pithoei
2542 4351 2944 4437 exemplari’,

365 4466 437 4519 ut
482 4457 606 4537 ait,
668 4468 731 4521 et
786 4456 1260 4541 praefationem
1318 4455 1520 4520 libelli
1577 4456 1785 4522 edidit
1840 4468 1904 4521 et
1959 4465 2165 4521 totum
2230 4455 2465 4521 librum
2509 4477 2579 4519 se
2623 4454 2943 4519 editurum

537 4662 589 4727 *)
639 4664 897 4713 Macrobii
938 4665 1178 4714 anthr-osii
1216 4665 1272 4712 in
1312 4664 1501 4712 codice
1550 4666 1811 4730 scriptum
1859 4680 1979 4714 esse
2018 4664 2285 4713 indicavit
2321 4665 2487 4713 Ianus
2524 4667 2747 4712 auctore
2786 4664 2943 4712 Pres-

367 4747 521 4799 selio.
562 4748 718 4797 cuius
755 4736 923 4812 opera¹
959 4751 1013 4798 in
1054 4767 1116 4799 eo
1155 4748 1489 4799 conferendo
1527 4764 1654 4799 usus
1693 4755 1796 4802 est.
1871 4764 1973 4813 ego
2010 4750 2068 4798 in
2106 4748 2296 4815 paucis
2334 4763 2474 4813 quae
2513 4748 2579 4797 de
2618 4748 2719 4797 hoc
2755 4747 2942 4799 codice

365 4831 628 4882 adnotavi
663 4831 833 4884 solum
873 4836 1141 4886 Macrobii
1177 4850 1372 4886 nomen
1410 4834 1623 4900 scripsi.
