3541 5564
625 378 708 440 84
1755 380 2061 441 ΡΟΜΡΕΙΙ

624 565 870 651 passim
935 563 1005 627 in
1072 564 1341 629 summis
1410 564 1813 649 marginibus
1871 564 2226 651 adparent,
2282 567 2378 628 lib.
2432 583 2671 644 pomp„
2730 564 3012 649 scriptae
3066 585 3203 626 esse

620 667 948 732 videntur.

793 802 1028 869 Codex
1055 803 1389 869 Parisinus
1424 804 2004 887 Sangermanensis
2041 803 2204 867 1179
2247 807 2449 877 „liber
2477 825 2523 865 S.
2565 810 2728 881 petri
2765 806 3202 866 corbienensis“

622 906 838 971 forma
882 905 1167 991 oblonga
1195 906 1488 992 Pompeii
1532 904 1774 970 librum
1803 914 2051 970 mutato
2085 905 2310 970 ordine
2357 904 2622 970 exhibet
2665 905 2791 986 ita,
2836 903 2884 967 f.
2920 906 2952 966 1
2999 908 3204 967 Partes

618 1015 904 1072 orationis
930 1021 1067 1072 sunt
1095 1019 1221 1075 octo
1252 1046 1335 1054 —
1364 1008 1412 1071 f.
1445 1007 1529 1072 89
1563 1019 1758 1089 potest
1787 1013 1911 1072 dici
1940 1008 1948 1093 Ι
1983 1011 2382 1071 EXPLICIT
2407 1013 2525 1071 DE
2550 1011 2645 1070 IN
2655 1008 3208 1070 TERIECTIONE

620 1111 715 1196 (p.
761 1110 1105 1196 82—414)
1153 1112 1201 1175 f.
1234 1110 1367 1174 89*
1413 1113 1943 1175 COMMENTUM
1982 1113 2235 1173 ARTIS
2274 1113 2592 1173 DONATI
2636 1117 2644 1195 Ι
2700 1112 2884 1173 Unius
2925 1114 3202 1186 cuiusque

619 1219 714 1275 rei
752 1219 999 1277 scientia
1042 1251 1126 1259 --
1170 1212 1218 1276 f.
1272 1213 1444 1277 106*
1489 1216 1592 1276 ubi
1625 1233 1733 1291 pes
1769 1219 1907 1288 finit
1951 1209 2042 1298 (p.
2088 1212 2207 1275 3-
2227 1210 2336 1298 82)
2387 1210 2395 1295 Ι
2442 1216 2561 1275 DE
2599 1212 3145 1275 BARBARISMO
3190 1212 3194 1293 1

619 1318 1050 1380 Barbarismus
1106 1325 1209 1380 est
1261 1353 1342 1363 --
1398 1314 1446 1378 f.
1497 1314 1668 1378 119*
1712 1325 1822 1378 aut
1861 1336 1900 1378 α
1941 1318 2190 1393 paribus
2258 1317 2503 1377 FINIT
2566 1316 2827 1377 LIBER
2892 1315 3203 1376 POMPEI

622 1420 1154 1480 GRAMMATICI
1191 1420 1636 1480 FELICITER
1682 1416 1774 1503 (p.
1805 1416 2195 1499 417—480).
2255 1416 2580 1502 scriptura
2620 1414 2863 1480 codicis
2896 1424 3198 1480 accurata

618 1528 684 1582 et
738 1517 1049 1603 diligens,
1105 1518 1556 1604 undetriginta
1612 1518 1911 1583 versibus
1967 1520 2036 1582 in
2080 1515 2352 1601 singulis
2397 1519 2657 1603 paginis
2704 1518 2997 1602 scriptiS,
3044 1516 3197 1580 dua-

618 1621 775 1701 bus,
823 1629 897 1684 ut
938 1620 1234 1703 videtur,
1280 1621 1583 1686 manibus
1631 1630 1926 1686 correcta
1963 1630 2090 1702 est3
2140 1641 2534 1707 quamquam
2565 1639 2693 1682 non
2725 1620 2885 1682 satis
2919 1628 3196 1698 constat,

615 1722 700 1787 ab
745 1730 894 1786 utra
936 1744 1134 1786 manu
1177 1743 1473 1810 quaeque
1516 1724 1815 1809 profecta
1857 1724 2018 1802 sint,
2065 1732 2131 1786 et
2174 1720 2464 1785 dubitari
2508 1730 2727 1807 potest
2757 1742 2977 1784 annon
3008 1741 3198 1806 quae·

617 1821 768 1886 dam
813 1824 1020 1888 veteri
1065 1821 1334 1890 librario
1381 1822 1763 1890 debeantur.
2673 1810 2677 1815 ⁴

785 1958 1016 2025 Codex
1071 1959 1429 2025 Parisinus·
1467 1959 2045 2045 Sangermanensis
2106 1957 2271 2023 1180
2327 1980 2407 2031 „e
2450 1963 2617 2022 libris
2671 1979 2718 2021 S.
2759 1965 2924 2037 petri
2962 1962 3196 2022 corbie-

612 2068 860 2125 nensis“
917 2061 1128 2126 forma
1183 2060 1466 2146 oblonga
1523 2063 1803 2147 scriptus
1862 2072 1963 2127 est
2005 2060 2262 2148 paginis
2319 2059 2625 2125 bifariam
2671 2059 2940 2143 divisis,
2987 2062 3085 2125 ita
3125 2069 3196 2123 ut

613 2184 842 2227 versus
888 2164 1161 2247 triginta
1205 2165 1489 2252 quinque
1534 2162 1642 2229 vel
1685 2164 1957 2248 triginta
2002 2186 2120 2227 sex
2172 2164 2241 2227 in
2285 2161 2561 2247 singulis
2607 2161 2921 2227 columnis
2969 2161 3191 2246 scripti

613 2265 744 2329 sint
786 2263 1023 2329 litteris
1067 2267 1436 2330 accuratius
1484 2266 1682 2330 etiam
1727 2276 1795 2329 et
1839 2264 2198 2349 elegantius
2245 2286 2442 2351 quam
2485 2264 2554 2327 in
2599 2265 2934 2350 superiore
2976 2263 3194 2329 codice

612 2365 828 2451 pictis,
918 2365 999 2429 de
1042 2364 1165 2431 hoc
1211 2366 1459 2432 dictum
1504 2377 1604 2432 est
1651 2368 1776 2431 vol.
1825 2366 1924 2429 IV
1968 2366 2176 2453 praef.
2222 2389 2285 2452 p.
2336 2365 2672 2430 XXXIII.
2746 2365 3042 2451 Pompeii
3086 2387 3196 2428 au-

611 2477 742 2532 tem
797 2466 962 2531 liber
1016 2488 1145 2531 non
1204 2467 1429 2533 addito
1486 2470 1744 2533 nomine
1801 2469 2212 2553 grammatici
2267 2467 2548 2553 scriptus
2594 2477 2694 2531 est
2736 2466 2891 2531 inde
2936 2492 2976 2531 a
3019 2466 3066 2530 f.
3116 2467 3194 2530 75

607 2591 814 2655 usque
844 2570 928 2632 ad
958 2568 1154 2633 finem
1183 2570 1425 2636 codicis
1469 2570 1515 2634 f.
1556 2571 1713 2640 168?
1755 2574 1859 2633 IN
1882 2573 2211 2633 NOMINE
2232 2573 2384 2632 DEI
2422 2573 2700 2633 SUMMI
2736 2572 2895 2633 INC.
2930 2571 3198 2632 ETIAM

618 2674 1050 2735 TRACTARE
1086 2675 1203 2733 DE
1245 2674 1654 2736 PARTIBUS
1692 2674 2161 2735 MAIORIBUS
2215 2674 2657 2735 ORATIONIS
2700 2674 2705 2753 Ι
2764 2673 3012 2735 UNIUS
3055 2672 3192 2732 CU-

606 2777 650 2835 I
653 2776 910 2848 USOUE
958 2776 1116 2836 REI
1163 2811 1246 2821 —-
1301 2796 1341 2836 α
1393 2778 1568 2837 rebus
1621 2778 1869 2853 paribus
1928 2771 1936 2858 Ι
1992 2779 2242 2853 explicit
2294 2777 2370 2838 de
2425 2781 2625 2856 tropi&
2702 2774 2770 2837 in
2815 2795 2891 2838 eo
2939 2794 3230 2859 quoque⁴

607 2887 796 2940 vetus
843 2876 1173 2962 scriptura
1218 2898 1413 2962 saepe
1458 2898 1658 2939 manu
1700 2898 1831 2940 non
1873 2874 2075 2941 multo
2122 2878 2483 2942 recentiore
2529 2885 2824 2940 correcta
2867 2884 2989 2940 est.

777 3011 1031 3077 Horum
1074 3011 1275 3095 igitur
1316 3010 1630 3076 librorum
1675 3012 2166 3099 antiquissimus
2199 3021 2302 3076 est
2330 3010 2997 3093 Wolfenbuttelanus,
3029 3011 3188 3076 adeo

605 3122 679 3178 ut
734 3113 1019 3178 dubitari
1077 3114 1285 3199 possit
1340 3134 1554 3180 annon
1602 3125 1834 3179 octavo
1880 3112 2139 3178 saeculo
2183 3116 2401 3199 potius
2448 3135 2643 3201 quam
2687 3134 2860 3179 nono
2908 3115 3186 3200 scriptus

608 3216 729 3296 sit,
786 3216 1272 3281 recentissimus
1329 3216 1907 3300 Sangermanensis
1972 3215 2162 3294 1179,
2220 3237 2610 3301 quamquam
2666 3238 2747 3279 ne
2800 3214 2857 3278 is
2925 3213 3187 3301 quidem

606 3340 851 3382 nonum
896 3315 1230 3382 saeculum
1275 3318 1591 3381 excedere
1634 3318 1915 3382 videtur.
1977 3314 2654 3382 Wolsenbuttelanum
2684 3340 2726 3382 a
2754 3317 3183 3397 BethmannO,

603 3418 1037 3484 bibliothecae
1080 3416 1729 3483 Wolfenbuttelanae
1785 3419 2151 3506 praefectO,
2208 3416 2570 3484 liberaliter
2626 3418 2710 3483 ad
2767 3442 2869 3483 me
2914 3420 3182 3484 missum

604 3521 775 3586 inter
828 3520 1042 3607 ipsum
1098 3519 1336 3585 edendi
1389 3519 1681 3586 laborem
1735 3521 2086 3608 usurpavi,
2143 3519 2737 3604 Sangermanenses
2798 3544 2838 3585 a
2892 3543 2994 3585 me
3039 3543 3181 3585 cum

602 3620 1041 3686 Lindemanni
1095 3620 1394 3708 exemplo
1451 3620 1743 3688 conlatos
1802 3623 2026 3689 habui.
2115 3621 2231 3687 sed
2288 3624 2356 3685 in
2412 3622 2618 3689 altero
2672 3623 2833 3688 1179
2876 3646 3025 3688 011111
3071 3621 3180 3686 ali-

605 3746 798 3810 quam
841 3732 1093 3810 partem
1138 3722 1295 3800 olim
1339 3736 1404 3790 et
1449 3736 1738 3812 tempore
1783 3735 2050 3792 coactus
2097 3739 2164 3790 01
2206 3721 2462 3789 molesti
2505 3723 2749 3790 laboris
2796 3725 3011 3790 taedio
3056 3724 3180 3789 fes—

603 3848 713 3890 sus
760 3825 1150 3908 omisissem,
1195 3825 1356 3892 haec
1401 3837 1631 3914 postea
1674 3849 1780 3891 me
1809 3835 2082 3912 rogante
2112 3825 2480 3902 humaniter
2509 3825 2842 3914 supplevit
2886 3827 2940 3891 Ι.
2973 3826 3180 3892 Schir-

602 3949 838 3991 merus,
927 3925 1007 3992 de
1086 3929 1478 3995 auctoritate
1547 3937 1761 3994 autem
1838 3929 2135 3994 codicum
2202 3947 2521 4014 quaerens
2587 3929 3178 4012 Sangermanenses

600 4027 802 4094 libros
856 4029 952 4093 ita
1006 4027 1388 4118 plerumque
1444 4034 1614 4096 inter
1668 4054 1738 4096 se
1797 4031 2165 4095 consentire
2216 4030 2500 4117 repperi,
2568 4040 2641 4094 ut
2693 4039 3041 4119 utrumque
3098 4053 3179 4094 ex

599 4130 831 4196 eodem
886 4131 1241 4219 archetypo
1305 4131 1572 4197 ductum
1637 4154 1780 4198 esse
1843 4130 2197 4196 verisimile
2264 4134 2367 4196 sit.
2457 4130 2765 4197 videntur
2830 4144 3051 4199 autem
3113 4132 3177 4196 hi

597 4230 750 4304 libri
796 4232 1092 4316 Corbeii,
1148 4235 1321 4299 unde
1377 4234 1531 4301 olim
1574 4235 1860 4300 Parisios
1907 4234 2183 4298 travecti
2230 4245 2415 4317 sunt,
2463 4235 2689 4321 scripti
2732 4257 2900 4299 esse.
2987 4233 3176 4321 paulo

597 4332 855 4420 longius
923 4335 1008 4399 ab
1068 4337 1149 4400 iis
1211 4336 1460 4403 recedit
1515 4335 2109 4402 Wolfenbuttelani
2173 4337 2413 4403 codicis
2481 4338 2826 4423 scriptura.
2918 4339 3174 4402 omnino

597 4446 816 4527 autem
867 4437 937 4501 in
990 4436 1110 4503 hoc
1155 4439 1449 4526 Pompeii
1493 4438 1660 4503 libro
1719 4437 2150 4505 describendo
2206 4460 2337 4503 non
2377 4437 2541 4504 illud
2589 4448 2861 4524 egerunt
2902 4438 3173 4518 librarii,

596 4547 671 4602 ut
714 4549 1019 4605 accurate
1062 4541 1268 4606 verba
1311 4542 1717 4626 grammatici
1762 4550 2151 4628 repeterent,
2197 4540 2345 4622 sed,
2391 4543 2699 4627 quoniam
2741 4563 2899 4606 suae
2942 4541 3173 4606 aetatis

595 4645 928 4707 commodo
972 4642 1450 4724 inserviebant,
1495 4642 1703 4707 multa
1743 4641 1851 4708 vel
1896 4641 2312 4730 neglegenter
2368 4642 2854 4729 descripserunt
2907 4640 3014 4707 vel
3058 4665 3173 4729 pro

592 4765 710 4808 suo
768 4744 1044 4810 arbitrio
1100 4751 1535 4809 mutaverunt.
1625 4767 1752 4832 quo
1807 4745 2056 4809 factum
2114 4753 2215 4808 est
2268 4752 2344 4807 ut
2394 4767 2590 4832 saepe
2632 4745 3170 4810 dissentientibus

590 4844 779 4909 libris
825 4869 955 4911 non
1010 4846 1200 4911 modo
1246 4845 1403 4931 quid
1459 4869 1499 4910 a
1543 4857 1764 4912 vetere
1810 4857 2074 4912 auctore
2119 4847 2431 4930 scriptum
2478 4849 2675 4912 fuerit
2719 4870 2849 4924 non
2894 4856 3169 4927 constet,
