3541 5564
585 343 711 408 308
1722 346 2026 408 POMPEll

638 467 682 509 p.
707 454 885 495 οπο-τε
911 453 954 493 1..
1442 487 1449 496 .

586 535 938 613 significavit
993 551 1126 594 nam
1185 554 1217 594 a
1258 534 1552 614 puppibus
1597 552 1791 604 naves,
1850 553 1880 595 a
1938 534 2195 615 pubibus
2238 536 2479 596 iuvenes
2533 533 2964 613 intellegimus;
3026 552 3165 594 ecce

587 638 783 698 minus
839 636 984 696 dixit
1039 645 1098 696 et
1150 634 1283 715 plus
1328 637 1693 715 significavit.
1786 655 1819 697 e
1865 640 2164 699 contrario
2224 636 2324 698 ubi
2371 636 2504 717 plus
2548 619 2691 697 dicit
2745 646 2805 698 et
2848 639 3044 698 minus
3087 638 3166 717 εἰς

585 739 838 816 gnificat,
886 744 948 798 ut
993 746 1084 799 est
1126 736 1288 809 illud,
1336 740 1634 816 ‘ingens
1678 758 1710 799 a
1757 741 2040 800 vertice
2098 746 2371 820 pontus
2427 742 2500 799 in
2556 742 2859 819 puppim
2918 740 3165 799 ferit’:

585 841 761 909 venit,
810 841 908 910 ait,
956 840 1166 918 ingens
1210 848 1423 920 pontus
1468 850 1527 901 et
1571 843 1868 921 percussit
1911 861 2135 903 navem.
2207 841 2491 922 numquid
2537 860 2698 904 mare
2744 850 3020 921 potuerat
3062 859 3164 902 na-

588 961 715 1003 vem
770 949 1084 1023 percutere
1142 950 1201 1002 et
1256 962 1372 1003 non
1431 944 1686 1004 fluctus?
1768 944 2231 1024 ‘fontemque
2288 946 2680 1025 ignemque
2751 943 3218 1005 serebant':5

588 1044 953 1123 quaerebant
1009 1043 1081 1105 ad
1138 1046 1491 1108 sacrificium
1546 1048 1802 1117 sontem,
1869 1047 1926 1108 id
1986 1054 2073 1108 est
2130 1065 2368 1128 aquam;
2446 1046 2576 1127 plus
2646 1046 2789 1107 dixit
2845 1053 2904 1106 et
2973 1047 3168 1106 minus

587 1148 951 1227 significavit.
1043 1162 1186 1225 ergo
1243 1146 1389 1208 haec
1444 1150 1792 1227 significatio
1851 1158 1942 1209 est
1997 1148 2171 1210 buius
2218 1151 2399 1228 tropi,
2465 1158 2528 1209 ut
2584 1156 2683 1209 aut
2735 1148 2866 1228 plus
2911 1148 3066 1209 dicat
3109 1156 3169 1207 et

587 1251 781 1311 minus
825 1249 1142 1328 significet,
1203 1256 1269 1309 ut
1322 1250 1701 1331 ‘fontemque
1754 1252 2072 1330 ignemque
2128 1250 2463 1319 ferebant’,
2525 1256 2624 1311 aut
2669 1251 2863 1311 minus
2909 1248 3065 1309 dicat
3110 1256 3169 1308 et

587 1351 721 1431 plus
765 1352 1071 1429 significet,
1119 1360 1185 1411 ut
1229 1354 1612 1432 ‘puppesque
1658 1359 1793 1414 tuae
1837 1351 2145 1433 pubesque
2191 1356 2486 1414 tuorum’.
2523 1348 2533 1432 Ι

755 1453 1217 1533 onomatopoeia
1273 1454 1487 1515 dicitur
1543 1473 1760 1516 nomen
1818 1455 1893 1515 de
1949 1473 2097 1516 sono
2150 1456 2389 1516 sactum.
2477 1455 2766 1517 habemus
2823 1453 2975 1534 apud
3023 1452 3162 1513 Ver·
3194 1470 3242 1506 ιο

584 1554 788 1633 gilium
833 1554 1024 1616 milies
1070 1563 1129 1617 et
1173 1556 1327 1637 apud
1373 1556 1519 1617 alios
1574 1566 1808 1637 poetas:
1871 1559 2187 1618 ‘tinnitu
2246 1556 2572 1637 galeae’:
2634 1576 2750 1617 non
2798 1556 2910 1616 hoc
2969 1557 3161 1635 ipsum

588 1657 833 1719 verbum
880 1659 1157 1737 exprimit
1210 1659 1384 1739 etiam
1441 1678 1648 1720 sonum
1708 1661 1893 1740 ipsius
1949 1660 2140 1721 aeris?
2206 1661 2450 1721 tinnitus
2493 1662 2578 1720 sic
2621 1667 2821 1727 sonat,
2870 1664 3045 1737 quem
3093 1657 3162 1717 ad

585 1760 825 1821 modum
879 1762 1005 1840 ipsa
1063 1777 1159 1820 res
1213 1769 1406 1821 sonat.
1501 1762 1549 1821 si
1606 1761 1766 1823 dicas
1824 1760 2102 1841 ‘clangor
2158 1761 2499 1831 tubarum’,
2547 1760 2790 1839 claugor
2836 1762 2919 1819 sic
2975 1776 3165 1838 paene

586 1869 841 1924 resonat.
906 1865 1354 1942 onomatopoeia
1402 1871 1490 1923 est
1519 1864 1649 1935 ista,
1696 1866 1970 1943 quotiens
2000 1866 2127 1943 ipse
2158 1883 2355 1925 sermo
2388 1864 2663 1943 exprimit
2692 1880 2932 1923 sensum
2968 1878 3161 1922 suum·

757 1963 1125 2043 Peripbrasis
1170 1962 1386 2026 dicitur
1430 1965 1896 2028 circumlocutio.
1986 1965 2133 2027 haec
2178 1975 2374 2029 autem
2420 1967 2484 2027 fit
2538 1972 2638 2026 aut
2692 1963 3163 2025 colionestandae
3192 1978 3243 2018 ¹5

586 2064 835 2127 alicuius
880 2067 967 2127 rei
1013 2074 1114 2127 aut
1164 2066 1434 2128 vitandae
1489 2070 1880 2148 turpissimae.
1973 2075 2110 2148 puta
2168 2068 2413 2130 honesta
2470 2085 2566 2129 res
2621 2075 2736 2134 est;
2799 2068 2848 2126 si
2904 2068 2989 2125 vis
3034 2083 3163 2125 eam

585 2170 773 2247 magis
828 2166 1133 2229 honestam
1190 2169 1416 2242 sace-re,
1481 2168 1856 2250 periphrasin
1912 2171 2082 2232 facis:
2156 2188 2255 2232 res
2314 2172 2501 2251 turpis
2568 2178 2686 2239 est;
2755 2169 3059 2229 honestam
3117 2168 3165 2227 si

583 2272 669 2332 vis
714 2272 938 2340 facere,
986 2270 1364 2351 periphrasin
1410 2273 1572 2333 facis,
1661 2291 1801 2333 ecce
1844 2291 1943 2333 res
1984 2271 2082 2333 illa
2139 2290 2288 2351 quae
2345 2272 2764 2333 cohonestatur
2813 2270 2952 2351 [per
3008 2270 3165 2349 peri-

582 2371 854 2452 phrasin]
903 2391 1011 2451 per
1065 2381 1303 2453 tropum
1360 2375 1565 2434 istum:
1634 2380 1908 2453 potuerat
1952 2372 2245 2452 Vergilius
2301 2374 2500 2435 dicere
2558 2378 2765 2434 ‘mane
2810 2374 2987 2442 l'uit’‚
3059 2371 3160 2431 sed

583 2474 765 2535 voluit
808 2473 1335 2536 circumlocutione
1381 2475 1495 2536 boc
1537 2477 1728 2555 ipsum
1777 2475 2082 2537 honestius
2126 2476 2325 2537 dicere
2371 2483 2428 2536 et
2480 2476 2559 2536 ait
3189 2489 3241 2529 20

888 2576 1183 2637 Tithoni
1231 2576 1577 2638 croceum
1624 2577 1975 2657 linquens
2020 2580 2297 2640 Aurora
2344 2576 2589 2639 cubile

582 2700 622 2736 κ
669 2676 1073 2745 extulerat:
1135 2697 1274 2739 ecee
1325 2697 1453 2739 rem
1499 2679 1805 2740 honestam
1852 2680 2161 2740 honestius
2207 2678 2354 2740 dixit
2404 2699 2513 2759 per
2558 2682 2736 2740 istum
2782 2686 3039 2758 tropum.
3130 2697 3162 2737 e

582 2780 880 2840 contrario
925 2799 1051 2841 rem
1101 2781 1499 2860 turpissimam
1545 2782 1825 2843 vitamus:
1897 2780 2079 2842 voluit
2122 2784 2342 2845 coitum
2399 2781 2741 2852 ostendere,
2791 2790 2849 2841 et
2892 2800 2999 2861 per
3045 2780 3160 2842 cir-

582 2881 1076 2943 cumlocutionem
1125 2884 1322 2945 vitavit
1364 2885 1463 2953 ita,
1514 2878 1522 2958 Ι

1511 2987 1740 3046 nimio
1785 3005 1873 3047 ne
1916 2985 2087 3047 luxu
2135 2986 2529 3048 obtunsior
2574 3005 2756 3047 usus
3185 3002 3238 3041 25

885 3087 984 3146 sit
1027 3086 1348 3164 genitali
1393 3107 1564 3148 arvo
1611 3093 1680 3148 et
1722 3086 1977 3149 sulcos
2022 3088 2326 3150 oblimet
2369 3091 2682 3157 inertes;
2750 3149 2751 3152 ,

582 3190 777 3248 omnia
836 3188 1092 3249 obscena
1148 3188 1318 3257 dixit,
1381 3187 1483 3249 sed
1545 3197 1740 3249 tamen
1802 3188 1996 3251 verbis
2051 3190 2508 3251 honestioribus.
2601 3208 2744 3268 ergo
2800 3189 3162 3269 periphrasis

583 3296 683 3348 aut
725 3309 823 3350 res
867 3289 1163 3369 simplices
1219 3290 1491 3351 honestat
1544 3299 1645 3351 aut
1689 3310 1789 3353 res
1836 3298 2038 3371 turpes
2098 3293 2236 3353 vitat
2281 3290 2492 3372 [nimio
2543 3309 2618 3352 ne
2663 3291 2806 3352 luxu
2853 3291 3160 3353 obtunsior

582 3408 722 3451 usus
767 3392 846 3451 sit
888 3391 1129 3469 genitali
1173 3410 1332 3463 arvo,
1380 3401 1446 3453 ut
1491 3395 1700 3454 vitaret
1743 3393 1969 3475 turpe].
2630 3458 2648 3474 .

749 3511 785 3545 -ae
834 3492 1191 3572 Plerumque
1234 3495 1566 3556 invenimus
1610 3497 2025 3574 grammaticos
2083 3498 2167 3556 sic
2222 3496 2423 3557 dicere
2469 3503 2527 3556 et
2571 3504 2868 3564 oratores;
2928 3504 2986 3557 et
3028 3495 3157 3575 plu·
3184 3513 3237 3552 ³0

581 3595 744 3664 rimi,
803 3596 901 3676 qui
948 3597 1221 3657 nesciunt
1265 3598 1436 3657 istam
1490 3599 1813 3667 rationem,
1871 3597 2044 3659 simul
2114 3606 2286 3677 atque
2352 3600 2686 3660 invenerint
2745 3596 3157 3677 perturbatum

580 3696 847 3757 ordinem
894 3699 952 3758 in
1001 3697 1224 3773 verbis,
1272 3700 1464 3759 statim
1514 3699 1715 3759 dicunt
1761 3697 2165 3779 ‘hyperbaton
2224 3702 2365 3780 est'.
2452 3707 2591 3780 puta
2648 3701 2696 3760 si
2755 3699 2998 3760 verbum
3047 3698 3159 3759 hoc

582 3798 902 3878 respondet
945 3798 1015 3861 ad
1064 3802 1334 3878 quintum
1381 3800 1608 3871 locum,
1660 3809 1718 3861 et
1760 3803 1977 3862 iterum
2033 3799 2182 3862 alter
2237 3820 2435 3862 sermo
2492 3801 2812 3881 respondet
2856 3801 2925 3861 ad
2983 3820 3159 3881 quar-

581 3907 704 3959 tum
763 3898 956 3961 locum
1014 3910 1072 3961 et
1125 3902 1364 3964 confusa
1422 3911 1510 3962 est
1567 3901 1847 3972 elocutio,
1919 3902 2123 3964 dicunt
2189 3902 2592 3984 ‘hyperbaton
2649 3905 2789 3964 est’.
2894 3923 3012 3966 non
3072 3912 3162 3965 est

718 4139 750 4189 3
789 4138 993 4206 ingens]
1042 4142 1199 4207 Vera.
1243 4142 1372 4194 Aen.
1416 4143 1432 4190 l
1478 4142 1573 4191 114
1714 4142 1746 4192 5
1787 4139 2097 4208 fontemque]
2136 4143 2291 4206 Vero.
2329 4142 2457 4192 Aen.
2496 4141 2591 4191 ΧΗ
2634 4142 2733 4193 119
2876 4143 2934 4194 11
2975 4142 3155 4193 tinnitu

579 4208 680 4259 BS
716 4210 950 4259 tinnitum
983 4210 1025 4260 0
1055 4211 1265 4261 tinnitus
1293 4212 1368 4260 P:
1412 4213 1568 4276 Ver-9.
1607 4211 1737 4261 Aen.
1767 4211 1907 4261 Vllll
1941 4210 2044 4263 809
2190 4212 2252 4261 12
2289 4214 2522 4278 tinnitum
2561 4212 2636 4261 sic
2674 4213 2715 4263 G
2857 4213 2919 4265 13
2945 4213 3157 4279 clangor

579 4280 810 4330 tubarum
849 4281 1060 4346 clangor
1092 4283 1166 4331 sic
1199 4283 1249 4331 P
1284 4282 1490 4347 clangor
1528 4281 1758 4331 tubarum
1796 4282 1975 4347 clange
2017 4283 2093 4331 sic
2124 4281 2300 4332 BOS:
2343 4284 2501 4347 Very.
2539 4283 2671 4336 Aen.
2712 4283 2752 4330 ll
2788 4282 2909 4334 313.
2948 4283 3017 4332 Xl
3056 4283 3153 4334 192

577 4349 887 4417 clangorque
914 4352 1147 4401 tubarum
1294 4351 1358 4402 16
1393 4353 1545 4401 alicui
1586 4353 1655 4400 rei
1690 4351 1741 4400 B
1884 4352 1949 4402 18
1985 4367 2076 4417 per
2105 4351 2376 4417 periit-asin
2406 4363 2609 4417 tropum
2642 4353 2685 4403 C
2819 4353 2881 4403 21
2924 4351 3149 4418 Tithoni]

584 4422 742 4486 Ver-9.
776 4435 952 4485 yeory.
990 4421 1011 4469 1
1052 4423 1174 4472 447.
1213 4423 1340 4471 Aen.
1381 4423 1470 4472 llll
1508 4421 1627 4472 585.
1678 4422 1813 4469 Vllll
1851 4418 1955 4472 460
2128 4423 2195 4473 22
2244 4421 2513 4488 extulerat]
2562 4424 2721 4487 Ver-9.
2763 4423 2894 4476 Aen.
2938 4423 3007 4472 Xl
3057 4423 3154 4473 183

577 4492 777 4539 Aurora
803 4491 998 4540 interea
1034 4493 1230 4543 miseris
1269 4491 1564 4542 mortalibus
1600 4493 1783 4540 almam
1820 4491 2068 4541 extulerat
2104 4492 2267 4542 lucem
2379 4491 2445 4541 ⁶23
2486 4508 2589 4542 rem
2626 4493 2969 4557 turpissimam
3005 4495 3151 4542 istam

573 4559 700 4622 (ista
739 4559 866 4623 BS)
897 4561 1119 4611 uitamus
1156 4559 1310 4612 BSG
1340 4578 1442 4612 rem
1486 4562 1832 4626 turpissimam
1870 4563 2016 4612 istam
2053 4577 2156 4612 rem
2196 4563 2419 4612 uitamus
2452 4563 2500 4611 P
2634 4564 2702 4613 25
2742 4564 2897 4614 nimio
2934 4579 2999 4613 ex
3029 4564 3151 4614 luxu

574 4631 650 4679 P:
688 4632 844 4694 Vera.
874 4645 1052 4696 yeory.
1086 4632 1150 4681 111
1196 4631 1292 4681 135
1435 4632 1695 4681 obtensior
1732 4647 1871 4683 corr.
1918 4633 2181 4682 obtunsior
2220 4633 2262 4683 C
2398 4632 2467 4682 26
2502 4641 2552 4682 et
2589 4633 2760 4682 sulcos
2798 4633 3003 4683 oblimet
3035 4632 3154 4682 She

576 4708 625 4746 et
659 4699 802 4750 sulco
840 4700 1078 4750 sublimet
1106 4701 1148 4750 C
1178 4701 1385 4750 oblimet
1419 4703 1470 4752 B
1506 4711 1554 4750 et
1588 4701 1761 4752 sulcus
1794 4702 1987 4752 oblimit
2024 4703 2074 4751 P
2246 4702 2314 4753 28
2343 4703 2500 4752 nimio
2537 4719 2601 4752 ex
2640 4703 2761 4752 luxu
2791 4706 2843 4754 P
2998 4704 3068 4754 29
3097 4713 3152 4751 ut

575 4770 755 4818 uitaret
795 4769 843 4817 P
883 4769 970 4818 ubi
1022 4772 1203 4821 uitaret
1232 4771 1387 4822 BCS
1555 4770 1625 4823 30
1657 4775 1842 4822 lacuna
1882 4788 2025 4837 quam
2058 4774 2279 4823 indicam·
2321 4774 2544 4836 definitio
2585 4778 2844 4837 yeneralae's
2888 4773 3156 4838 hyperbati

567 4842 723 4903 periit
862 4840 925 4890 31
967 4841 1117 4890 simul
1157 4849 1306 4905 atque
1342 4842 1505 4893 BSP
1537 4842 1794 4907 simulque
1832 4843 1910 4894 Cb
2050 4841 2119 4895 33
2156 4843 2417 4910 respondit
2449 4851 2656 4910 utroque
2686 4847 2795 4897 loco
2832 4845 3051 4896 BCSP
