3541 5564
1557 335 1698 396 Ans
2838 338 2923 401 69

2529 460 2571 499 p.
2602 448 2716 487 1925.
2744 450 2794 487 26
2823 447 2868 487 ι’.

333 529 390 581 et
435 520 530 581 bic
577 520 758 582 falsus
803 523 941 583 facit
977 526 988 599 Ι
1029 531 1087 583 et
1131 522 1269 584 huic
1317 522 1481 584 falso.
1542 522 1643 582 sed
1688 521 1970 584 articulus
2016 544 2231 587 nomen
2279 526 2448 596 facit,
2497 528 2625 587 sine
2670 527 2918 587 articulo

331 623 696 685 adverbium.
771 660 830 669 —
914 626 1114 686 lnter
1177 624 1609 686 adverbium
1667 634 1738 687 et
1794 629 2439 697 coniunctionem,
2492 629 2788 707 [profecto
2834 631 3120 703 si0387,6
3181 652 3186 657 ’

331 726 826 804 intellegendum,
873 746 990 807 quo
1023 728 1197 789 modo
1230 727 1393 789 falso.
1458 726 1888 788 observandum
1935 748 2106 799 sane,
2155 738 2220 790 ut
2265 730 2602 791 nominibus
2646 731 2916 792 locorum

331 847 480 908 quae
525 829 803 889 adverbia
850 831 1073 891 faciunt
1117 832 1473 911 praepositio
1506 848 1826 908 numquam
1857 832 2162 909 iungatur,
2212 840 2275 892 ut
2304 832 2524 893 Romae
2569 835 2671 902 fui,
2721 834 2917 895 Cirtae

281 931 556 1001 ⁵audivi,
606 932 805 991 Vticae
850 940 1115 993 moratus
1160 952 1310 993 sum.
1400 932 1608 992 domus
1654 951 1793 992 vero
1840 940 1898 993 et
1941 952 2043 993 rus
2087 943 2228 994 tunc
2274 937 2569 1014 accipiunt
2612 938 2916 1015 praeposi-

331 1035 584 1103 tionem,
620 1033 855 1112 quando
889 1041 947 1093 et
974 1053 1327 1113 pronomen,
1376 1043 1437 1095 ut
1482 1033 1589 1095 ‘ad
1637 1033 1877 1095 domum
1926 1054 2116 1096 meam
2145 1035 2174 1119 Η
2203 1019 2402 1097 vado’.
2473 1039 2523 1097 si
2571 1046 2732 1098 caret
2775 1058 2913 1117 pro-

330 1137 598 1205 nomine,
660 1144 821 1196 caret
877 1144 935 1195 et
987 1138 1455 1216 praepositione,
1514 1143 1577 1197 ut
1621 1136 1893 1196 ‘domum
1942 1137 2155 1218 vado']
2215 1145 2289 1198 ut
2344 1138 2663 1218 quando:
2711 1141 2914 1199 inter

331 1236 794 1298 adverbium:
842 1238 951 1298 ‘ut
994 1246 1096 1308 te,
1145 1240 1568 1300 fortissime
1599 1238 2022 1309 Teucrum'‚
2055 1240 2398 1302 adverbium
2445 1249 2533 1301 est
2576 1249 2669 1311 ut,
2716 1241 2773 1301 id
2824 1248 2913 1302 est

330 1339 824 1419 quemadmodum
869 1340 1185 1420 quomodo.
1238 1375 1306 1385 —
1357 1342 1442 1402 Vt
1496 1349 1843 1420 propter;
1901 1343 2102 1403 inter
2146 1342 2607 1403 adverbium:
2664 1350 2912 1422 propter

260 1457 305 1495 ιο
333 1440 673 1502 adverbium
733 1448 849 1513 est,
911 1451 974 1503 ut
1030 1447 1303 1522 ‘propter
1361 1449 1418 1503 te
1474 1444 1674 1510 veni';
1734 1444 2126 1522 praepositio,
2187 1451 2251 1505 ιιι
2295 1447 2639 1525 ‘propter
2683 1463 2911 1523 aquae

332 1546 624 1613 rivum?,
683 1544 797 1604 boc
843 1552 933 1605 est
977 1546 1133 1605 iuxta
1191 1543 1465 1624 [propter
1512 1553 1601 1605 est
1644 1543 2032 1627 praepositio]
2082 1574 2120 1609 a
2183 1554 2272 1608 est
2317 1552 2486 1608 ‘ante
2532 1546 2763 1606 audivi’
2810 1546 2909 1606 ad-

332 1644 616 1706 verbium.
672 1681 741 1689 —
793 1645 1444 1716 interiectionem,
1494 1654 1570 1707 ut
1615 1635 1783 1706 beu:
1830 1646 1942 1707 heu
1989 1650 2299 1727 responsio
2351 1656 2360 1723 Ι
2400 1647 2740 1709 adverbium
2789 1655 2905 1715 est;
2936 1665 2968 1714 8

331 1747 565 1827 quando
613 1749 1056 1826 ingemiscentis
1103 1755 1218 1817 est,
1278 1749 1610 1808 interiectio
1669 1757 1773 1809 est.
1828 1783 1898 1794 —
1949 1740 2243 1811 florum:
2293 1752 2392 1829 qui
2437 1749 2595 1811 unde
2639 1751 2689 1809 si
2734 1752 2834 1830 qui
2880 1769 2912 1811 a

331 1852 460 1929 quis
506 1851 750 1910 veniens
793 1850 938 1910 facis
984 1852 1103 1930 qui.
1176 1886 1244 1894 —
1318 1852 1502 1911 Sunt
1555 1850 1909 1917 adverbia
1966 1851 2139 1920 loci,
2189 1871 2369 1931 quae
2413 1852 2969 1931 inprudenteso

263 1955 604 2032 1⁵putant'
638 1954 963 2022 nomina,
1012 1960 1087 2012 ut
1129 1952 1398 2013 Romae
1444 1971 1628 2020 sum:
1678 1952 1759 2014 de
1806 1952 1997 2013 loco:
2045 1954 2119 2014 de
2162 1954 2258 2015 bis
2288 1953 2583 2016 adverbiis
2628 1952 2915 2014 localibus

330 2057 389 2114 in
433 2056 668 2114 minore
714 2061 880 2132 parte
924 2053 1155 2134 plenius
1199 2053 1576 2115 subnotatum
1625 2061 1733 2114 est.
1795 2056 2034 2115 nomina
2080 2057 2399 2117 eivitatium
2449 2074 2765 2134 numquam
2812 2055 2911 2114 ad-

334 2158 570 2217 mittunt
625 2156 1145 2234 praepositionem.
1237 2175 1371 2217 nam
1420 2175 1485 2216 ea
1544 2158 1738 2216 omnia
1786 2156 2111 2218 seeundum
2158 2158 2551 2217 accusativum
2597 2158 2913 2235 septimum

334 2267 391 2319 et
445 2257 706 2319 dativum
765 2256 1051 2318 debemus
1103 2258 1378 2336 proferre
1423 2266 1525 2318 aut
1567 2257 1637 2317 ad
1685 2256 1879 2319 locum
1925 2266 2024 2319 aut
2069 2258 2142 2319 de
2186 2258 2318 2318 loeo
2365 2266 2468 2319 aut
2510 2260 2569 2319 in
2630 2258 2791 2328 loco,
2851 2265 2917 2318 ut

334 2369 469 2440 puta
516 2361 960 2421 ‘Beneventum
1007 2359 1189 2419 vado'
1236 2378 1357 2420 non
1403 2366 1518 2420 tam
1566 2378 1783 2421 nomen
1817 2369 1906 2421 est
1950 2362 2200 2422 civitatis
2232 2380 2407 2440 quam
2453 2359 2797 2421 adverbium
2843 2358 2914 2419 ad

262 2463 556 2523 mlocum:
607 2468 857 2540 excepto
899 2459 996 2521 illa
1042 2463 1280 2522 nomina
1327 2480 1475 2541 quae
1523 2480 1589 2522 us
1635 2470 1694 2522 et
1738 2480 1836 2522 um
1884 2470 2118 2532 exeunt,
2165 2469 2231 2523 ut
2262 2461 2436 2524 Delus
2467 2462 2664 2523 Naxus
2692 2460 2914 2521 Taren-

335 2575 475 2625 tum.
518 2598 587 2607 —-
624 2563 749 2624 llis
793 2564 1265 2643 praepositio
1312 2582 1453 2624 non
1498 2565 2009 2643 anteponitur,
2043 2583 2228 2644 quae
2270 2565 2681 2645 provinciis
2725 2562 2914 2622 locis
2944 2577 3000 2624 11

333 2664 868 2744 regionibusve
922 2665 1114 2725 adici
1182 2664 1376 2725 solet
1449 2665 1586 2744 (his,
1646 2665 1979 2726 civitatibus
2037 2666 2288 2737 scilicet,
2347 2664 2694 2744 regionibus
2760 2667 2916 2725 enim

335 2787 571 2848 semper
616 2769 987 2848 apponimus».
1050 2768 1390 2847 provinciae
1437 2769 1594 2829 enim
1643 2787 1758 2829 non
1805 2777 2053 2847 possunt
2097 2768 2375 2831 adverbia
2422 2769 2772 2847 siguificare.
2844 2766 2917 2827 de

335 2871 527 2932 Africa
575 2871 775 2930 venio:
822 2871 1016 2931 Africa
1062 2889 1277 2931 nomen
1325 2877 1443 2940 est,
1496 2872 1505 2944 Ι
1556 2889 1675 2930 non
1730 2870 2102 2940 adverbium,
2164 2871 2513 2950 significatio
2559 2888 2652 2929 me
2699 2869 2917 2939 venire,

264 2973 437 3034 ffised
496 2972 569 3033 de
626 2973 750 3051 ipsa
807 2975 925 3050 re),
984 2973 1147 3048 quia
1208 2972 1290 3032 de
1345 2973 1916 3051 significatione
1973 2973 2295 3050 nominis
2341 2991 2480 3032 non
2527 2970 2917 3040 recedunt,

338 3083 411 3135 ut
465 3074 552 3134 de
597 3074 840 3134 Africa
898 3074 1137 3143 venio,
1197 3074 1278 3135 ad
1327 3073 1657 3135 Siciliam
1714 3092 1969 3153 pergo:
2019 3074 2152 3135 ideo
2197 3093 2316 3134 non
2362 3080 2669 3134 transeunt
2711 3073 2772 3133 in
2817 3073 2917 3134 ad-

337 3177 564 3246 verbia,
626 3177 762 3253 quia
817 3176 1156 3254 provinciae
1213 3175 1286 3235 de
1342 3177 1766 3253 significatione
1813 3178 2069 3237 nominis
2123 3195 2243 3236 non
2299 3175 2608 3236 recedunt.
2686 3210 2754 3218 —
2837 3176 2978 3239 Vt5

340 3297 553 3358 pone:
604 3285 697 3347 ιιι,
744 3276 801 3336 id
854 3285 945 3337 est
989 3277 1516 3356 quemadmodum,
1567 3279 2010 3338 circumflexum
2064 3276 2243 3338 babet
2286 3285 2626 3348 accentum,
2674 3284 2738 3337 ut
2782 3296 2920 3338 con-

339 3381 563 3441 iunctio
608 3385 862 3440 acutum.
926 3379 1009 3438 sic
1056 3389 1116 3438 et
1158 3398 1334 3459 pone,
1383 3381 1431 3439 si
1477 3386 1641 3440 retro
1686 3380 2002 3458 significat,
2051 3381 2524 3447 circumflexum;
2572 3380 2622 3439 si
2657 3378 2920 3447 verbum,

270 3491 592 3563 aeacutum.
684 3500 759 3541 ne
804 3481 1247 3541 circumflexum
1292 3480 1634 3542 adverbium
1681 3487 1798 3548 est:
1846 3499 1921 3541 ne
1967 3489 2136 3542 acuto
2183 3481 2415 3560 quando
2461 3482 2728 3551 dicimuS,
2781 3500 2919 3541 con-

342 3586 561 3645 iunctio
595 3591 701 3643 est.
774 3602 956 3643 sensu
990 3601 1128 3642 vero
1164 3583 1551 3643 discernimus
1581 3591 1716 3643 ante
1748 3591 2051 3643 eteetera.
2092 3617 2164 3627 —
2207 3583 2680 3663 Praepositio
2713 3601 2923 3661 sepa-
2953 3601 3015 3648 13

341 3688 554 3746 ratim
602 3683 1009 3745 adverbiis:
1058 3684 1354 3746 adverbiis
1382 3686 1851 3764 praepositiones
1881 3692 2085 3764 putant
2119 3684 2293 3763 aliqui
2340 3686 2581 3745 omnino
2626 3684 2760 3745 addi
2806 3703 2924 3745 non

344 3794 647 3868 oportere,
694 3805 827 3847 cum
872 3786 1168 3847 interdum
1200 3795 1447 3866 propter
1476 3805 1654 3848 sonos
1683 3788 1845 3865 iungi
1879 3806 2120 3848 necesse
2151 3788 2254 3857 sit,
2301 3796 2365 3847 ut
2391 3787 2547 3866 xapud
2580 3788 2923 3847 Terentium

480 4010 605 4063 Cod.
648 4009 807 4060 Bern.
850 4007 945 4058 xll
983 4005 1227 4061 2*—3*.
1367 4010 1397 4058 4
1434 4006 1621 4074 Cirtae]
1664 4008 1830 4057 circae
1972 4009 2000 4056 7
2037 4015 2085 4057 et
2123 4010 2545 4073 praepositionem
2672 4008 2802 4056 inter
2836 4008 2923 4056 ad-

347 4082 573 4130 uerbium
613 4079 1040 4143 quemadmodum
1074 4088 1130 4128 ut
1168 4088 1214 4126 te
1343 4079 1405 4130 14
1445 4075 1595 4144 quae]
1630 4093 1861 4142 quaeque
1989 4079 2050 4129 15
2082 4078 2321 4127 adnerbis
2449 4078 2511 4128 18
2553 4076 2627 4143 ut]
2672 4088 2757 4127 aut
2785 4092 2922 4127 corr.

350 4161 399 4199 ut
541 4150 608 4201 19
644 4150 905 4198 ciuitatum
940 4155 1181 4211 quantum
1220 4148 1530 4198 aduerbium‘
1658 4148 1724 4197 20
1761 4159 1950 4198 exeunt
1986 4152 2038 4197 in
2072 4149 2219 4197 delus
2259 4163 2421 4197 nexus
2560 4150 2629 4197 22
2665 4147 2924 4212 religioni-

348 4221 530 4269 bussue
566 4219 703 4269 adici
810 4219 925 4268 licet
957 4233 1094 4272 corr.
1126 4217 1318 4268 scilicet
1420 4219 1487 4269 ‘23
1524 4234 1726 4283 semper
1756 4220 1993 4282 ponimus
2097 4217 2166 4268 26
2203 4219 2268 4268 ad
2303 4220 2467 4268 sieilia
2571 4221 2638 4269 27
2668 4219 2732 4266 de
2766 4218 2929 4282 signi-

349 4290 626 4339 ficationem
771 4289 840 4338 ‘28
873 4288 1056 4338 habeat
1171 4287 1238 4338 32
1275 4288 1470 4352 aliquid
1586 4289 1653 4340 33
1690 4289 1801 4353 iugi
1839 4288 2055 4338 necessit
2091 4296 2145 4336 ut
2178 4300 2301 4356 aput
2335 4306 2472 4340 corr.
2511 4292 2579 4338 al.
2609 4304 2743 4341 man.
2786 4288 2928 4352 iungi

353 4374 551 4410 necesse
588 4360 657 4408 sit
693 4368 747 4408 ut
779 4359 916 4424 apud

485 4550 518 4600 8
552 4558 608 4598 ιιι
643 4547 714 4615 te]
766 4550 925 4612 Ver-9.
964 4547 1094 4599 Aen.
1137 4546 1252 4595 vllt
1300 4546 1397 4597 154
1504 4545 1569 4596 10
1604 4557 1809 4613 propter
1846 4546 1988 4596 sedet
2023 4555 2139 4594 ante
2175 4546 2309 4593 venit
2345 4545 2483 4606 infra
2515 4559 2568 4607 p.
2613 4543 2698 4604 78,
2737 4545 2802 4593 21

353 4631 554 4684 propter
589 4616 773 4684 aquae]
826 4620 984 4682 Very.
1020 4618 1176 4668 buc-ol.
1215 4616 1276 4674 8,
1307 4616 1375 4668 87
1556 4617 1619 4667 13
1664 4617 1749 4678 qui
1792 4617 1924 4670 uude
1962 4624 2060 4669 ecc.
2095 4617 2167 4665 ad
2191 4615 2580 4665 observationem
2614 4616 2677 4663 de
2717 4615 2801 4676 qui
2840 4614 2928 4660 ad-

353 4690 516 4740 verbio
552 4705 585 4737 a
616 4691 907 4751 pronomine
939 4688 1294 4750 discernendO,
1333 4687 1526 4750 de'quo
1562 4702 1721 4751 supra
1753 4702 1809 4750 p.
1840 4685 1923 4740 68,
1965 4685 2028 4735 31
2070 4685 2244 4735 dietum
2283 4693 2377 4745 est,
2412 4686 2667 4747 pertinere
2700 4685 2930 4734 videntur

496 4758 557 4809 16
592 4760 641 4806 in
674 4758 867 4806 minore
906 4768 1011 4805 arte
1045 4756 1307 4807 Pmsclzius
1447 4757 1514 4806 20
1546 4758 1773 4822 exceptis
1811 4756 1912 4804 illis
1956 4755 2246 4804 nominibus
2283 4754 2548 4804 Putsclzius
2688 4752 2755 4803 33
2792 4754 2926 4819 apud

358 4826 667 4893 Terentium]
710 4827 875 4880 Andr.
916 4827 932 4874 l
977 4826 1024 4891 l,
1061 4830 1128 4877 42
