3541 5564
1362 364 1834 426 COMMENTVM
2770 357 2892 423 221

2536 482 2579 523 p.
2597 469 2673 511 280
2686 471 2774 511 -82
2802 468 2846 509 1..

322 555 525 636 cipalia
567 562 734 623 sunt;
802 553 947 613 fiunt
992 551 1128 614 inde
1173 550 1518 613 diminutiva
1563 550 1809 613 sorbillo
1839 548 2070 628 sugillo.
2160 558 2299 611 sunt
2327 549 2682 628 aliquotiens
2723 549 2893 609 dimi·

322 659 514 718 nutiva
559 664 620 717 et
661 674 780 717 non
827 653 1048 716 habent
1089 654 1400 735 primitiva,
1453 652 1759 735 [legimus]
1818 669 1994 731 quem
2052 652 2124 713 ad
2170 651 2411 713 modum
2457 651 2553 712 illa
2598 653 2659 712 in
2707 652 2894 711 nomi·

323 758 509 820 nibus.
600 766 741 820 sunt
797 765 993 819 autem
1049 756 1244 819 fabula
1295 755 1523 817 macula
1579 753 1808 817 tabula:
1875 757 1984 816 ista
2042 774 2187 817 sono
2244 762 2380 815 sunt
2437 761 2661 815 tantum
2720 753 2896 815 modo

322 860 677 929 diminutiva,
727 860 1151 939 significatione
1196 867 1391 920 autem
1439 855 1784 937 principalia
1826 865 1981 918 sunt.
2049 858 2133 918 sic
2180 859 2354 918 ctiam
2398 858 2527 924 ista,
2575 857 2794 936 pytisso
2840 863 2900 916 et

274 962 545 1023 5vacillo:
593 963 815 1043 pytisso
861 970 920 1023 et
964 961 1170 1023 vacillo
1215 959 1392 1021 verba
1435 966 1576 1021 sunt
1620 958 1994 1030 diminutiva,
2043 967 2101 1020 et
2145 968 2340 1020 tamen
2386 957 2731 1039 principalia
2777 976 2897 1019 non

318 1064 548 1126 habent.
641 1084 760 1126 non
808 1063 815 1143 1
867 1065 1023 1124 enini
1070 1080 1306 1144 possum
1354 1062 1552 1123 dicere
1596 1080 1775 1142 pysso
1821 1060 1894 1122 ab
1941 1080 2012 1122 eo
2058 1061 2213 1140 quod
2262 1067 2351 1121 est
2401 1062 2641 1140 pytisso,
2688 1079 2895 1141 quam-

316 1185 483 1247 quam
538 1167 860 1246 legerimus
915 1167 974 1227 in
1033 1163 1400 1246 etymologiis
1467 1164 1621 1244 quod
1688 1164 1990 1226 invenitur
2055 1165 2205 1226 ratio
2272 1162 2485 1223 horum
2556 1161 2893 1223 verborum.

315 1267 515 1329 dicunt
575 1270 733 1329 enim
787 1269 1012 1348 pytisso
1068 1270 1145 1327 ita
1209 1287 1337 1328 esse
1394 1272 1722 1347 permutata
1780 1266 2006 1337 littera,
2054 1268 2221 1347 quasi
2267 1268 2517 1346 potisso.
2608 1272 2667 1325 et
2712 1266 2761 1325 si
2809 1272 2899 1325 est

313 1372 547 1450 potisso,
598 1369 777 1431 habet
819 1367 1146 1451 principale
1190 1377 1365 1449 poto,
1415 1377 1480 1429 ut
1523 1388 1632 1449 per
1676 1369 2018 1450 synaeresin
2066 1367 2177 1429 hoc
2209 1368 2428 1430 sactum
2471 1368 2548 1430 sit
2601 1365 2895 1446 [ceterum

248 1488 292 1527 ιο
318 1474 534 1552 potisso
583 1474 739 1533 venit
788 1470 861 1533 ab
908 1491 978 1532 eo
1024 1470 1182 1549 quod
1230 1478 1319 1531 est
1364 1468 1553 1550 poto].
1643 1473 1788 1532 item
1837 1471 2061 1541 vaci110‚
2111 1470 2331 1537 dicunt,
2381 1470 2672 1549 originem
2720 1466 2899 1528 trahit

312 1574 381 1635 ab
427 1593 498 1635 eo
545 1574 704 1655 quod
753 1581 840 1635 est
885 1592 1082 1653 vagor,
1131 1574 1187 1634 id
1236 1581 1326 1635 est
1372 1581 1535 1633 nuto.
1596 1573 1736 1634 inde
1782 1592 1923 1653 ergo
1966 1592 2110 1652 vago
2141 1570 2445 1641 dicebant;
2496 1589 2640 1650 ergo
2672 1569 2895 1639 vacillo,

313 1678 474 1756 quasi
528 1685 675 1738 nuto
733 1684 792 1736 et
848 1675 1132 1737 membris
1189 1693 1385 1754 vagor.
1476 1675 1588 1736 hoc
1646 1674 1804 1753 quod
1861 1674 2003 1735 dicit
2057 1676 2198 1736 satis
2242 1673 2356 1735 fide
2401 1681 2592 1743 caret,
2653 1674 2897 1733 omnino

312 1796 425 1838 non
471 1777 656 1839 habet
697 1780 985 1839 rationem
1019 1779 1279 1858 penitus:
1329 1779 1484 1839 scire
1516 1777 1819 1847 debemuS,
1869 1778 1964 1845 ait,
2012 1794 2141 1838 esse
2182 1775 2372 1855 aliqua
2405 1777 2580 1836 etiam
2611 1777 2672 1836 in
2704 1774 2898 1836 verbis

309 1878 737 1957 frequentativa
769 1899 887 1941 non
920 1900 953 1942 a
988 1879 1180 1941 verbis
1211 1880 1520 1950 venientia,
1555 1878 1657 1939 sed
1690 1898 1722 1939 a
1754 1879 2113 1951 nominibuS,
2147 1886 2212 1939 ut
2242 1886 2332 1939 est
2360 1880 2710 1957 graecissat;
2759 1895 2898 1939 ecce

247 2000 289 2039 ιε»
312 1984 639 2059 graecissat
667 1983 1164 2061 frequentativum
1198 1990 1301 2052 est,
1327 1982 1433 2043 sed
1464 1982 1537 2043 de
1570 1982 1810 2042 nomine
1843 1982 2131 2060 originem
2165 1982 2362 2043 sumit.
2406 1982 2660 2060 primum
2688 1980 2896 2042 salsum

317 2094 417 2145 est.
495 2086 997 2164 frequentativum
1043 2103 1217 2163 quem
1265 2086 1334 2145 ad
1382 2085 1619 2146 modum
1666 2083 1956 2144 definivit?
2002 2082 2492 2162 frequentativum
2536 2081 2779 2144 verbum
2812 2091 2902 2144 est

311 2186 462 2263 quod
496 2205 681 2267 saepe
712 2204 820 2247 nos
852 2186 1069 2264 aliquid
1103 2205 1282 2266 agere
1312 2186 1585 2257 ostendit,
1620 2194 1685 2247 ut
1730 2194 1822 2247 est
1864 2185 2089 2256 lectito,
2158 2186 2216 2246 id
2251 2192 2339 2246 est
2370 2185 2714 2265 frequenter
2745 2184 2895 2263 lego,

310 2290 603 2369 scriptito,
650 2289 998 2367 frequenter
1042 2274 1256 2360 scribo,
1304 2288 1552 2358 cantito,
1599 2290 1947 2368 frequenter
2001 2306 2168 2349 cano.
2256 2290 2307 2349 si
2352 2280 2545 2348 autem
2594 2288 2752 2348 dicas
2795 2306 2897 2366 pa-

315 2394 517 2462 trisso,
568 2398 638 2452 ut
683 2392 759 2451 sit
801 2392 1312 2471 frequentativum,
1361 2390 1499 2471 quid
1558 2392 1903 2469 frequenter
1959 2392 2162 2470 pater?
2250 2409 2385 2451 nam
2444 2391 2493 2451 si
2549 2389 2661 2451 hoc
2714 2389 2895 2461 dicaS,

241 2495 406 2569 acqui
452 2512 671 2554 sensus
717 2493 862 2554 erit?
911 2499 970 2553 et
1006 2496 1358 2568 qraecissat.
1450 2492 1592 2572 quid
1636 2494 1795 2553 enim
1843 2500 1934 2554 est
1988 2493 2339 2571 graecissat‘?
2428 2492 2608 2572 aliqui
2662 2494 2737 2552 sit
2780 2492 2895 2552 sre-

309 2602 558 2672 quenter
608 2596 890 2673 graecus?
979 2593 1197 2656 nullam
1244 2595 1465 2658 habent
1520 2596 1810 2657 rationem
1868 2596 2278 2675 frequentativi
2339 2593 2534 2666 verbi,
2594 2593 2696 2655 sed
2754 2593 2895 2654 illud

311 2697 427 2758 vult
472 2696 700 2766 dicere,
749 2699 1000 2778 patrisso
1044 2697 1105 2758 id
1152 2695 1159 2778 Ι
1212 2705 1299 2759 est
1342 2678 1494 2778 patri
1538 2698 1746 2759 similis
1791 2717 1939 2758 sum.
2005 2715 2147 2776 ergo
2177 2697 2493 2759 derivativa
2539 2704 2676 2757 sunt
2705 2698 2898 2777 potius

311 2819 340 2860 a
387 2799 744 2862 nominibus
834 2809 1144 2881 praeterea
1200 2808 1289 2862 est
1332 2799 1444 2861 alia
1490 2803 1656 2872 ratio,
1712 2820 1863 2881 quae
1907 2800 2179 2862 ostendat
2222 2802 2499 2881 quoniam
2545 2819 2661 2861 non
2709 2807 2899 2880 potest

311 2901 420 2963 hoc
464 2921 604 2964 esse
649 2904 1163 2983 frequentativum.
1255 2922 1374 2965 non
1433 2910 1632 2984 potest
1685 2922 1812 2964 esse
1868 2903 2363 2982 frequentativum
2409 2921 2441 2963 a
2486 2921 2551 2963 se
2606 2903 2897 2980 originem

239 3024 569 3075 &sumena
622 3006 734 3065 nisi
778 3002 990 3065 habeat
1037 3004 1381 3085 principale.
1474 3024 1612 3066 ecce
1658 3004 1859 3066 lectito
1905 3005 2084 3066 habet
2128 3004 2456 3085 principale
2501 3004 2662 3083 lego,
2710 3007 2895 3085 scrip-

309 3108 409 3168 tito
456 3107 644 3167 habet
685 3105 1009 3187 principale
1041 3105 1258 3176 scrib0,
1306 3108 1524 3169 cursito
1558 3106 1736 3168 habet
1764 3108 2096 3188 principale
2126 3126 2325 3169 curro.
2387 3126 2531 3186 ergo
2563 3108 2614 3167 si
2644 3108 2897 3187 patrisso

310 3216 397 3269 est
438 3209 975 3289 frequentativum,
1039 3208 1108 3269 da
1157 3210 1302 3271 mihi
1345 3210 1689 3290 principale.
1780 3212 1828 3271 si
1889 3210 2187 3289 graecisso
2246 3217 2336 3271 est
2380 3211 2897 3288 frequentativum,

309 3310 376 3371 da
422 3310 570 3371 mihi
621 3311 963 3391 principale.
1049 3330 1192 3390 ergo
1239 3331 1371 3373 cum
1420 3331 1529 3373 nec
1573 3314 1864 3373 rationem
1909 3310 2126 3373 habeat
2170 3330 2280 3373 nec
2324 3314 2615 3391 originem
2663 3311 2895 3381 habeat,

311 3414 585 3492 quoniam
646 3431 822 3474 omne
867 3414 1360 3494 l‘requentativum
1407 3413 1585 3476 habet
1627 3414 1981 3494 principale,
2042 3433 2157 3494 quo
2213 3414 2388 3476 modo
2432 3433 2740 3494 possumus
2786 3414 2897 3474 hoc

239 3515 509 3576 aodicere
553 3516 1072 3595 frequentativum,
1121 3495 1419 3578 cum⁰non
1465 3516 1682 3577 haheat
1716 3516 2081 3597 principale?

477 3619 651 3679 Scire
698 3616 982 3679 debemus
1026 3638 1155 3680 esse
1200 3618 1390 3699 aliqua
1436 3617 1611 3680 verba
1658 3639 1809 3699 quae
1865 3619 2177 3698 caliginem
2233 3620 2458 3680 faciunt
2510 3627 2570 3681 et
2612 3619 2897 3698 ambigui·
2935 3624 3052 3686 506,
3080 3627 3112 3673 9

311 3728 506 3791 tatem,
558 3728 619 3780 et
663 3721 882 3789 nescio,
929 3727 1128 3811 utrum
1173 3722 1475 3802 perfectae
1520 3721 1745 3783 formae
1792 3723 1912 3782 sint
1954 3741 2027 3783 an
2074 3719 2473 3791 inchoativae,
2523 3728 2586 3783 ut
2629 3741 2898 3791 senesco‚

311 3829 371 3882 ut
413 3824 683 3902 quiesco.
771 3821 1044 3882 videntur
1089 3825 1251 3903 quasi
1298 3831 1526 3904 partem
1573 3822 1794 3885 habere
1850 3824 2262 3904 perfectionis,
2321 3825 2380 3885 id
2438 3832 2527 3884 est
2597 3823 2898 3903 perfectae

310 3923 551 3994 formae,
604 3930 662 3984 et
706 3932 934 4003 partem
980 3923 1201 3986 habere
1245 3926 1628 3988 inchoativae.
1716 3944 1894 4006 quam
1950 3933 2179 4006 partem
2235 3924 2455 3987 habent
2496 3926 2900 3988 inchoativae?

239 4046 286 4089 ³5
311 4028 517 4088 tertiae
565 4027 997 4104 coniugationis
1036 4036 1348 4103 correptae
1375 4034 1598 4089 suntet
1627 4032 1689 4090 in
1720 4047 1820 4089 sco
1847 4038 2087 4104 exeunt,
2135 4037 2201 4090 ut
2226 4038 2313 4090 est
2338 4046 2609 4112 senesce:
2653 4048 2899 4090 senesco

311 4131 602 4199 senesciS,
662 4147 908 4190 senesco
953 4130 1014 4189 in
1058 4148 1175 4224 sco·
1203 4131 1351 4200 exit;
1407 4149 1656 4191 senesco
1703 4131 1933 4192 videtur
1977 4130 2199 4192 habere
2244 4133 2408 4211 quasi
2453 4130 2597 4192 duas
2640 4131 2895 4209 regulas,

445 4319 476 4366 4
509 4314 902 4382 significatione]
940 4317 1134 4366 ratione
1158 4317 1321 4367 ABG
1416 4318 1447 4367 5
1486 4327 1602 4367 sunt
1635 4327 1684 4366 et
1714 4319 2018 4368 diminutiua
2056 4327 2104 4366 et
2133 4326 2297 4366 tamen
2333 4318 2381 4366 A
2486 4319 2517 4366 7
2557 4318 2899 4383 ethimologiis

314 4382 404 4433 Ba
450 4387 843 4450 aetoemologiis
881 4386 924 4436 C
970 4386 1295 4452 ethimologia
1326 4386 1377 4436 A
1551 4387 1584 4437 8
1620 4396 1953 4452 permutatam
1996 4389 2213 4438 litteram
2259 4387 2428 4438 ABG
2601 4390 2634 4439 9
2677 4396 2897 4437 ceterum

311 4454 491 4518 pitisso
529 4457 578 4505 B
725 4457 788 4507 10
825 4457 954 4519 quod
999 4465 1115 4522 poto
1149 4457 1254 4507 BC
1392 4457 1642 4524 originem
1680 4458 1831 4507 trahit
1865 4458 1914 4506 A
1927 4457 1969 4508 G
2015 4459 2263 4524 originem
2300 4457 2432 4507 trahi
2466 4476 2499 4509 a
2536 4458 2734 4524 origine
2770 4457 2900 4506 trahi

314 4524 362 4573 B
473 4526 532 4577 ll
579 4534 699 4574 nuto
735 4526 882 4577 BGa
923 4537 1042 4575 natu
1075 4526 1209 4591 ΑΘ)
1309 4542 1431 4592 ergo
1471 4543 1604 4592 uego
1641 4544 1778 4581 corr.
1817 4543 1940 4593 ergo
1971 4543 2107 4594 uago
2140 4530 2188 4576 A
2306 4528 2370 4578 12
2414 4530 2561 4592 quasi
2603 4537 2722 4578 nuto
2751 4528 2899 4578 BGa

313 4596 454 4656 quasi
495 4605 620 4644 natu
650 4596 699 4644 A
712 4594 783 4660 (?)
931 4597 993 4646 14
1032 4613 1147 4647 ecce
1184 4596 1462 4662 graecisant
1500 4611 1592 4652 om.
1635 4599 1714 4662 A,
1756 4598 1879 4651 add.
1921 4614 1954 4646 a
2098 4598 2163 4648 18
2209 4598 2501 4661 frequenter
2534 4609 2684 4648 canto
2710 4599 2762 4649 B

312 4663 380 4712 20
415 4666 512 4714 erit
563 4674 616 4713 et
649 4667 771 4728 quid
805 4668 938 4716 euim
977 4667 1119 4717 BCa
1153 4668 1245 4717 erit
1275 4666 1396 4731 quid
1425 4668 1558 4716 enim
1595 4668 1644 4716 A
1785 4667 1946 4731 aliqui
1982 4669 2045 4717 sit
2078 4669 2183 4718 Ac
2222 4669 2408 4730 aliquis
2447 4671 2512 4718 sit
2542 4670 2591 4719 B
2628 4678 2679 4717 ut
2715 4667 2898 4731 aliquis

312 4734 378 4782 sit
400 4732 469 4782 a*
582 4737 650 4784 22
686 4750 809 4803 ergo
838 4747 890 4786 ut
920 4737 1192 4788 uideantur
1227 4738 1399 4802 potius
1435 4736 1719 4787 deriuatiua
1745 4752 1776 4786 a
1802 4738 2086 4787 nominibus
2115 4755 2237 4804 ergo
2265 4739 2537 4789 diriuatiua
2572 4748 2690 4789 sunt
2728 4741 2899 4803 potius

312 4817 341 4851 a
370 4804 663 4854 nominibus
697 4806 746 4854 A
901 4807 967 4858 34
1009 4822 1159 4870 quam
1189 4817 1385 4872 partem
1419 4806 1564 4856 Aoo
1604 4823 1731 4872 quae
1769 4817 1963 4872 partem
2004 4807 2120 4858 Ba*
2297 4809 2363 4860 35
2400 4818 2662 4874 correptae
2699 4817 2819 4858 sunt
2850 4817 2899 4857 et

314 4873 364 4920 in
400 4889 487 4922 sco
525 4883 717 4924 exeunt
753 4884 804 4925 ut
839 4886 916 4926 est
949 4892 1162 4927 senesco
1197 4891 1288 4932 om,
1325 4877 1489 4927 ABG
1624 4876 1691 4928 36
1730 4877 1779 4926 in
1817 4893 1934 4928 eaeo
1974 4878 2015 4929 G
