3541 5564
438 376 564 440 476
1541 376 1910 437 EVTYCHIS

489 497 534 538 p.
565 487 650 527 184.
677 487 729 526 ss
755 484 800 527 L.
2624 497 2666 537 p.
2693 486 2807 525 2177.
2837 486 2886 525 rs
2914 483 2959 526 P.

440 568 666 646 primae
712 572 877 634 sunt,
935 572 1001 624 ut
1055 581 1199 641 rogo
1255 580 1456 640 rogaS,
1518 565 1819 641 interrogo
1875 564 2227 640 interrogas,
2321 582 2465 642 cogo
2522 567 2682 625 enim
2727 567 2890 642 cogis
2936 562 3010 623 ab

440 685 549 746 ago
592 668 1011 746 compositum,
1059 664 1215 745 quod
1260 665 1521 725 ostendit
1565 673 1625 725 et
1669 667 1731 726 in
1777 667 2101 744 praeterito
2156 667 2423 744 perfecto
2477 684 2586 726 suo
2631 668 2824 742 coegi,
2883 684 3011 725 ser-

439 778 533 830 vat
576 770 1055 846 coniugationem
1098 768 1406 846 primitivi.
1469 785 1507 827 u
1552 767 1941 827 antecedente
1985 768 2212 845 primae
2260 775 2413 836 sunt,
2461 774 2527 827 ut
2572 769 2710 844 fugo
2756 769 3011 843 coningo

438 888 699 948 conrugo
757 887 946 947 nugor
999 870 1272 946 nugaris,
1333 886 1482 948 quae
1529 888 1558 927 a
1604 868 1947 929 nominibus
2004 869 2141 947 fuga
2188 871 2390 946 iugum
2437 888 2583 947 ruga
2630 887 2815 947 nugas
2860 870 3009 929 facta

437 976 566 1033 iure
625 979 760 1031 sunt
816 973 1063 1049 primae.
1135 977 1391 1039 ,notatur
1450 972 1659 1030 tertiae
1717 988 1865 1046 sugo
1921 972 2115 1047 sugis,
2174 979 2237 1030 ut
2292 972 2682 1050 primitivum.
2772 972 2915 1030 item
2970 989 3007 1030 n
3038 1002 3063 1040 5

436 1075 525 1135 vel
572 1093 602 1133 r
647 1072 1136 1135 antecedentibus
1194 1079 1328 1132 ante
1384 1090 1491 1148 go,
1554 1074 1672 1131 nisi
1730 1074 1852 1132 sint
1896 1090 1926 1130 a
1973 1070 2344 1141 nominihuS,
2411 1090 2780 1152 quacumque
2825 1072 3007 1131 vocali

435 1176 763 1255 anteposita
823 1176 1035 1234 tertiae
1093 1180 1230 1233 sunt
1286 1176 1482 1234 omnia
1539 1174 2000 1251 coniugationiS‚
2050 1181 2112 1232 ut
2158 1181 2333 1250 tango
2377 1174 2586 1251 frango
2630 1192 2852 1254 pange,
2901 1174 3016 1233 Eo-

433 1280 622 1339 ratius
666 1276 1057 1356 epistularum
1104 1274 1257 1335 libro
1302 1274 1326 1334 1

735 1396 867 1437 nec
912 1396 1074 1438 cum
1117 1377 1375 1437 venari
1423 1376 1624 1436 volet
1668 1376 1834 1445 ille,
1883 1385 2222 1456 poemata
2269 1396 2575 1456 panges:

434 1482 648 1562 plango
705 1482 861 1557 fingo
917 1480 1116 1556 mingo
1173 1481 1352 1555 ningo
1409 1478 1568 1555 tingo
1624 1480 1862 1556 extingo
1929 1481 2156 1556 stringo
2220 1480 2520 1556 restringo
2588 1481 2763 1557 cingo
2831 1480 3009 1559 pingo
3039 1513 3087 1551 ω

433 1585 594 1661 lingo
649 1584 855 1659 ringor
914 1576 923 1660 Ι
981 1581 1162 1657 iungo
1220 1597 1376 1657 ungo
1435 1597 1687 1657 emungo
1754 1598 1953 1658 pungo
2020 1581 2236 1657 fungor
2296 1598 2511 1660 spargo
2574 1598 2776 1659 mergo
2844 1589 3011 1659 tergo

433 1684 611 1765 vergo
666 1688 911 1760 invergo
968 1699 1164 1758 surgo,
1243 1697 1431 1760 purgo
1488 1683 1645 1741 enim
1703 1700 1923 1760 purgas
1979 1701 2010 1741 a
2068 1700 2254 1761 purus
2299 1684 2535 1742 nomine
2581 1682 2906 1743 derivatum
2953 1690 3012 1743 et

433 1791 608 1865 iurgo
652 1788 853 1864 iurgas
898 1782 971 1843 ab
1020 1802 1090 1843 eo
1134 1783 1289 1862 quod
1338 1792 1430 1842 est
1475 1785 1607 1843 iure
1655 1801 1840 1861 urgeo
1886 1783 2220 1844 traductum
2268 1791 2328 1843 et
2372 1783 2388 1843 l
2435 1791 2569 1843 ante
2613 1802 2649 1861 g
2696 1785 3013 1845 adsumens

431 1890 634 1967 vulgo,
695 1907 727 1948 a
784 1905 900 1967 quo
957 1886 1132 1945 etiam
1195 1885 1506 1963 promulgo
1561 1886 1903 1964 promulgas
1958 1886 2360 1964 componitur,
2420 1905 2451 1945 a
2510 1886 2717 1964 vulgus
2771 1889 3009 1947 nomine

432 1991 779 2059 deductum,
825 1990 1041 2048 merito
1085 1988 1309 2065 primae
1357 1993 1493 2046 sunt
1537 1988 1990 2063 coniugationis.
3034 2022 3086 2060 15

600 2092 1080 2171 Adspirationem
1136 2098 1270 2147 ante
1331 2108 1366 2148 o
1425 2086 1702 2148 habentia
1760 2088 1940 2150 latina
1997 2090 2113 2150 duo
2159 2098 2326 2157 sunt,
2374 2109 2523 2169 quae
2572 2091 2791 2151 nullam
2837 2108 3008 2151 occa-

433 2196 657 2256 sionem
704 2192 1086 2253 derivationis
1132 2192 1516 2251 monstrantia
1563 2191 1778 2249 tertiae
1825 2198 1962 2250 sunt
2007 2191 2465 2268 coniugationiS,
2514 2199 2578 2250 ut
2623 2192 2792 2251 traho
2836 2192 3005 2262 veho,

430 2306 490 2358 et
532 2314 682 2376 quae
729 2313 798 2355 ex
845 2293 936 2353 his
992 2299 1459 2371 componuntur,
1524 2291 1764 2351 retraho
1822 2292 2107 2353 subtraho
2153 2293 2375 2354 adveho
2418 2293 2678 2372 proveho
2724 2293 3004 2354 subveho.
3088 2338 3095 2339 ff

430 2417 567 2460 nam
611 2396 912 2475 triumpho
958 2394 1215 2455 bacchor
1247 2393 1582 2453 stomachor
1614 2401 1673 2453 et
1702 2410 1915 2469 graeca
1961 2402 2127 2465 sunt,
2178 2403 2238 2455 et
2284 2413 2314 2455 a
2362 2395 2700 2456 nominibus
2747 2395 3005 2456 derivata

425 2502 553 2561 iure
599 2500 824 2579 primae
871 2504 1008 2557 sunt
1052 2496 1498 2573 coniugationiS.
3028 2531 3082 2569 20

594 2602 704 2661 Aio
749 2606 809 2659 et
851 2599 1034 2667 meio,
1081 2596 1237 2677 quod
1285 2604 1343 2656 et
1385 2598 1583 2674 mingo
1628 2596 1871 2666 dicitur,
1932 2599 1950 2657 i
1997 2594 2026 2678 Η
2075 2616 2183 2677 pro
2229 2608 2588 2660 consonante
2635 2608 2770 2660 ante
2816 2618 2850 2658 o
2896 2600 3004 2660 ha·

429 2704 658 2771 bentia,
718 2702 929 2761 tertiae
975 2706 1138 2768 sunt,
1198 2705 1263 2757 ut
1307 2699 1632 2777 primitiva,
1693 2706 1754 2758 et
1800 2698 1938 2759 licet
1982 2699 2271 2760 defectiva
2319 2709 2487 2770 sunt,
2535 2700 2758 2761 habent
2802 2708 3003 2761 tamen

424 2806 715 2887 quaedam
760 2804 926 2881 signa
982 2802 1211 2861 tertiae.
1303 2803 1479 2861 tertia
1538 2802 1696 2860 enim
1755 2819 2007 2880 persona
2054 2801 2301 2880 pluralis
2346 2805 2514 2863 aiunt
2569 2810 2629 2862 et
2673 2805 3007 2864 infinitivus

424 2910 647 2968 meiere
694 2905 846 2985 apud
892 2902 1224 2963 Iuvenalem
1271 2904 1332 2962 in
1377 2903 1568 2981 primo
1612 2901 1768 2962 libro
1813 2903 2029 2972 lectus,

727 3007 944 3068 cuius
990 3005 1075 3065 ad
1122 3005 1461 3082 effigiem
1510 3023 1651 3064 non
1698 3011 1982 3064 tantum
2028 3008 2310 3065 meiere
2358 3008 2468 3067 fas
2513 3017 2654 3076 est,
3025 3040 3077 3079 25

423 3112 686 3174 indicant
730 3109 1203 3185 coniugationem
1250 3106 1633 3185 praedictam.
1724 3124 1856 3165 nam
1904 3107 2023 3165 scio
2080 3108 2182 3176 fio,
2239 3126 2387 3186 quae
2436 3117 2572 3168 sunt
2617 3117 2890 3188 quartae,
2939 3119 3000 3170 et

566 3401 598 3452 3
629 3409 682 3450 ut
718 3396 943 3463 confugo
980 3393 1200 3462 'coningo
1236 3402 1512 3458 (superse-r.
1540 3397 1787 3461 conrugo)
1814 3409 1979 3461 nugor
2002 3398 2139 3461 garis
2166 3396 2215 3445 B
2245 3407 2298 3446 ut
2331 3396 2612 3463 (supera-cr.
2648 3401 2718 3452 al.
2748 3415 2809 3452 m.
2848 3397 2995 3464 fugo)

423 3471 651 3536 confugo
688 3471 811 3536 iugo
850 3467 1071 3532 coningo
1109 3480 1267 3531 rugor
1304 3468 1503 3531 rugaris
1544 3480 1709 3530 nugor
1743 3468 1949 3530 nugaris
1992 3467 2039 3514 P
2074 3478 2125 3515 ut
2159 3467 2379 3533 coufugo
2419 3470 2539 3532 iugo
2577 3484 2794 3534 cori-ugo
2834 3484 2996 3534 nugor

423 3542 528 3591 aris
562 3548 584 3589 t
722 3540 755 3589 5
795 3553 923 3603 sugo
970 3536 1117 3602 sugis
1156 3545 1209 3584 ut
1246 3537 1557 3600 primitiuum
1594 3537 1714 3585 item
1760 3550 1791 3583 n
1828 3536 1907 3585 uel
1951 3552 1974 3584 r
2013 3537 2090 3586 uel
2132 3538 2144 3585 l
2186 3538 2599 3587 antecedentibus
2634 3547 2748 3587 ante
2798 3554 2864 3603 go
2899 3540 2994 3588 nisi

425 3613 529 3660 sint
563 3611 613 3660 B
648 3625 778 3675 sugo
810 3610 954 3673 sugis
994 3605 1080 3669 (ut
1109 3607 1419 3670 primitiuum
1449 3607 1564 3654 item
1594 3606 1718 3658 add.
1747 3609 1817 3657 al.
1858 3604 1946 3666 m.)
1986 3621 2014 3654 u
2058 3608 2135 3655 uel
2176 3622 2197 3653 r
2231 3609 2643 3658 antecedentibus
2682 3624 2749 3671 go
2788 3617 2841 3657 ut
2894 3610 2995 3674 pri-

423 3681 601 3730 mitiua
630 3682 728 3728 nisi
764 3680 866 3728 sint
905 3679 957 3726 P
1121 3675 1154 3726 8
1190 3677 1237 3724 in
1279 3676 1605 3741 epistolarum
1649 3675 1775 3724 libro
1817 3677 1981 3741 primo
2019 3676 2095 3725 P:
2134 3676 2215 3736 18,
2242 3678 2311 3727 40
2486 3679 2520 3729 9
2548 3694 2640 3727 nec
2672 3693 2785 3726 cum
2819 3681 2995 3727 uenari

424 3750 578 3800 uellet
613 3759 632 3800 t
666 3765 758 3798 nec
793 3763 906 3796 cum
946 3747 1171 3796 uenerati
1217 3746 1355 3795 uolet
1384 3748 1420 3808 f
1449 3760 1542 3794 nec
1589 3761 1701 3794 cum
1743 3746 2068 3796 ueneratione
2108 3746 2239 3794 ualet
2275 3747 2325 3795 P
2358 3761 2419 3796 ne
2463 3764 2576 3797 cum
2622 3750 2847 3797 uenerati
2891 3750 2995 3813 (su-

426 3835 630 3886 per-scr.
666 3818 788 3883 one)
829 3819 967 3867 uolet
999 3817 1050 3866 B
1216 3831 1411 3881 panges
1443 3817 1492 3865 P
1523 3830 1720 3880 pangas
1756 3814 1882 3877 Bts
2046 3815 2109 3867 10
2152 3816 2294 3881 tingo
2334 3818 2541 3882 extingo
2583 3819 2808 3883 r‘estingo
2846 3819 2994 3883 cingo

428 3891 584 3955 pingo
624 3891 822 3954 stringo
859 3888 998 3953 lingo
1031 3888 1182 3952 singo
1221 3894 1379 3948 (corr.
1420 3884 1595 3950 ringo)
1631 3899 1797 3950 sungo
1831 3885 1986 3951 iungo
2019 3900 2152 3951 ungo
2190 3901 2407 3952 emungo
2439 3903 2642 3954 spungo
2680 3902 2852 3953 mergo
2886 3890 2993 3952 (su—

415 3975 618 4025 per-scr.
661 3957 873 4024 spargo)
913 3965 1056 4022 tergo
1099 3970 1253 4023 surgo
1296 3958 1506 4021 inuergo
1551 3954 1710 4020 fungo
1753 3955 1918 4018 (corr.
1960 3954 2071 4018 -or)
2108 3955 2159 4004 B
2191 3956 2369 4021 tinguo
2406 3960 2651 4023 extinguo
2685 3960 2880 4022 stringo
2915 3976 2993 4008 re-

419 4031 618 4095 stringo
656 4030 807 4093 cingo
845 4029 1001 4093 pingo
1034 4042 1197 4091 sungo
1242 4027 1399 4090 iungo
1438 4040 1573 4089 ungo
1625 4039 1845 4090 emungo
1885 4024 2072 4091 fungor
2110 4040 2282 4090 mergo
2321 4035 2462 4092 tergo
2501 4043 2657 4093 surgo
2695 4029 2908 4093 inuergo
2947 4030 2998 4078 P

553 4101 745 4165 pingo,
781 4100 1004 4162 stringo,
1040 4096 1383 4162 singopquod
1424 4109 1557 4143 nunc
1592 4095 1833 4162 singultio
1871 4093 2106 4159 dicimus,
2147 4095 2304 4160 iungo
2337 4111 2370 4152 ς
2547 4098 2609 4148 12
2644 4096 2890 4146 diriuatur
2926 4114 2990 4147 ex

420 4183 518 4233 qno
558 4177 607 4218 et
644 4184 667 4216 r
693 4175 809 4218 ante
840 4183 907 4232 go
939 4166 1213 4218 adsumens
1250 4167 1395 4230 iurgo
1435 4165 1612 4229 iurgas
1639 4168 1703 4212 ab
1734 4180 1793 4211 eo
1828 4164 1963 4227 quod
1989 4174 2065 4214 est
2104 4167 2210 4214 iure
2250 4180 2405 4230 urgeo
2431 4167 2710 4216 traductum
2748 4177 2796 4216 et
2834 4168 2989 4235 uulgo

419 4254 448 4288 a
487 4253 588 4300 quo
626 4239 773 4288 etiam
813 4237 1079 4304 promulgo
1119 4237 1416 4302 promulgas
1451 4249 1562 4282 cum
1603 4249 1631 4282 a
1673 4233 1858 4298 uulgus
1898 4236 2097 4283 nomine
2136 4235 2416 4284 traductum
2462 4238 2638 4286 merito
2675 4239 2992 4302 componitur

416 4310 607 4376 primae
633 4317 750 4356 sunt
773 4307 1146 4372 coniugationis
1170 4306 1502 4355 Pderiuatur
1530 4314 1577 4352 et
1610 4305 1626 4352 i
1661 4314 1779 4354 ante
1813 4320 1841 4352 o
1876 4302 2038 4366 (corr.
2066 4305 2173 4357 der.
2203 4320 2267 4353 ex
2291 4321 2389 4368 quo
2426 4316 2474 4355 et
2508 4324 2532 4356 r
2570 4316 2683 4355 ante
2714 4312 2805 4372 go)
2837 4308 2989 4358 adsu-

418 4393 561 4429 mens
596 4379 743 4443 iorgo
780 4379 952 4442 iorgas
983 4377 1142 4440 (corr.
1182 4378 1327 4440 iurgo
1364 4372 1566 4439 iurgas)
1603 4374 1665 4422 ab
1699 4389 1759 4423 eo
1806 4374 1940 4437 quod
1979 4384 2055 4424 est
2087 4375 2193 4423 iure
2221 4389 2381 4440 urgeo
2411 4378 2692 4426 traductum
2729 4387 2778 4425 et
2817 4378 2988 4442 mulgo

415 4447 577 4511 (corr,
621 4446 805 4512 uulgo)
843 4448 991 4496 etiam
1032 4446 1299 4512 promulgo
1347 4446 1508 4507 (corr,
1541 4443 1815 4508 prouulgo)
1859 4457 1916 4494 as
1949 4447 2268 4510 componitur
2308 4460 2336 4493 a
2365 4447 2536 4511 mulgo
2572 4450 2735 4511 (corr.
2779 4448 2989 4513 uulgus)

417 4518 618 4567 nomine
654 4517 913 4567 diductum
944 4518 1124 4567 merito
1151 4515 1344 4580 primae
1368 4522 1486 4563 sunt
1519 4514 1893 4579 coniugationis
1928 4513 1979 4562 B
2014 4516 2265 4564 diriuatur
2296 4524 2346 4565 et
2383 4533 2419 4582 g
2455 4517 2505 4564 in
2537 4515 2690 4565 uerbo
2715 4518 2989 4567 adsumens

417 4589 564 4652 iurgo
612 4589 675 4636 ab
721 4603 781 4637 eo
819 4586 955 4651 quod
1003 4595 1080 4635 est
1132 4586 1239 4634 iure
1285 4592 1334 4634 et
1370 4598 1564 4649 urgueo
1603 4584 1883 4633 traductum
1927 4591 1973 4632 et
2004 4578 2168 4651 'uulgo
2206 4599 2269 4633 ex
2309 4600 2408 4647 quo
2451 4587 2599 4635 etiam
2638 4587 2889 4652 prouulgo
2931 4602 2988 4637 as

416 4660 737 4721 componitur
768 4672 797 4705 a
833 4657 1018 4722 uulgus
1057 4655 1258 4704 nomine
1293 4655 1562 4704 deductum
1607 4655 1785 4702 merito
1824 4654 2017 4717 primae
2053 4656 2426 4720 coniugationis
2463 4664 2626 4705 suntt
2799 4657 2861 4707 16
2894 4658 2986 4706 ad-

416 4727 709 4791 spirationis
735 4728 798 4776 ·P
932 4726 998 4776 23
1036 4724 1338 4774 infinitiuum
1379 4724 1490 4773 BP
1627 4726 1693 4773 24
1737 4723 1874 4789 apud
1916 4722 2226 4789 iuvenalem]
2263 4733 2363 4774 sat.
2404 4727 2453 4789 1,
2491 4726 2581 4776 131
2729 4724 2910 4776 lectum
2940 4728 2988 4776 B

417 4796 595 4845 lectum
643 4803 719 4845 est
757 4797 806 4844 P
940 4795 1008 4844 26
1052 4795 1276 4844 indicant
1312 4794 1684 4844 Lindemannus
1721 4793 1912 4842 indicat
1951 4794 2062 4844 BP
2200 4803 2249 4844 et
2290 4794 2372 4845 hio
2411 4797 2542 4860 quod
2582 4807 2657 4844 est
2698 4797 2894 4860 primae
2932 4797 2993 4864 ts

417 4877 465 4917 et
501 4865 585 4915 hio
623 4865 756 4931 quod
784 4866 1091 4931 primitiuum
1130 4864 1292 4928 (corr.
1329 4860 1550 4928 primae)
1584 4870 1661 4912 est
1685 4861 1737 4910 B
