3541 5564
1539 385 1885 447 REGVLAE
2318 455 2325 464 ,
2871 379 2994 444 497

2592 505 2634 545 p.
2664 493 2865 534 1975—77
2892 490 2943 532 P.

425 594 567 654 ergo
623 577 823 635 iuncta
878 575 1317 653 praepositione
1384 575 1536 635 fiunt
1589 573 1802 642 latina,
1861 579 1924 632 ut
1981 571 2134 642 dixi,
2181 575 2548 650 proconsule
2604 580 2992 652 propraetore

424 667 871 742 proquaestore.
962 678 1096 720 nam
1140 667 1373 720 veteres
1418 662 1479 719 in
1527 658 1886 719 nominativo
1931 675 2071 717 casu
2115 658 2430 737 proconsul
2477 658 2755 720 dicebant
2798 665 2992 719 atten-

424 748 633 808 dentes
676 746 898 807 nullum
945 764 1160 806 nomen
1204 745 1450 806 latinum
1484 745 1648 804 exire
1693 745 1753 804 in
1802 763 1833 802 e
1877 742 2136 803 litteram
2183 746 2542 804 nominativo
2590 764 2730 804 casu
2774 762 2993 821 genere

425 832 771 894 masculine.
834 850 865 891 a
912 831 1195 891 feminino
1241 830 1463 891 nullum
1510 830 1788 898 latinum,
1837 827 1941 888 sed
1985 846 2196 905 graeca
2242 829 2458 899 solum,
2493 837 2556 890 ut
2588 829 2994 890 Andromache

371 917 614 981 sNiobe
659 916 844 996 Libye
890 915 1125 976 Hecabe
1172 916 1431 994 Calliope
1476 914 1764 993 Euterpe,
1832 932 2085 993 quorum
2141 916 2436 990 genitivus
2491 917 2550 974 in
2611 935 2675 975 es
2731 917 2882 984 exit,
2931 923 2998 975 ut

425 1003 865 1065 Andromaches
921 1000 1142 1062 Niobes
1197 1001 1413 1081 Libyes
1455 1000 1724 1061 Hecabes
1782 999 2072 1078 Calliopes
2116 999 2428 1080 Euterpes,
2518 1001 2623 1061 sed
2669 1001 2811 1060 haec
2859 1018 2994 1060 cum

423 1091 654 1168 graecis
700 1094 1038 1148 tractemus.
1129 1107 1160 1146 a
1206 1094 1420 1147 neutro
1464 1105 1497 1145 e
1542 1085 1739 1146 littera
1787 1087 1845 1144 in
1895 1087 2256 1146 nominativo
2300 1085 2518 1146 monile
2566 1086 2751 1146 sedile
2798 1084 2993 1146 cubile

424 1181 483 1235 et
526 1182 743 1243 cetera,
790 1191 939 1252 quae
987 1172 1160 1250 paulo
1205 1179 1338 1252 post
1381 1174 1441 1231 in
1488 1172 1691 1249 regula
1736 1173 1977 1248 generis
2022 1174 2215 1231 neutri
2264 1190 2571 1250 ponemus.
2634 1192 2664 1231 a
2697 1173 2992 1230 communi

424 1260 647 1321 nullum
692 1277 905 1319 nomen
954 1265 1074 1328 est;
1133 1257 1411 1317 similiter
1465 1256 1689 1317 nullum
1738 1255 1812 1315 ab
1857 1259 2163 1335 epicoeno.
2252 1275 2406 1317 nune
2451 1256 2523 1316 de
2568 1257 2588 1315 i
2633 1257 2829 1317 littera
2875 1265 2993 1317 tra-

351 1361 397 1400 ιο
425 1354 678 1415 ctemuS,
737 1345 1098 1403 nominativo
1154 1362 1304 1422 quae
1361 1360 1579 1420 genera
1639 1343 1955 1401 contineat.
2007 1339 2013 1420 Ι
2063 1361 2092 1401 3
2140 1341 2464 1403 masculino
2510 1342 2734 1402 nullum
2779 1360 2994 1403 nomen

424 1434 486 1492 in
532 1434 582 1501 i;
641 1449 672 1490 a
728 1430 1017 1489 feminino
1074 1428 1327 1498 nullum:
1387 1448 1417 1488 a
1477 1434 1689 1487 neutro
1746 1431 1999 1504 gummi,
2060 1435 2119 1486 et
2164 1436 2255 1488 est
2299 1434 2570 1505 aptoton;
2619 1447 2650 1486 a
2696 1429 2993 1488 communi

423 1515 680 1584 nullum;
737 1514 810 1574 ab
872 1515 1029 1573 omni
1091 1532 1339 1591 genere,
1398 1521 1463 1573 ut
1506 1514 1663 1591 frugi
1710 1513 1901 1572 nihili.
1992 1512 2326 1574 declinatur
2372 1515 2488 1582 sic,
2537 1513 2631 1573 bie
2678 1515 2769 1572 vir
2814 1513 2992 1590 frugi,

423 1602 569 1661 haec
615 1601 832 1660 femina
878 1601 1070 1676 frugi,
1128 1599 1239 1659 hoc
1294 1598 1655 1677 mancipium
1712 1600 1904 1675 frugi;
1962 1600 2222 1675 genitivo
2267 1597 2545 1659 similiter
2588 1600 2747 1675 frugi
2792 1599 2991 1667 faciet,

423 1686 602 1747 huius
645 1687 755 1744 viri
801 1685 992 1761 frugi,
1041 1684 1219 1744 huius
1248 1685 1504 1744 feminae
1538 1685 1725 1761 frugi,
1775 1683 1953 1743 huius
1983 1686 2265 1762 mancipii
2295 1687 2486 1762 frugi;
2535 1685 2618 1743 sic
2651 1702 2760 1762 per
2791 1701 2996 1743 omnes

351 1793 399 1832 15
426 1789 599 1833 casus
641 1771 801 1847 frugi
847 1770 1118 1830 dicimus,
1179 1772 1266 1830 sic
1312 1769 1644 1830 declinatur
1688 1769 1890 1839 nihili,
1936 1769 2036 1829 hic
2078 1769 2247 1829 nihili
2294 1772 2412 1839 vir,
2460 1769 2606 1829 haec
2650 1769 2821 1829 nihili
2865 1787 2993 1828 mu-

426 1858 566 1927 lier,
614 1857 724 1916 hoc
770 1854 939 1914 nihili
985 1857 1369 1933 mancipium.
1457 1855 1569 1915 hoc
1615 1874 1756 1916 sono
1812 1874 2016 1914 omnes
2061 1873 2231 1916 casus
2275 1854 2674 1924 declinantur;
2735 1857 2820 1915 sic
2865 1854 2992 1933 plu-

425 1942 630 2003 raliter
673 1942 786 2001 viri
843 1941 1045 2011 nihili,
1105 1941 1360 2000 feminae
1417 1941 1618 2009 nihili,
1678 1943 1971 2019 mancipia
2029 1940 2219 2000 nihili.
2310 1939 2383 1999 ab
2440 1942 2724 2020 epicoeno
2767 1939 2993 2001 nullum

428 2027 706 2089 similiter
751 2029 877 2086 exit
920 2028 979 2085 10
1026 2029 1068 2085 1.
1159 2025 1232 2085 ab
1278 2047 1312 2084 0
1358 2025 1554 2085 littera
1604 2026 1783 2086 vocali
1843 2027 2239 2086 nominativus
2292 2028 2644 2086 terminatus
2688 2045 2720 2085 a
2764 2043 2992 2085 mascu-

428 2114 551 2174 1100
596 2111 975 2192 appellativo,
1024 2119 1088 2171 ut
1141 2111 1260 2188 ligo
1304 2111 1548 2188 ligonis,
1597 2131 1627 2170 a
1675 2114 1920 2190 proprio
1965 2114 2233 2181 nomine,
2282 2117 2349 2170 ut
2392 2110 2532 2171 Cato
2577 2111 2786 2171 Cicero
2831 2109 2993 2170 Maro

349 2215 401 2256 20
426 2197 583 2258 Nero
626 2196 864 2258 Tubero
921 2203 980 2256 et
1037 2196 1200 2265 talia,
1259 2216 1289 2256 a
1345 2197 1633 2258 feminino
1690 2197 2073 2275 appellative,
2117 2205 2184 2257 ut
2228 2198 2454 2272 vertigo
2501 2195 2713 2273 indago
2759 2197 2994 2272 farrago

426 2283 626 2361 siligo:
675 2285 736 2343 in
778 2282 1039 2342 Iuvenali
1085 2282 1303 2359 legitur
1346 2285 1458 2351 ita,

727 2368 851 2428 sed
896 2369 1017 2447 qui
1066 2368 1465 2428 conductis
1509 2367 1904 2428 inducitur
1949 2375 2173 2447 atque
2222 2369 2520 2427 fovetur

727 2460 838 2513 tot
879 2452 1507 2514 medicaminibus
1551 2461 1955 2532 coctaeque
2012 2452 2354 2529 siliginis
2399 2454 2593 2512 offas

726 2541 1006 2617 accipit
1052 2544 1120 2597 et
1167 2537 1528 2607 madidae,
1579 2539 1821 2598 facies
1866 2537 2168 2598 dicetur
2214 2556 2299 2598 an
2345 2538 2591 2598 ulcus?

348 2643 399 2685 25
424 2632 659 2702 sartago
703 2626 905 2701 virago
950 2624 1165 2700 lanugo
1210 2641 1431 2700 aerugo
1477 2641 1700 2700 aurugo
1744 2623 2025 2702 crepido:
2072 2625 2135 2682 in
2182 2623 2442 2683 luvenali

727 2709 930 2769 nulla
977 2709 1291 2788 crepido
1336 2717 1582 2778 vacat,
1629 2727 1984 2789 nusquam
2030 2728 2210 2789 pons
2255 2716 2326 2769 et
2369 2710 2651 2787 tegetis
2694 2728 2897 2789 pars:

426 2803 484 2856 et
532 2795 686 2856 talia.
777 2815 807 2855 a
854 2796 1140 2855 feminino
1185 2796 1458 2874 proprie,
1517 2796 1838 2872 Carthago;
1895 2798 2211 2874 peregrina
2255 2815 2422 2865 vere,
2482 2803 2546 2855 ut
2589 2795 2740 2855 Dido
2786 2795 2888 2855 Ino
2931 2795 2995 2855 Io

426 2880 627 2940 Alecto
673 2880 924 2940 Celaeno
969 2880 1094 2941 Clio
1139 2879 1365 2949 Manto,
1426 2899 1677 2960 quorum
1722 2881 2014 2958 genitivus
2066 2884 2130 2942 in
2176 2900 2246 2942 us
2290 2883 2441 2950 exit,
2488 2880 2674 2941 Didus
2719 2880 2857 2942 Inus
2900 2880 2997 2941 lus

430 2965 668 3026 Alectus
714 2964 1002 3025 Celaenus
1046 2964 1210 3026 Clius
1254 2964 1515 3035 Mantus:
1573 2967 1676 3027 sed
1733 2966 1844 3026 boc
1889 2985 2023 3026 cum
2068 2968 2298 3044 graecis
2342 2974 2681 3027 tractemus,
2772 2985 2803 3026 a
2849 2985 2993 3026 neu-

352 3072 401 3111 30
432 3058 521 3110 tro
567 3049 761 3110 nullus
807 3051 1199 3110 nominativus
1244 3053 1306 3110 in
1351 3070 1386 3111 0
1431 3053 1582 3122 exit3
1630 3071 1659 3111 a
1706 3053 2006 3112 communi
2051 3052 2193 3112 fullo
2237 3051 2387 3112 latro
2431 3071 2617 3130 caupo
2662 3059 2722 3112 et
2765 3058 2994 3122 cetera;

426 3135 501 3195 ab
548 3137 833 3214 epicoeno
878 3135 1132 3194 struthio
1176 3136 1434 3196 hirundo
1478 3137 1692 3197 hirudo
1748 3137 2013 3197 curculio
2071 3136 2211 3197 bufo
2257 3147 2315 3197 et
2360 3137 2518 3197 talia.
2609 3135 2682 3197 ab
2727 3156 2765 3197 u
2810 3137 2994 3197 vocali

427 3221 616 3282 solum
662 3227 971 3289 neutrum,
1016 3221 1171 3298 quod
1217 3223 1279 3281 10
1325 3222 1609 3299 singulari
1656 3221 2075 3283 indeclinabile
2122 3229 2239 3291 est,
2285 3225 2349 3282 in
2394 3222 2609 3301 plurali
2641 3221 2992 3290 declinatur,

427 3313 493 3366 ut
535 3324 720 3366 cornu
763 3322 909 3365 veru
952 3323 1108 3382 genu
1154 3308 1408 3367 tonitru:
1456 3307 1570 3367 hoe
1615 3327 1757 3368 sono
1794 3309 2181 3368 enuntiantur
2226 3325 2430 3367 omnes
2473 3326 2643 3367 casus
2687 3309 2749 3366 10
2795 3309 2993 3383 singu-

427 3391 567 3460 lari,
623 3398 691 3451 ut
745 3390 1033 3461 diximus;
1088 3393 1150 3450 10
1205 3391 1418 3470 plurali
1477 3390 1898 3472 delclinantur,
1954 3411 2174 3453 cornua
2221 3411 2401 3452 verua
2446 3410 2671 3469 genua,
2733 3394 2995 3468 genitivo

350 3501 400 3542 35
426 3478 636 3537 horum
695 3494 984 3536 cornuum
1040 3494 1287 3538 veruum
1342 3496 1630 3554 genuum;
1688 3485 1748 3538 et
1803 3484 1998 3539 cetera
2056 3478 2382 3539 declinabis
2437 3478 2509 3538 ad
2555 3476 2820 3555 regulam
2865 3496 2993 3537 ver-

425 3581 597 3622 suum
642 3568 702 3621 et
743 3562 1047 3622 fluctuum.

592 3646 863 3707 Diximus
905 3647 978 3707 de
1022 3648 1323 3709 vocalibus
1368 3651 1650 3729 quinque,
1696 3649 1917 3729 quihus
1952 3651 2315 3749 ⁸terminatur
2360 3650 2788 3720 nominativus;
2833 3668 2991 3709 nunc

426 3733 498 3793 de
545 3731 995 3793 semivocalibus
1041 3733 1326 3794 dicamus
1374 3734 1392 3794 l
1441 3734 1640 3795 littera
1687 3720 2082 3795 nominativus
2126 3737 2348 3805 exiens,
2397 3736 2457 3794 in
2503 3733 2846 3794 masculinis
2886 3753 2993 3814 ap-

426 3818 719 3897 pellativis
763 3818 862 3877 hic
908 3817 1022 3886 sal,
1069 3819 1132 3878 in
1188 3821 1450 3898 propriis
1495 3820 1627 3889 Sol;
1689 3823 1750 3881 in
1807 3822 2114 3881 femininis
2167 3839 2351 3880 unum
2409 3838 2624 3880 nomen
2692 3826 2993 3880 matronae

348 3909 684 3971 wtantum,
743 3901 1063 3981 Tanaquil;
1121 3906 1182 3964 in
1238 3908 1469 3965 neutris
1521 3906 1640 3966 mel
1698 3905 1806 3976 fel;
1853 3908 1915 3966 in
1962 3904 2374 3966 communibus
2417 3905 2552 3983 vigil
2598 3904 2790 3984 pugil,
2839 3904 2993 3964 unde

425 3996 485 4048 et
528 3987 845 4048 Terentius
891 3986 962 4047 de
1019 3990 1248 4066 virgine
1306 3990 1674 4070 ‘pugilem
1730 4010 1895 4052 esse
1952 3993 2230 4061 aiunt';
2287 3993 2350 4050 in
2407 3992 2711 4069 epicoenis
2768 3989 2992 4051 nullum

562 4193 589 4242 1
625 4190 930 4256 proconsule
960 4193 1242 4253 posteriore
1271 4195 1378 4246 loco
1399 4209 1490 4245 om.
1533 4195 1623 4251 F5
1746 4194 1781 4245 5
1820 4194 2079 4244 haechabe
2111 4195 2308 4259 caliope
2346 4194 2397 4243 F
2423 4192 2600 4243 hecate
2636 4207 2670 4249 ς
2784 4190 2818 4243 6
2846 4191 2993 4241 haee-

423 4262 580 4312 habes
614 4261 835 4326 caliopes
861 4260 911 4309 F
934 4259 1136 4312 hecates
1163 4277 1197 4319 ς
1302 4266 1333 4315 7
1370 4265 1558 4315 munile
1584 4267 1635 4316 F
1727 4263 1761 4314 8
1796 4265 1959 4315 neutri
1990 4278 2091 4314 non
2127 4278 2220 4329 pro
2252 4264 2419 4313 omnia
2451 4264 2657 4314 nomina
2681 4277 2928 4330 ponemus
2952 4261 3002 4309 F

425 4346 487 4381 ne
521 4347 554 4381 u
592 4346 686 4397 per
719 4332 889 4381 omnia
926 4332 1132 4382 nomina
1166 4348 1413 4398 ponemus
1448 4347 1482 4391 ς
1611 4333 1676 4385 16
1701 4334 1800 4383 hoe
1834 4348 1958 4384 sono
1999 4334 2297 4383 nominatiui
2336 4348 2509 4382 omnes
2547 4348 2696 4384 casus
2731 4332 2827 4388 Γς
2933 4328 2996 4380 18

421 4403 716 4451 terminatus
752 4400 1036 4451 masculino
1075 4401 1167 4460 Fe,-
1272 4404 1337 4454 21
1384 4405 1433 4453 in
1473 4402 1720 4470 iuvenali]
1762 4413 1862 4454 sat.
1903 4403 1954 4466 6,
1992 4404 2089 4454 471
2200 4405 2267 4452 22
2303 4403 2391 4453 sed
2430 4419 2558 4467 quae
2595 4403 2798 4454 mutatis
2835 4415 2869 4458 ς
2903 4401 2990 4451 sed

428 4471 551 4534 quid
588 4473 791 4521 mutatis
832 4470 1098 4520 Putsckius
1234 4471 1301 4522 23
1337 4480 1578 4537 coctaque
1610 4476 1661 4525 F
1797 4476 1865 4525 24
1897 4474 2081 4538 accipit
2114 4488 2204 4523 om.
2244 4472 2297 4521 F
2434 4473 2636 4522 madida
2666 4473 2717 4522 F
2815 4472 2996 4522 dicitur

425 4540 475 4588 F
606 4540 674 4588 25
717 4555 875 4607 erugo
904 4541 1109 4592 morbus
1145 4543 1322 4608 regius
1359 4559 1554 4611 aurugo
1591 4545 1642 4594 F
1669 4558 1831 4609 erugo
1865 4558 2026 4609 arugo
2063 4556 2095 4598 ς
2236 4543 2286 4591 10
2324 4540 2572 4609 Iuvenali]
2613 4549 2712 4593 sat.
2753 4543 2801 4601 5,
2839 4540 2872 4591 8

424 4609 492 4659 26
527 4607 663 4657 00110
693 4611 896 4677 crepido
937 4618 1086 4660 uocat
1120 4626 1369 4677 nusquam
1409 4624 1582 4679 posset
1615 4613 1792 4662 teietes
1829 4622 1878 4663 et
1910 4613 2027 4662 talia
2060 4613 2110 4661 F
2243 4614 2310 4662 27
2349 4615 2438 4662 100
2476 4614 2529 4662 10
2562 4610 2833 4662 Putscleius
2864 4612 2993 4659 incio

426 4678 507 4728 F
495 4692 615 4727 tuno
653 4679 700 4728 io
738 4692 773 4735 ς
911 4680 979 4731 28
1007 4681 1166 4731 alecto
1205 4698 1386 4733 nomen
1420 4686 1451 4734 ὃ
1483 4685 1656 4734 081800
1692 4683 1744 4732 F
1879 4684 2094 4732 mantice
2129 4684 2179 4732 F
2276 4685 2383 4734 exit
2416 4683 2619 4733 eelenus
2655 4682 2782 4731 elius
2816 4681 2994 4729 manti·

426 4763 515 4798 cus
546 4747 697 4796 didus
730 4750 807 4797 ius
839 4752 982 4801 sinus
1020 4751 1112 4801 sed
1143 4751 1196 4801 F
1329 4752 1469 4821 Inus]
1504 4756 1653 4804 inuus
1688 4767 1722 4809 ς
1863 4752 1927 4804 31
1964 4754 2110 4819 irugo
2148 4753 2281 4813 qnod
2316 4761 2394 4804 est
2420 4754 2735 4819 sanguisuga
2771 4751 2993 4800 curculio

424 4817 474 4866 F
571 4815 639 4868 33
678 4817 794 4885 gelu
831 4821 916 4877 ἲς
1016 4820 1078 4871 34
1119 4823 1268 4887 gelua
1294 4826 1384 4881 Fe,-
1486 4824 1554 4877 38
1591 4826 1641 4874 10
1681 4821 1975 4873 masculinis
2013 4824 2108 4873 nisi
2147 4822 2485 4888 appellatinus
2511 4823 2563 4872 F
2662 4821 2731 4873 40
2766 4819 2992 4883 tanaquil

425 4901 552 4937 uxor
598 4890 817 4953 tarquini
855 4892 1057 4955 priscim
1097 4892 1146 4940 in
1186 4895 1376 4944 neutris
1411 4894 1460 4943 F
1608 4895 1672 4945 41
1707 4891 1996 4959 Terentius]
2032 4892 2259 4944 Eunueh.
2296 4894 2336 4942 11
2375 4893 2427 4955 3,
2456 4895 2524 4944 24
2663 4898 2823 4960 agunt
2857 4892 2908 4941 F
