<?xml version="1.0" encoding="UTF-8"?>
<!DOCTYPE html PUBLIC "-//W3C//DTD XHTML 1.0 Transitional//EN"
    "http://www.w3.org/TR/xhtml1/DTD/xhtml1-transitional.dtd">
<html xmlns="http://www.w3.org/1999/xhtml" xml:lang="en" lang="en">
 <head>
  <title>
</title>
<meta http-equiv="Content-Type" content="text/html;charset=utf-8" />
  <meta name='ocr-system' content='tesseract 3.04.00' />
  <meta name='ocr-capabilities' content='ocr_page ocr_carea ocr_par ocr_line ocrx_word'/>
</head>
<body>
  <div class='ocr_page' id='page_1' title='image "./grammaticilatin10keilgoog_0062.png"; bbox 0 0 3541 5564; ppageno 0'>
   <div class='ocr_carea' id='block_1_1' title="bbox 606 336 2072 407">
    <p class='ocr_par' dir='ltr' id='par_1_1' title="bbox 606 336 2072 407">
     <span class='ocr_line' id='line_1_1' title="bbox 606 336 2072 407; baseline 0.003 -15"><span class='ocrx_word' id='word_1_1' title='bbox 606 342 692 407; x_wconf 83' lang='lat'><strong>54</strong></span> <span class='ocrx_word' id='word_1_2' title='bbox 1726 336 2072 398; x_wconf 67' lang='lat' dir='ltr'><strong>cmoonu</strong></span> 
     </span>
    </p>
   </div>
   <div class='ocr_carea' id='block_1_2' title="bbox 374 450 3281 3881">
    <p class='ocr_par' dir='ltr' id='par_1_2' title="bbox 374 450 3281 3881">
     <span class='ocr_line' id='line_1_2' title="bbox 658 450 992 505; baseline -0.006 -14"><span class='ocrx_word' id='word_1_3' title='bbox 658 466 699 505; x_wconf 84' lang='lat' dir='ltr'><strong>p,</strong></span> <span class='ocrx_word' id='word_1_4' title='bbox 733 452 841 491; x_wconf 80' lang='lat'><strong>1910.</strong></span> <span class='ocrx_word' id='word_1_5' title='bbox 874 454 917 490; x_wconf 80' lang='grc' dir='ltr'><strong>ιι</strong></span> <span class='ocrx_word' id='word_1_6' title='bbox 948 450 992 490; x_wconf 84' lang='grc' dir='ltr'><strong>Ρ.</strong></span> 
     </span>
     <span class='ocr_line' id='line_1_3' title="bbox 605 522 3187 608; baseline -0.005 -16"><span class='ocrx_word' id='word_1_7' title='bbox 605 535 665 592; x_wconf 92' lang='lat' dir='ltr'><strong>in</strong></span> <span class='ocrx_word' id='word_1_8' title='bbox 712 529 969 593; x_wconf 87' lang='lat' dir='ltr'><strong>secunda</strong></span> <span class='ocrx_word' id='word_1_9' title='bbox 1014 547 1267 608; x_wconf 88' lang='lat' dir='ltr'><strong>persona</strong></span> <span class='ocrx_word' id='word_1_10' title='bbox 1313 528 1680 605; x_wconf 74' lang='lat' dir='ltr'><strong>agnoscitur:</strong></span> <span class='ocrx_word' id='word_1_11' title='bbox 1733 522 1742 604; x_wconf 84' lang='grc' dir='ltr'>Ι</span> <span class='ocrx_word' id='word_1_12' title='bbox 1803 541 2024 601; x_wconf 79' lang='lat' dir='ltr'><strong>genuS,</strong></span> <span class='ocrx_word' id='word_1_13' title='bbox 2074 530 2269 583; x_wconf 86' lang='lat' dir='ltr'><strong>utrum</strong></span> <span class='ocrx_word' id='word_1_14' title='bbox 2318 523 2568 582; x_wconf 88' lang='lat' dir='ltr'><strong>activum</strong></span> <span class='ocrx_word' id='word_1_15' title='bbox 2618 522 2695 581; x_wconf 89' lang='lat' dir='ltr'><strong>sit</strong></span> <span class='ocrx_word' id='word_1_16' title='bbox 2746 541 2820 583; x_wconf 88' lang='lat' dir='ltr'><strong>an</strong></span> <span class='ocrx_word' id='word_1_17' title='bbox 2865 525 3187 602; x_wconf 86' lang='lat' dir='ltr'><strong>passivum:</strong></span> 
     </span>
     <span class='ocr_line' id='line_1_4' title="bbox 606 611 3192 705; baseline -0.004 -9"><span class='ocrx_word' id='word_1_18' title='bbox 606 651 908 702; x_wconf 81' lang='lat' dir='ltr'><strong>numeruS,</strong></span> <span class='ocrx_word' id='word_1_19' title='bbox 957 633 1111 693; x_wconf 89' lang='lat' dir='ltr'><strong>sicut</strong></span> <span class='ocrx_word' id='word_1_20' title='bbox 1153 633 1213 690; x_wconf 88' lang='lat' dir='ltr'><strong>in</strong></span> <span class='ocrx_word' id='word_1_21' title='bbox 1261 611 1628 691; x_wconf 83' lang='lat' dir='ltr'><strong>nominibus:</strong></span> <span class='ocrx_word' id='word_1_22' title='bbox 1675 628 1882 703; x_wconf 83' lang='lat' dir='ltr'><strong>figura,</strong></span> <span class='ocrx_word' id='word_1_23' title='bbox 1928 627 2080 686; x_wconf 89' lang='lat' dir='ltr'><strong>sicut</strong></span> <span class='ocrx_word' id='word_1_24' title='bbox 2123 627 2183 685; x_wconf 91' lang='lat' dir='ltr'><strong>in</strong></span> <span class='ocrx_word' id='word_1_25' title='bbox 2228 625 2596 686; x_wconf 87' lang='lat' dir='ltr'><strong>nominibus:</strong></span> <span class='ocrx_word' id='word_1_26' title='bbox 2644 633 2931 705; x_wconf 86' lang='lat' dir='ltr'><strong>tempora,</strong></span> <span class='ocrx_word' id='word_1_27' title='bbox 2980 625 3192 705; x_wconf 90' lang='lat' dir='ltr'><strong>quibus</strong></span> 
     </span>
     <span class='ocr_line' id='line_1_5' title="bbox 374 728 3189 813; baseline -0.002 -14"><span class='ocrx_word' id='word_1_28' title='bbox 374 750 490 813; x_wconf 83' lang='lat'><strong>381,</strong></span> <span class='ocrx_word' id='word_1_29' title='bbox 519 750 580 798; x_wconf 86' lang='lat'><strong>14</strong></span> <span class='ocrx_word' id='word_1_30' title='bbox 606 738 757 798; x_wconf 77' lang='lat' dir='ltr'><strong>facta</strong></span> <span class='ocrx_word' id='word_1_31' title='bbox 786 735 1235 796; x_wconf 88' lang='lat' dir='ltr'><strong>discernuntur:</strong></span> <span class='ocrx_word' id='word_1_32' title='bbox 1285 750 1601 812; x_wconf 80' lang='lat' dir='ltr'>personae,</span> <span class='ocrx_word' id='word_1_33' title='bbox 1650 746 1800 807; x_wconf 91' lang='lat' dir='ltr'><strong>quae</strong></span> <span class='ocrx_word' id='word_1_34' title='bbox 1846 728 2322 790; x_wconf 77' lang='lat' dir='ltr'><strong>distributionem</strong></span> <span class='ocrx_word' id='word_1_35' title='bbox 2353 730 2751 807; x_wconf 81' lang='lat' dir='ltr'><strong>praesignant,</strong></span> <span class='ocrx_word' id='word_1_36' title='bbox 2790 760 2863 772; x_wconf 87' lang='lat'><strong>—-</strong></span> <span class='ocrx_word' id='word_1_37' title='bbox 2899 730 3189 802; x_wconf 80' lang='lat' dir='ltr'><strong>Quoniam</strong></span> 
     </span>
     <span class='ocr_line' id='line_1_6' title="bbox 607 829 3194 916; baseline -0.001 -18"><span class='ocrx_word' id='word_1_38' title='bbox 607 839 783 900; x_wconf 89' lang='lat' dir='ltr'><strong>verba</strong></span> <span class='ocrx_word' id='word_1_39' title='bbox 827 836 1197 916; x_wconf 82' lang='lat' dir='ltr'><strong>temporibus</strong></span> <span class='ocrx_word' id='word_1_40' title='bbox 1243 842 1301 895; x_wconf 89' lang='lat' dir='ltr'><strong>et</strong></span> <span class='ocrx_word' id='word_1_41' title='bbox 1346 832 1538 895; x_wconf 87' lang='lat' dir='ltr'><strong>modis</strong></span> <span class='ocrx_word' id='word_1_42' title='bbox 1582 830 1986 900; x_wconf 67' lang='lat' dir='ltr'><strong>declinantur,</strong></span> <span class='ocrx_word' id='word_1_43' title='bbox 2034 833 2272 892; x_wconf 88' lang='lat' dir='ltr'><strong>uomina</strong></span> <span class='ocrx_word' id='word_1_44' title='bbox 2320 829 2572 891; x_wconf 80' lang='lat' dir='ltr'><strong>casibus,</strong></span> <span class='ocrx_word' id='word_1_45' title='bbox 2606 831 2688 878; x_wconf 82' lang='lat'><strong>-&#39;-</strong></span> <span class='ocrx_word' id='word_1_46' title='bbox 2720 833 3037 894; x_wconf 79' lang='lat' dir='ltr'><strong>Verbum</strong></span> <span class='ocrx_word' id='word_1_47' title='bbox 3083 843 3194 895; x_wconf 88' lang='lat' dir='ltr'><strong>est</strong></span> 
     </span>
     <span class='ocr_line' id='line_1_7' title="bbox 519 932 3245 1019; baseline -0.002 -16"><span class='ocrx_word' id='word_1_48' title='bbox 519 956 579 1004; x_wconf 80' lang='lat'><strong>17</strong></span> <span class='ocrx_word' id='word_1_49' title='bbox 606 943 1047 1019; x_wconf 83' lang='lat' dir='ltr'><strong>interrogative,</strong></span> <span class='ocrx_word' id='word_1_50' title='bbox 1093 957 1264 1018; x_wconf 88' lang='lat' dir='ltr'><strong>pars</strong></span> <span class='ocrx_word' id='word_1_51' title='bbox 1309 935 1680 996; x_wconf 87' lang='lat' dir='ltr'><strong>orationis</strong></span> <span class='ocrx_word' id='word_1_52' title='bbox 1725 936 2084 1014; x_wconf 84' lang='lat' dir='ltr'><strong>responsive,</strong></span> <span class='ocrx_word' id='word_1_53' title='bbox 2125 968 2198 977; x_wconf 89' lang='lat'>—</span> <span class='ocrx_word' id='word_1_54' title='bbox 2234 933 2362 994; x_wconf 89' lang='lat' dir='ltr'><strong>Non</strong></span> <span class='ocrx_word' id='word_1_55' title='bbox 2394 932 2585 994; x_wconf 88' lang='lat' dir='ltr'><strong>solum</strong></span> <span class='ocrx_word' id='word_1_56' title='bbox 2615 936 2675 994; x_wconf 88' lang='lat' dir='ltr'><strong>in</strong></span> <span class='ocrx_word' id='word_1_57' title='bbox 2708 934 2899 995; x_wconf 86' lang='lat' dir='ltr'><strong>modis</strong></span> <span class='ocrx_word' id='word_1_58' title='bbox 2929 944 3021 996; x_wconf 89' lang='lat' dir='ltr'><strong>est</strong></span> <span class='ocrx_word' id='word_1_59' title='bbox 3051 956 3192 1016; x_wconf 81' lang='lat' dir='ltr'><strong>qua·</strong></span> <span class='ocrx_word' id='word_1_60' title='bbox 3218 936 3245 977; x_wconf 82' lang='lat'>⁵</span> 
     </span>
     <span class='ocr_line' id='line_1_8' title="bbox 522 1035 3196 1116; baseline -0.002 -10"><span class='ocrx_word' id='word_1_61' title='bbox 522 1058 581 1106; x_wconf 84' lang='lat'><strong>18</strong></span> <span class='ocrx_word' id='word_1_62' title='bbox 608 1044 739 1105; x_wconf 90' lang='lat' dir='ltr'><strong>litas</strong></span> <span class='ocrx_word' id='word_1_63' title='bbox 770 1042 1117 1116; x_wconf 84' lang='lat' dir='ltr'><strong>verborum,</strong></span> <span class='ocrx_word' id='word_1_64' title='bbox 1165 1039 1268 1100; x_wconf 91' lang='lat' dir='ltr'><strong>sed</strong></span> <span class='ocrx_word' id='word_1_65' title='bbox 1303 1040 1475 1099; x_wconf 89' lang='lat' dir='ltr'><strong>etiam</strong></span> <span class='ocrx_word' id='word_1_66' title='bbox 1507 1039 1567 1098; x_wconf 91' lang='lat' dir='ltr'><strong>in</strong></span> <span class='ocrx_word' id='word_1_67' title='bbox 1599 1037 1825 1097; x_wconf 76' lang='lat' dir='ltr'><strong>formis,</strong></span> <span class='ocrx_word' id='word_1_68' title='bbox 1860 1070 1934 1079; x_wconf 90' lang='lat'><strong>—-</strong></span> <span class='ocrx_word' id='word_1_69' title='bbox 1975 1035 2464 1096; x_wconf 88' lang='lat' dir='ltr'><strong>lndicativus:</strong></span> <span class='ocrx_word' id='word_1_70' title='bbox 2512 1038 2649 1116; x_wconf 88' lang='lat' dir='ltr'><strong>quia</strong></span> <span class='ocrx_word' id='word_1_71' title='bbox 2681 1056 2832 1116; x_wconf 87' lang='lat' dir='ltr'><strong>quae</strong></span> <span class='ocrx_word' id='word_1_72' title='bbox 2862 1036 3196 1100; x_wconf 83' lang='lat' dir='ltr'><strong>indicamus</strong></span> 
     </span>
     <span class='ocr_line' id='line_1_9' title="bbox 608 1139 3197 1226; baseline -0.002 -21"><span class='ocrx_word' id='word_1_73' title='bbox 608 1145 1047 1226; x_wconf 89' lang='lat' dir='ltr'><strong>pronuntiando</strong></span> <span class='ocrx_word' id='word_1_74' title='bbox 1104 1143 1371 1204; x_wconf 81' lang='lat' dir='ltr'><strong>dicimus,</strong></span> <span class='ocrx_word' id='word_1_75' title='bbox 1448 1143 1499 1200; x_wconf 93' lang='lat' dir='ltr'><strong>is</strong></span> <span class='ocrx_word' id='word_1_76' title='bbox 1555 1142 1683 1220; x_wconf 90' lang='lat' dir='ltr'><strong>ipse</strong></span> <span class='ocrx_word' id='word_1_77' title='bbox 1739 1149 1829 1199; x_wconf 90' lang='lat' dir='ltr'><strong>est</strong></span> <span class='ocrx_word' id='word_1_78' title='bbox 1871 1140 2375 1218; x_wconf 86' lang='lat' dir='ltr'><strong>pronuntiativus,</strong></span> <span class='ocrx_word' id='word_1_79' title='bbox 2435 1141 2533 1217; x_wconf 88' lang='lat' dir='ltr'><strong>qui</strong></span> <span class='ocrx_word' id='word_1_80' title='bbox 2592 1146 2651 1199; x_wconf 88' lang='lat' dir='ltr'><strong>et</strong></span> <span class='ocrx_word' id='word_1_81' title='bbox 2693 1139 3064 1202; x_wconf 81' lang='lat' dir='ltr'><strong>indicativus,</strong></span> <span class='ocrx_word' id='word_1_82' title='bbox 3116 1176 3197 1184; x_wconf 90' lang='lat'><em>-</em></span> 
     </span>
     <span class='ocr_line' id='line_1_10' title="bbox 609 1241 3196 1327; baseline -0.003 -18"><span class='ocrx_word' id='word_1_83' title='bbox 609 1248 744 1319; x_wconf 85' lang='lat' dir='ltr'><strong>Qui</strong></span> <span class='ocrx_word' id='word_1_84' title='bbox 800 1247 1441 1327; x_wconf 81' lang='lat' dir='ltr'><strong>pronuntiativus:</strong></span> <span class='ocrx_word' id='word_1_85' title='bbox 1501 1245 1636 1321; x_wconf 83' lang='lat' dir='ltr'><strong>quia</strong></span> <span class='ocrx_word' id='word_1_86' title='bbox 1685 1260 1837 1320; x_wconf 91' lang='lat' dir='ltr'><strong>quae</strong></span> <span class='ocrx_word' id='word_1_87' title='bbox 1882 1241 2210 1302; x_wconf 89' lang='lat' dir='ltr'><strong>indicamus</strong></span> <span class='ocrx_word' id='word_1_88' title='bbox 2255 1241 2698 1321; x_wconf 88' lang='lat' dir='ltr'><strong>pronuntiando</strong></span> <span class='ocrx_word' id='word_1_89' title='bbox 2742 1244 3068 1321; x_wconf 82' lang='lat' dir='ltr'><strong>signamus,</strong></span> <span class='ocrx_word' id='word_1_90' title='bbox 3117 1279 3196 1289; x_wconf 88' lang='lat'><strong>——</strong></span> 
     </span>
     <span class='ocr_line' id='line_1_11' title="bbox 608 1343 3199 1430; baseline -0.002 -19"><span class='ocrx_word' id='word_1_91' title='bbox 608 1351 1021 1430; x_wconf 87' lang='lat' dir='ltr'><strong>Imperativus,</strong></span> <span class='ocrx_word' id='word_1_92' title='bbox 1069 1350 1173 1428; x_wconf 90' lang='lat' dir='ltr'><strong>qui</strong></span> <span class='ocrx_word' id='word_1_93' title='bbox 1217 1368 1327 1408; x_wconf 88' lang='lat' dir='ltr'><strong>nos</strong></span> <span class='ocrx_word' id='word_1_94' title='bbox 1373 1345 1631 1407; x_wconf 88' lang='lat' dir='ltr'><strong>ostendit</strong></span> <span class='ocrx_word' id='word_1_95' title='bbox 1674 1343 1804 1404; x_wconf 90' lang='lat' dir='ltr'><strong>aliis</strong></span> <span class='ocrx_word' id='word_1_96' title='bbox 1848 1346 2172 1423; x_wconf 88' lang='lat' dir='ltr'><strong>imperare;</strong></span> <span class='ocrx_word' id='word_1_97' title='bbox 2226 1344 2520 1424; x_wconf 84' lang='lat' dir='ltr'><strong>optativus</strong></span> <span class='ocrx_word' id='word_1_98' title='bbox 2552 1352 2640 1405; x_wconf 91' lang='lat' dir='ltr'><strong>est</strong></span> <span class='ocrx_word' id='word_1_99' title='bbox 2694 1346 2796 1424; x_wconf 87' lang='lat' dir='ltr'><strong>qui</strong></span> <span class='ocrx_word' id='word_1_100' title='bbox 2843 1353 2901 1405; x_wconf 86' lang='lat' dir='ltr'><strong>et</strong></span> <span class='ocrx_word' id='word_1_101' title='bbox 2944 1348 3199 1425; x_wconf 88' lang='lat' dir='ltr'><strong>promis-</strong></span> 
     </span>
     <span class='ocr_line' id='line_1_12' title="bbox 611 1444 3271 1531; baseline -0.002 -18"><span class='ocrx_word' id='word_1_102' title='bbox 611 1454 788 1523; x_wconf 79' lang='lat' dir='ltr'><strong>sivuS,</strong></span> <span class='ocrx_word' id='word_1_103' title='bbox 837 1451 1071 1529; x_wconf 90' lang='lat' dir='ltr'><strong>quando</strong></span> <span class='ocrx_word' id='word_1_104' title='bbox 1118 1451 1289 1512; x_wconf 90' lang='lat' dir='ltr'><strong>nobis</strong></span> <span class='ocrx_word' id='word_1_105' title='bbox 1333 1450 1732 1530; x_wconf 85' lang='lat' dir='ltr'><strong>promittimus</strong></span> <span class='ocrx_word' id='word_1_106' title='bbox 1779 1453 1837 1506; x_wconf 90' lang='lat' dir='ltr'><strong>et</strong></span> <span class='ocrx_word' id='word_1_107' title='bbox 1866 1452 2137 1525; x_wconf 91' lang='lat' dir='ltr'><strong>optamus</strong></span> <span class='ocrx_word' id='word_1_108' title='bbox 2167 1444 2386 1523; x_wconf 87' lang='lat' dir='ltr'><strong>aliquid</strong></span> <span class='ocrx_word' id='word_1_109' title='bbox 2420 1448 2687 1515; x_wconf 86' lang='lat' dir='ltr'><strong>evenire;</strong></span> <span class='ocrx_word' id='word_1_110' title='bbox 2736 1448 3195 1531; x_wconf 70' lang='lat' dir='ltr'><strong>coniunctivu5,1</strong></span> <span class='ocrx_word' id='word_1_111' title='bbox 3224 1450 3271 1490; x_wconf 83' lang='lat'><strong>¹⁰</strong></span> 
     </span>
     <span class='ocr_line' id='line_1_13' title="bbox 611 1548 3196 1633; baseline -0.001 -20"><span class='ocrx_word' id='word_1_112' title='bbox 611 1556 711 1633; x_wconf 85' lang='lat' dir='ltr'><strong>qui</strong></span> <span class='ocrx_word' id='word_1_113' title='bbox 760 1574 867 1614; x_wconf 87' lang='lat' dir='ltr'><strong>uos</strong></span> <span class='ocrx_word' id='word_1_114' title='bbox 911 1554 1052 1614; x_wconf 81' lang='lat' dir='ltr'><strong>facit</strong></span> <span class='ocrx_word' id='word_1_115' title='bbox 1096 1572 1433 1614; x_wconf 88' lang='lat' dir='ltr'><strong>sermonem</strong></span> <span class='ocrx_word' id='word_1_116' title='bbox 1480 1570 1615 1612; x_wconf 91' lang='lat' dir='ltr'><strong>cum</strong></span> <span class='ocrx_word' id='word_1_117' title='bbox 1660 1549 1776 1611; x_wconf 92' lang='lat' dir='ltr'><strong>alio</strong></span> <span class='ocrx_word' id='word_1_118' title='bbox 1825 1548 2000 1610; x_wconf 86' lang='lat' dir='ltr'><strong>modo</strong></span> <span class='ocrx_word' id='word_1_119' title='bbox 2047 1550 2442 1626; x_wconf 84' lang='lat' dir='ltr'><strong>coniungere;</strong></span> <span class='ocrx_word' id='word_1_120' title='bbox 2501 1550 2794 1621; x_wconf 85' lang='lat' dir='ltr'><strong>infinitus,</strong></span> <span class='ocrx_word' id='word_1_121' title='bbox 2844 1552 2945 1629; x_wconf 91' lang='lat' dir='ltr'><strong>qui</strong></span> <span class='ocrx_word' id='word_1_122' title='bbox 2989 1571 3196 1631; x_wconf 87' lang='lat' dir='ltr'><strong>perso·</strong></span> 
     </span>
     <span class='ocr_line' id='line_1_14' title="bbox 527 1650 3197 1734; baseline -0.002 -15"><span class='ocrx_word' id='word_1_123' title='bbox 527 1670 586 1721; x_wconf 79' lang='lat'><strong>17</strong></span> <span class='ocrx_word' id='word_1_124' title='bbox 615 1675 719 1717; x_wconf 89' lang='lat' dir='ltr'><strong>nas</strong></span> <span class='ocrx_word' id='word_1_125' title='bbox 765 1675 1046 1717; x_wconf 89' lang='lat' dir='ltr'><strong>numeros</strong></span> <span class='ocrx_word' id='word_1_126' title='bbox 1091 1663 1150 1716; x_wconf 90' lang='lat' dir='ltr'><strong>et</strong></span> <span class='ocrx_word' id='word_1_127' title='bbox 1192 1663 1457 1734; x_wconf 86' lang='lat' dir='ltr'><strong>tempora</strong></span> <span class='ocrx_word' id='word_1_128' title='bbox 1504 1653 1749 1713; x_wconf 81' lang='lat' dir='ltr'><strong>confusa</strong></span> <span class='ocrx_word' id='word_1_129' title='bbox 1807 1650 2003 1712; x_wconf 88' lang='lat' dir='ltr'><strong>habet.</strong></span> <span class='ocrx_word' id='word_1_130' title='bbox 2051 1685 2132 1695; x_wconf 93' lang='lat'>—</span> <span class='ocrx_word' id='word_1_131' title='bbox 2180 1651 2585 1712; x_wconf 89' lang='lat' dir='ltr'><strong>Verborum</strong></span> <span class='ocrx_word' id='word_1_132' title='bbox 2641 1653 2712 1712; x_wconf 89' lang='lat' dir='ltr'><strong>in</strong></span> <span class='ocrx_word' id='word_1_133' title='bbox 2769 1653 3004 1713; x_wconf 88' lang='lat' dir='ltr'><strong>modis</strong></span> <span class='ocrx_word' id='word_1_134' title='bbox 3061 1662 3197 1715; x_wconf 88' lang='lat' dir='ltr'><strong>est:</strong></span> 
     </span>
     <span class='ocr_line' id='line_1_15' title="bbox 611 1752 3200 1837; baseline -0.001 -18"><span class='ocrx_word' id='word_1_135' title='bbox 611 1759 770 1819; x_wconf 89' lang='lat' dir='ltr'><strong>modi</strong></span> <span class='ocrx_word' id='word_1_136' title='bbox 815 1767 950 1819; x_wconf 88' lang='lat' dir='ltr'><strong>sunt</strong></span> <span class='ocrx_word' id='word_1_137' title='bbox 992 1758 1232 1837; x_wconf 88' lang='lat' dir='ltr'><strong>proprie</strong></span> <span class='ocrx_word' id='word_1_138' title='bbox 1277 1776 1449 1818; x_wconf 89' lang='lat' dir='ltr'><strong>casus</strong></span> <span class='ocrx_word' id='word_1_139' title='bbox 1495 1756 1842 1824; x_wconf 90' lang='lat' dir='ltr'><strong>verborum,</strong></span> <span class='ocrx_word' id='word_1_140' title='bbox 1890 1755 2116 1814; x_wconf 79' lang='lat' dir='ltr'><strong>formae</strong></span> <span class='ocrx_word' id='word_1_141' title='bbox 2160 1752 2513 1814; x_wconf 88' lang='lat' dir='ltr'><strong>intellectus,</strong></span> <span class='ocrx_word' id='word_1_142' title='bbox 2588 1754 2806 1815; x_wconf 90' lang='lat' dir='ltr'><strong>accidit</strong></span> <span class='ocrx_word' id='word_1_143' title='bbox 2851 1763 2908 1816; x_wconf 92' lang='lat' dir='ltr'><strong>et</strong></span> <span class='ocrx_word' id='word_1_144' title='bbox 2951 1764 3200 1836; x_wconf 87' lang='lat' dir='ltr'><strong>ternpus,</strong></span> 
     </span>
     <span class='ocr_line' id='line_1_16' title="bbox 519 1856 3199 1940; baseline -0.001 -19"><span class='ocrx_word' id='word_1_145' title='bbox 519 1880 584 1926; x_wconf 82' lang='lat'><strong>20</strong></span> <span class='ocrx_word' id='word_1_146' title='bbox 612 1861 768 1938; x_wconf 91' lang='lat' dir='ltr'><strong>quod</strong></span> <span class='ocrx_word' id='word_1_147' title='bbox 815 1880 932 1921; x_wconf 90' lang='lat' dir='ltr'><strong>non</strong></span> <span class='ocrx_word' id='word_1_148' title='bbox 978 1859 1166 1920; x_wconf 89' lang='lat' dir='ltr'><strong>solum</strong></span> <span class='ocrx_word' id='word_1_149' title='bbox 1199 1859 1409 1928; x_wconf 88' lang='lat' dir='ltr'><strong>verbo,</strong></span> <span class='ocrx_word' id='word_1_150' title='bbox 1456 1858 1558 1919; x_wconf 90' lang='lat' dir='ltr'><strong>sed</strong></span> <span class='ocrx_word' id='word_1_151' title='bbox 1593 1865 1652 1917; x_wconf 86' lang='lat' dir='ltr'><strong>et</strong></span> <span class='ocrx_word' id='word_1_152' title='bbox 1682 1856 1962 1918; x_wconf 87' lang='lat' dir='ltr'><strong>adverbio</strong></span> <span class='ocrx_word' id='word_1_153' title='bbox 1994 1863 2050 1916; x_wconf 91' lang='lat' dir='ltr'><strong>et</strong></span> <span class='ocrx_word' id='word_1_154' title='bbox 2093 1856 2422 1935; x_wconf 87' lang='lat' dir='ltr'><strong>participio,</strong></span> <span class='ocrx_word' id='word_1_155' title='bbox 2463 1891 2537 1900; x_wconf 91' lang='lat'><strong>—-</strong></span> <span class='ocrx_word' id='word_1_156' title='bbox 2572 1858 2956 1919; x_wconf 84' lang='lat' dir='ltr'><strong>Coniunctivo</strong></span> <span class='ocrx_word' id='word_1_157' title='bbox 2990 1856 3199 1940; x_wconf 61' lang='lat' dir='ltr'><strong>moffldo</strong></span> 
     </span>
     <span class='ocr_line' id='line_1_17' title="bbox 614 1958 3273 2038; baseline 0 -16"><span class='ocrx_word' id='word_1_158' title='bbox 614 1964 728 2023; x_wconf 88' lang='lat' dir='ltr'><strong>nisi</strong></span> <span class='ocrx_word' id='word_1_159' title='bbox 773 1965 1009 2024; x_wconf 89' lang='lat' dir='ltr'><strong>iunctus</strong></span> <span class='ocrx_word' id='word_1_160' title='bbox 1056 1962 1235 2022; x_wconf 83' lang='lat' dir='ltr'><strong>suerit</strong></span> <span class='ocrx_word' id='word_1_161' title='bbox 1279 1961 1631 2021; x_wconf 85' lang='lat' dir='ltr'><strong>indicativus</strong></span> <span class='ocrx_word' id='word_1_162' title='bbox 1676 1961 1862 2020; x_wconf 81' lang='lat' dir='ltr'><strong>futuri</strong></span> <span class='ocrx_word' id='word_1_163' title='bbox 1906 1960 2220 2038; x_wconf 77' lang='lat' dir='ltr'><strong>temporiS,</strong></span> <span class='ocrx_word' id='word_1_164' title='bbox 2281 1958 2536 2019; x_wconf 86' lang='lat' dir='ltr'><strong>elocutio</strong></span> <span class='ocrx_word' id='word_1_165' title='bbox 2583 1958 2744 2020; x_wconf 89' lang='lat' dir='ltr'><strong>illius</strong></span> <span class='ocrx_word' id='word_1_166' title='bbox 2789 1979 2905 2021; x_wconf 90' lang='lat' dir='ltr'><strong>non</strong></span> <span class='ocrx_word' id='word_1_167' title='bbox 2955 1969 3198 2029; x_wconf 90' lang='lat' dir='ltr'><strong>constat,</strong></span> <span class='ocrx_word' id='word_1_168' title='bbox 3227 1960 3273 2000; x_wconf 80' lang='lat'><strong>1⁵</strong></span> 
     </span>
     <span class='ocr_line' id='line_1_18' title="bbox 519 2060 3200 2143; baseline -0.002 -13"><span class='ocrx_word' id='word_1_169' title='bbox 519 2084 580 2130; x_wconf 77' lang='lat'><strong>21</strong></span> <span class='ocrx_word' id='word_1_170' title='bbox 613 2072 675 2125; x_wconf 83' lang='lat' dir='ltr'><strong>ut</strong></span> <span class='ocrx_word' id='word_1_171' title='bbox 720 2069 883 2126; x_wconf 76' lang='lat' dir='ltr'><strong>‘cum</strong></span> <span class='ocrx_word' id='word_1_172' title='bbox 915 2064 1149 2143; x_wconf 84' lang='lat' dir='ltr'><strong>legero,</strong></span> <span class='ocrx_word' id='word_1_173' title='bbox 1199 2068 1491 2141; x_wconf 84' lang='lat' dir='ltr'><strong>surgam’,</strong></span> <span class='ocrx_word' id='word_1_174' title='bbox 1540 2097 1624 2107; x_wconf 90' lang='lat'>—</span> <span class='ocrx_word' id='word_1_175' title='bbox 1668 2060 2085 2142; x_wconf 88' lang='lat' dir='ltr'><strong>Inpersonalis,</strong></span> <span class='ocrx_word' id='word_1_176' title='bbox 2134 2062 2232 2140; x_wconf 86' lang='lat' dir='ltr'><strong>qui</strong></span> <span class='ocrx_word' id='word_1_177' title='bbox 2265 2079 2548 2140; x_wconf 90' lang='lat' dir='ltr'><strong>personas</strong></span> <span class='ocrx_word' id='word_1_178' title='bbox 2578 2064 2814 2137; x_wconf 79' lang='lat' dir='ltr'><strong>quidem</strong></span> <span class='ocrx_word' id='word_1_179' title='bbox 2844 2065 3049 2137; x_wconf 77' lang='lat' dir='ltr'><strong>habet,</strong></span> <span class='ocrx_word' id='word_1_180' title='bbox 3101 2064 3200 2124; x_wconf 89' lang='lat' dir='ltr'><strong>sed</strong></span> 
     </span>
     <span class='ocr_line' id='line_1_19' title="bbox 523 2163 3200 2247; baseline -0 -20"><span class='ocrx_word' id='word_1_181' title='bbox 523 2187 587 2235; x_wconf 80' lang='lat'><strong>23</strong></span> <span class='ocrx_word' id='word_1_182' title='bbox 613 2186 897 2247; x_wconf 84' lang='lat' dir='ltr'><strong>personas</strong></span> <span class='ocrx_word' id='word_1_183' title='bbox 954 2185 1073 2227; x_wconf 88' lang='lat' dir='ltr'><strong>non</strong></span> <span class='ocrx_word' id='word_1_184' title='bbox 1129 2165 1365 2235; x_wconf 82' lang='lat' dir='ltr'><strong>dividit,</strong></span> <span class='ocrx_word' id='word_1_185' title='bbox 1428 2166 1542 2226; x_wconf 90' lang='lat' dir='ltr'><strong>nisi</strong></span> <span class='ocrx_word' id='word_1_186' title='bbox 1597 2185 1629 2226; x_wconf 90' lang='lat' dir='ltr'><strong>a</strong></span> <span class='ocrx_word' id='word_1_187' title='bbox 1684 2163 2142 2244; x_wconf 88' lang='lat' dir='ltr'><strong>pronominibus</strong></span> <span class='ocrx_word' id='word_1_188' title='bbox 2197 2165 2511 2242; x_wconf 87' lang='lat' dir='ltr'><strong>acceperit.</strong></span> <span class='ocrx_word' id='word_1_189' title='bbox 2574 2198 2647 2208; x_wconf 93' lang='lat'>—</span> <span class='ocrx_word' id='word_1_190' title='bbox 2707 2164 2824 2225; x_wconf 91' lang='lat' dir='ltr'><strong>Sed</strong></span> <span class='ocrx_word' id='word_1_191' title='bbox 2879 2166 3200 2226; x_wconf 88' lang='lat' dir='ltr'><strong>notandum</strong></span> 
     </span>
     <span class='ocr_line' id='line_1_20' title="bbox 522 2264 3203 2349; baseline 0 -20"><span class='ocrx_word' id='word_1_192' title='bbox 522 2269 773 2349; x_wconf 72' lang='lat' dir='ltr'><strong>2511uod</strong></span> <span class='ocrx_word' id='word_1_193' title='bbox 819 2270 916 2329; x_wconf 88' lang='lat' dir='ltr'><strong>hic</strong></span> <span class='ocrx_word' id='word_1_194' title='bbox 960 2269 1309 2329; x_wconf 87' lang='lat' dir='ltr'><strong>indicativus</strong></span> <span class='ocrx_word' id='word_1_195' title='bbox 1354 2276 1455 2329; x_wconf 92' lang='lat' dir='ltr'><strong>aut</strong></span> <span class='ocrx_word' id='word_1_196' title='bbox 1499 2287 1530 2328; x_wconf 92' lang='lat' dir='ltr'><strong>a</strong></span> <span class='ocrx_word' id='word_1_197' title='bbox 1577 2266 1943 2327; x_wconf 87' lang='lat' dir='ltr'><strong>neutralibus</strong></span> <span class='ocrx_word' id='word_1_198' title='bbox 1974 2264 2170 2326; x_wconf 89' lang='lat' dir='ltr'><strong>verbis</strong></span> <span class='ocrx_word' id='word_1_199' title='bbox 2202 2267 2361 2326; x_wconf 88' lang='lat' dir='ltr'><strong>venit</strong></span> <span class='ocrx_word' id='word_1_200' title='bbox 2388 2273 2488 2327; x_wconf 89' lang='lat' dir='ltr'><strong>aut</strong></span> <span class='ocrx_word' id='word_1_201' title='bbox 2517 2265 2591 2327; x_wconf 90' lang='lat' dir='ltr'><strong>ab</strong></span> <span class='ocrx_word' id='word_1_202' title='bbox 2623 2268 2844 2328; x_wconf 81' lang='lat' dir='ltr'><strong>activis,</strong></span> <span class='ocrx_word' id='word_1_203' title='bbox 2884 2298 2960 2307; x_wconf 89' lang='lat'><strong>·-</strong></span> <span class='ocrx_word' id='word_1_204' title='bbox 2992 2268 3203 2329; x_wconf 88' lang='lat' dir='ltr'><strong>Mise-</strong></span> 
     </span>
     <span class='ocr_line' id='line_1_21' title="bbox 615 2368 3203 2449; baseline -0.001 -17"><span class='ocrx_word' id='word_1_205' title='bbox 615 2391 814 2433; x_wconf 88' lang='lat' dir='ltr'><strong>reor:</strong></span> <span class='ocrx_word' id='word_1_206' title='bbox 871 2371 947 2431; x_wconf 90' lang='lat' dir='ltr'><strong>ab</strong></span> <span class='ocrx_word' id='word_1_207' title='bbox 1001 2371 1317 2432; x_wconf 88' lang='lat' dir='ltr'><strong>indicativo</strong></span> <span class='ocrx_word' id='word_1_208' title='bbox 1376 2371 1559 2438; x_wconf 87' lang='lat' dir='ltr'><strong>venit,</strong></span> <span class='ocrx_word' id='word_1_209' title='bbox 1620 2369 1724 2429; x_wconf 86' lang='lat' dir='ltr'><strong>sed</strong></span> <span class='ocrx_word' id='word_1_210' title='bbox 1782 2388 1814 2429; x_wconf 90' lang='lat' dir='ltr'><strong>a</strong></span> <span class='ocrx_word' id='word_1_211' title='bbox 1872 2368 2226 2448; x_wconf 75' lang='lat' dir='ltr'><strong>deponenti,</strong></span> <span class='ocrx_word' id='word_1_212' title='bbox 2269 2402 2350 2412; x_wconf 92' lang='lat'><strong>——</strong></span> <span class='ocrx_word' id='word_1_213' title='bbox 2409 2368 2699 2429; x_wconf 87' lang='lat' dir='ltr'><strong>Senesco:</strong></span> <span class='ocrx_word' id='word_1_214' title='bbox 2758 2390 2971 2443; x_wconf 85' lang='lat' dir='ltr'><strong>seneo‚</strong></span> <span class='ocrx_word' id='word_1_215' title='bbox 3031 2373 3203 2449; x_wconf 88' lang='lat' dir='ltr'><strong>quieo</strong></span> 
     </span>
     <span class='ocr_line' id='line_1_22' title="bbox 613 2470 3276 2553; baseline 0.001 -20"><span class='ocrx_word' id='word_1_216' title='bbox 613 2472 834 2535; x_wconf 90' lang='lat' dir='ltr'><strong>lectum</strong></span> <span class='ocrx_word' id='word_1_217' title='bbox 894 2481 1000 2534; x_wconf 90' lang='lat' dir='ltr'><strong>est,</strong></span> <span class='ocrx_word' id='word_1_218' title='bbox 1077 2474 1305 2534; x_wconf 80' lang='lat' dir='ltr'><strong>facesso</strong></span> <span class='ocrx_word' id='word_1_219' title='bbox 1351 2491 1471 2533; x_wconf 90' lang='lat' dir='ltr'><strong>non</strong></span> <span class='ocrx_word' id='word_1_220' title='bbox 1529 2480 1618 2533; x_wconf 90' lang='lat' dir='ltr'><strong>est</strong></span> <span class='ocrx_word' id='word_1_221' title='bbox 1655 2471 2187 2547; x_wconf 77' lang='lat' dir='ltr'><strong>frequentativum,</strong></span> <span class='ocrx_word' id='word_1_222' title='bbox 2262 2472 2686 2549; x_wconf 77' lang='lat' dir='ltr'><strong>frequentativa</strong></span> <span class='ocrx_word' id='word_1_223' title='bbox 2747 2470 2835 2551; x_wconf 88' lang='lat' dir='ltr'><strong>[in</strong></span> <span class='ocrx_word' id='word_1_224' title='bbox 2883 2472 2971 2553; x_wconf 91' lang='lat' dir='ltr'><strong>to]</strong></span> <span class='ocrx_word' id='word_1_225' title='bbox 3033 2473 3276 2535; x_wconf 76' lang='lat' dir='ltr'><strong>aliam²⁰</strong></span> 
     </span>
     <span class='ocr_line' id='line_1_23' title="bbox 439 2572 3205 2656; baseline -0.002 -14"><span class='ocrx_word' id='word_1_226' title='bbox 439 2572 453 2583; x_wconf 76' lang='grc'><strong><em>’</em></strong></span> <span class='ocrx_word' id='word_1_227' title='bbox 523 2594 589 2642; x_wconf 80' lang='lat'><strong>22</strong></span> <span class='ocrx_word' id='word_1_228' title='bbox 617 2576 898 2656; x_wconf 70' lang='lat' dir='ltr'><strong>syllabam</strong></span> <span class='ocrx_word' id='word_1_229' title='bbox 944 2576 1166 2637; x_wconf 89' lang='lat' dir='ltr'><strong>habent</strong></span> <span class='ocrx_word' id='word_1_230' title='bbox 1210 2582 1268 2636; x_wconf 90' lang='lat' dir='ltr'><strong>et</strong></span> <span class='ocrx_word' id='word_1_231' title='bbox 1311 2574 1485 2635; x_wconf 91' lang='lat' dir='ltr'><strong>aliam</strong></span> <span class='ocrx_word' id='word_1_232' title='bbox 1524 2572 1532 2656; x_wconf 91' lang='grc' dir='ltr'>Ι</span> <span class='ocrx_word' id='word_1_233' title='bbox 1573 2575 2070 2653; x_wconf 86' lang='lat' dir='ltr'><strong>coniugationem,</strong></span> <span class='ocrx_word' id='word_1_234' title='bbox 2147 2576 2387 2651; x_wconf 91' lang='lat' dir='ltr'><strong>quiesco</strong></span> <span class='ocrx_word' id='word_1_235' title='bbox 2432 2575 2628 2653; x_wconf 86' lang='lat' dir='ltr'><strong>quievi</strong></span> <span class='ocrx_word' id='word_1_236' title='bbox 2670 2574 2828 2635; x_wconf 82' lang='lat' dir='ltr'><strong>facit,</strong></span> <span class='ocrx_word' id='word_1_237' title='bbox 2877 2609 2956 2620; x_wconf 83' lang='lat'>—</span> <span class='ocrx_word' id='word_1_238' title='bbox 3001 2576 3205 2656; x_wconf 90' lang='lat' dir='ltr'><strong>Inper-</strong></span> 
     </span>
     <span class='ocr_line' id='line_1_24' title="bbox 617 2676 3205 2755; baseline 0 -16"><span class='ocrx_word' id='word_1_239' title='bbox 617 2678 840 2740; x_wconf 88' lang='lat' dir='ltr'><strong>sonalia</strong></span> <span class='ocrx_word' id='word_1_240' title='bbox 888 2687 1007 2739; x_wconf 89' lang='lat' dir='ltr'><strong>tres</strong></span> <span class='ocrx_word' id='word_1_241' title='bbox 1054 2678 1515 2755; x_wconf 83' lang='lat' dir='ltr'><strong>significationes</strong></span> <span class='ocrx_word' id='word_1_242' title='bbox 1561 2676 1810 2738; x_wconf 90' lang='lat' dir='ltr'><strong>habent:</strong></span> <span class='ocrx_word' id='word_1_243' title='bbox 1869 2685 1971 2737; x_wconf 91' lang='lat' dir='ltr'><strong>aut</strong></span> <span class='ocrx_word' id='word_1_244' title='bbox 2015 2679 2074 2737; x_wconf 88' lang='lat' dir='ltr'><strong>iu</strong></span> <span class='ocrx_word' id='word_1_245' title='bbox 2119 2686 2217 2738; x_wconf 90' lang='lat' dir='ltr'><strong>tur</strong></span> <span class='ocrx_word' id='word_1_246' title='bbox 2263 2684 2505 2745; x_wconf 87' lang='lat' dir='ltr'><strong>exeunt,</strong></span> <span class='ocrx_word' id='word_1_247' title='bbox 2566 2683 2628 2737; x_wconf 91' lang='lat' dir='ltr'><strong>ut</strong></span> <span class='ocrx_word' id='word_1_248' title='bbox 2674 2679 2953 2748; x_wconf 88' lang='lat' dir='ltr'><strong>curritur,</strong></span> <span class='ocrx_word' id='word_1_249' title='bbox 3002 2686 3103 2739; x_wconf 89' lang='lat' dir='ltr'><strong>aut</strong></span> <span class='ocrx_word' id='word_1_250' title='bbox 3146 2681 3205 2740; x_wconf 89' lang='lat' dir='ltr'><strong>iu</strong></span> 
     </span>
     <span class='ocr_line' id='line_1_25' title="bbox 617 2778 3205 2861; baseline 0 -19"><span class='ocrx_word' id='word_1_251' title='bbox 617 2782 689 2852; x_wconf 91' lang='lat' dir='ltr'><strong>it,</strong></span> <span class='ocrx_word' id='word_1_252' title='bbox 739 2790 804 2842; x_wconf 92' lang='lat' dir='ltr'><strong>ut</strong></span> <span class='ocrx_word' id='word_1_253' title='bbox 850 2780 999 2857; x_wconf 92' lang='lat' dir='ltr'><strong>odit,</strong></span> <span class='ocrx_word' id='word_1_254' title='bbox 1049 2790 1150 2843; x_wconf 87' lang='lat' dir='ltr'><strong>aut</strong></span> <span class='ocrx_word' id='word_1_255' title='bbox 1194 2781 1254 2840; x_wconf 91' lang='lat' dir='ltr'><strong>in</strong></span> <span class='ocrx_word' id='word_1_256' title='bbox 1301 2788 1387 2855; x_wconf 89' lang='lat' dir='ltr'><strong>et,</strong></span> <span class='ocrx_word' id='word_1_257' title='bbox 1439 2787 1501 2840; x_wconf 89' lang='lat' dir='ltr'><strong>ut</strong></span> <span class='ocrx_word' id='word_1_258' title='bbox 1545 2781 1743 2861; x_wconf 90' lang='lat' dir='ltr'><strong>pudet.</strong></span> <span class='ocrx_word' id='word_1_259' title='bbox 1819 2781 1932 2841; x_wconf 89' lang='lat' dir='ltr'><strong>ista</strong></span> <span class='ocrx_word' id='word_1_260' title='bbox 1977 2780 2103 2859; x_wconf 87' lang='lat' dir='ltr'><strong>ipsa</strong></span> <span class='ocrx_word' id='word_1_261' title='bbox 2153 2787 2211 2839; x_wconf 91' lang='lat' dir='ltr'><strong>et</strong></span> <span class='ocrx_word' id='word_1_262' title='bbox 2255 2778 2755 2841; x_wconf 79' lang='lat' dir='ltr'><strong>neutrodel&#39;ectiva</strong></span> <span class='ocrx_word' id='word_1_263' title='bbox 2793 2780 3094 2842; x_wconf 89' lang='lat' dir='ltr'><strong>dicuntur,</strong></span> <span class='ocrx_word' id='word_1_264' title='bbox 3127 2818 3205 2826; x_wconf 92' lang='lat'>—</span> 
     </span>
     <span class='ocr_line' id='line_1_26' title="bbox 527 2881 3206 2962; baseline -0 -17"><span class='ocrx_word' id='word_1_265' title='bbox 527 2905 592 2952; x_wconf 75' lang='lat'><strong>‘25</strong></span> <span class='ocrx_word' id='word_1_266' title='bbox 616 2883 770 2945; x_wconf 86' lang='lat' dir='ltr'><strong>Alia</strong></span> <span class='ocrx_word' id='word_1_267' title='bbox 816 2905 848 2945; x_wconf 89' lang='lat' dir='ltr'><strong>a</strong></span> <span class='ocrx_word' id='word_1_268' title='bbox 894 2904 966 2945; x_wconf 90' lang='lat' dir='ltr'><strong>se</strong></span> <span class='ocrx_word' id='word_1_269' title='bbox 999 2885 1373 2944; x_wconf 88' lang='lat' dir='ltr'><strong>oriuntur:</strong></span> <span class='ocrx_word' id='word_1_270' title='bbox 1422 2884 1556 2962; x_wconf 88' lang='lat' dir='ltr'><strong>quia</strong></span> <span class='ocrx_word' id='word_1_271' title='bbox 1588 2883 2049 2962; x_wconf 83' lang='lat' dir='ltr'><strong>significationes</strong></span> <span class='ocrx_word' id='word_1_272' title='bbox 2081 2901 2198 2942; x_wconf 90' lang='lat' dir='ltr'><strong>non</strong></span> <span class='ocrx_word' id='word_1_273' title='bbox 2231 2881 2469 2951; x_wconf 86' lang='lat' dir='ltr'><strong>habent,</strong></span> <span class='ocrx_word' id='word_1_274' title='bbox 2520 2882 2677 2943; x_wconf 90' lang='lat' dir='ltr'><strong>unde</strong></span> <span class='ocrx_word' id='word_1_275' title='bbox 2709 2882 3092 2944; x_wconf 86' lang='lat' dir='ltr'><strong>descendant,</strong></span> <span class='ocrx_word' id='word_1_276' title='bbox 3127 2918 3206 2928; x_wconf 89' lang='lat'><strong>——</strong></span> 
     </span>
     <span class='ocr_line' id='line_1_27' title="bbox 419 2977 3279 3066; baseline -0 -20"><span class='ocrx_word' id='word_1_277' title='bbox 419 2986 1120 3066; x_wconf 74' lang='lat' dir='ltr'><strong>:;s·3,1Praeteritum</strong></span> <span class='ocrx_word' id='word_1_278' title='bbox 1166 2995 1451 3065; x_wconf 88' lang='lat' dir='ltr'><strong>tempus</strong></span> <span class='ocrx_word' id='word_1_279' title='bbox 1496 3003 1635 3046; x_wconf 90' lang='lat' dir='ltr'><strong>non</strong></span> <span class='ocrx_word' id='word_1_280' title='bbox 1681 2984 1986 3045; x_wconf 86' lang='lat' dir='ltr'><strong>habent:</strong></span> <span class='ocrx_word' id='word_1_281' title='bbox 2039 2977 2276 3045; x_wconf 47' lang='lat' dir='ltr'><strong>‘calesco</strong></span> <span class='ocrx_word' id='word_1_282' title='bbox 2325 3004 2441 3045; x_wconf 88' lang='lat' dir='ltr'><strong>non</strong></span> <span class='ocrx_word' id='word_1_283' title='bbox 2488 2986 2630 3045; x_wconf 77' lang='lat' dir='ltr'><strong>facit</strong></span> <span class='ocrx_word' id='word_1_284' title='bbox 2674 2986 2963 3052; x_wconf 89' lang='lat' dir='ltr'><strong>calescui;</strong></span> <span class='ocrx_word' id='word_1_285' title='bbox 3023 2988 3279 3066; x_wconf 81' lang='lat' dir='ltr'><strong>parti-2⁵</strong></span> 
     </span>
     <span class='ocr_line' id='line_1_28' title="bbox 623 3087 3210 3167; baseline 0.002 -21"><span class='ocrx_word' id='word_1_286' title='bbox 623 3089 839 3167; x_wconf 89' lang='lat' dir='ltr'><strong>cipium</strong></span> <span class='ocrx_word' id='word_1_287' title='bbox 887 3089 1066 3148; x_wconf 80' lang='lat' dir='ltr'><strong>futuri</strong></span> <span class='ocrx_word' id='word_1_288' title='bbox 1114 3089 1400 3167; x_wconf 89' lang='lat' dir='ltr'><strong>temporis</strong></span> <span class='ocrx_word' id='word_1_289' title='bbox 1445 3106 1562 3148; x_wconf 91' lang='lat' dir='ltr'><strong>non</strong></span> <span class='ocrx_word' id='word_1_290' title='bbox 1595 3088 1761 3156; x_wconf 77' lang='lat' dir='ltr'><strong>facit,</strong></span> <span class='ocrx_word' id='word_1_291' title='bbox 1811 3087 2321 3155; x_wconf 79' lang='lat' dir='ltr'><strong>fervescenturus;</strong></span> <span class='ocrx_word' id='word_1_292' title='bbox 2369 3090 2584 3148; x_wconf 81' lang='lat' dir='ltr'><strong>tertiae</strong></span> <span class='ocrx_word' id='word_1_293' title='bbox 2611 3091 3049 3162; x_wconf 69' lang='lat' dir='ltr'><strong>coniuqationis</strong></span> <span class='ocrx_word' id='word_1_294' title='bbox 3081 3109 3210 3150; x_wconf 91' lang='lat' dir='ltr'><strong>cor·</strong></span> 
     </span>
     <span class='ocr_line' id='line_1_29' title="bbox 565 3189 3209 3274; baseline 0.001 -24"><span class='ocrx_word' id='word_1_295' title='bbox 565 3197 826 3270; x_wconf 79' lang='lat' dir='ltr'><strong>2reptae</strong></span> <span class='ocrx_word' id='word_1_296' title='bbox 872 3189 1101 3251; x_wconf 91' lang='lat' dir='ltr'><strong>calesco</strong></span> <span class='ocrx_word' id='word_1_297' title='bbox 1162 3189 1425 3252; x_wconf 85' lang='lat' dir='ltr'><strong>calescis,</strong></span> <span class='ocrx_word' id='word_1_298' title='bbox 1478 3224 1549 3235; x_wconf 90' lang='lat'>—</span> <span class='ocrx_word' id='word_1_299' title='bbox 1613 3191 1803 3251; x_wconf 88' lang='lat' dir='ltr'><strong>Sunt</strong></span> <span class='ocrx_word' id='word_1_300' title='bbox 1860 3190 2081 3250; x_wconf 86' lang='lat' dir='ltr'><strong>etiam</strong></span> <span class='ocrx_word' id='word_1_301' title='bbox 2131 3189 2723 3274; x_wconf 59' lang='lat' dir='ltr'><strong>frequentativa:</strong></span> <span class='ocrx_word' id='word_1_302' title='bbox 2785 3193 3209 3270; x_wconf 80' lang='lat' dir='ltr'><strong>frequentativa</strong></span> 
     </span>
     <span class='ocr_line' id='line_1_30' title="bbox 623 3290 3208 3372; baseline 0.001 -19"><span class='ocrx_word' id='word_1_303' title='bbox 623 3302 760 3354; x_wconf 88' lang='lat' dir='ltr'><strong>suut</strong></span> <span class='ocrx_word' id='word_1_304' title='bbox 803 3292 940 3363; x_wconf 90' lang='lat' dir='ltr'><strong>alia,</strong></span> <span class='ocrx_word' id='word_1_305' title='bbox 989 3311 1140 3372; x_wconf 90' lang='lat' dir='ltr'><strong>quae</strong></span> <span class='ocrx_word' id='word_1_306' title='bbox 1184 3313 1303 3354; x_wconf 88' lang='lat' dir='ltr'><strong>non</strong></span> <span class='ocrx_word' id='word_1_307' title='bbox 1350 3301 1576 3354; x_wconf 90' lang='lat' dir='ltr'><strong>tantum</strong></span> <span class='ocrx_word' id='word_1_308' title='bbox 1622 3311 1652 3353; x_wconf 93' lang='lat' dir='ltr'><strong>a</strong></span> <span class='ocrx_word' id='word_1_309' title='bbox 1699 3290 1882 3352; x_wconf 90' lang='lat' dir='ltr'><strong>verbo</strong></span> <span class='ocrx_word' id='word_1_310' title='bbox 1928 3293 2199 3362; x_wconf 88' lang='lat' dir='ltr'><strong>veniunt,</strong></span> <span class='ocrx_word' id='word_1_311' title='bbox 2248 3292 2349 3353; x_wconf 91' lang='lat' dir='ltr'><strong>sed</strong></span> <span class='ocrx_word' id='word_1_312' title='bbox 2391 3300 2449 3352; x_wconf 87' lang='lat' dir='ltr'><strong>et</strong></span> <span class='ocrx_word' id='word_1_313' title='bbox 2477 3311 2508 3352; x_wconf 91' lang='lat' dir='ltr'><strong>a</strong></span> <span class='ocrx_word' id='word_1_314' title='bbox 2541 3295 2780 3354; x_wconf 88' lang='lat' dir='ltr'><strong>nomine</strong></span> <span class='ocrx_word' id='word_1_315' title='bbox 2824 3292 3208 3356; x_wconf 86' lang='lat' dir='ltr'><strong>descendunt.</strong></span> 
     </span>
     <span class='ocr_line' id='line_1_31' title="bbox 624 3394 3210 3474; baseline 0.002 -20"><span class='ocrx_word' id='word_1_316' title='bbox 624 3413 761 3455; x_wconf 90' lang='lat' dir='ltr'><strong>nam</strong></span> <span class='ocrx_word' id='word_1_317' title='bbox 808 3396 1084 3474; x_wconf 88' lang='lat' dir='ltr'><strong>patrissat</strong></span> <span class='ocrx_word' id='word_1_318' title='bbox 1127 3403 1216 3456; x_wconf 89' lang='lat' dir='ltr'><strong>est</strong></span> <span class='ocrx_word' id='word_1_319' title='bbox 1260 3398 1447 3474; x_wconf 85' lang='lat' dir='ltr'><strong>‘patri</strong></span> <span class='ocrx_word' id='word_1_320' title='bbox 1492 3394 1700 3455; x_wconf 88' lang='lat' dir='ltr'><strong>similis</strong></span> <span class='ocrx_word' id='word_1_321' title='bbox 1746 3396 1887 3465; x_wconf 89' lang='lat' dir='ltr'><strong>est’,</strong></span> <span class='ocrx_word' id='word_1_322' title='bbox 1936 3396 2261 3472; x_wconf 84' lang='lat' dir='ltr'><strong>graecissat</strong></span> <span class='ocrx_word' id='word_1_323' title='bbox 2314 3398 2564 3473; x_wconf 79' lang='lat' dir='ltr'><strong>‘graece</strong></span> <span class='ocrx_word' id='word_1_324' title='bbox 2609 3395 2923 3456; x_wconf 77' lang='lat' dir='ltr'><strong>adsectat’,</strong></span> <span class='ocrx_word' id='word_1_325' title='bbox 2998 3405 3057 3456; x_wconf 87' lang='lat' dir='ltr'><strong>et</strong></span> <span class='ocrx_word' id='word_1_326' title='bbox 3101 3399 3210 3458; x_wconf 87' lang='lat' dir='ltr'><strong>ista</strong></span> 
     </span>
     <span class='ocr_line' id='line_1_32' title="bbox 624 3496 3281 3578; baseline 0.001 -22"><span class='ocrx_word' id='word_1_327' title='bbox 624 3516 773 3576; x_wconf 90' lang='lat' dir='ltr'><strong>quae</strong></span> <span class='ocrx_word' id='word_1_328' title='bbox 805 3516 836 3556; x_wconf 90' lang='lat' dir='ltr'><strong>a</strong></span> <span class='ocrx_word' id='word_1_329' title='bbox 880 3499 1120 3558; x_wconf 88' lang='lat' dir='ltr'><strong>nomine</strong></span> <span class='ocrx_word' id='word_1_330' title='bbox 1151 3498 1392 3557; x_wconf 88' lang='lat' dir='ltr'><strong>veniunt</strong></span> <span class='ocrx_word' id='word_1_331' title='bbox 1423 3497 1582 3557; x_wconf 89' lang='lat' dir='ltr'><strong>velut</strong></span> <span class='ocrx_word' id='word_1_332' title='bbox 1623 3496 2066 3558; x_wconf 89' lang='lat' dir='ltr'><strong>similitudinem</strong></span> <span class='ocrx_word' id='word_1_333' title='bbox 2098 3504 2319 3557; x_wconf 90' lang='lat' dir='ltr'><strong>tenent,</strong></span> <span class='ocrx_word' id='word_1_334' title='bbox 2383 3514 2517 3556; x_wconf 87' lang='lat' dir='ltr'><strong>nam</strong></span> <span class='ocrx_word' id='word_1_335' title='bbox 2549 3498 2828 3575; x_wconf 87' lang='lat' dir='ltr'><strong>patrissat</strong></span> <span class='ocrx_word' id='word_1_336' title='bbox 2857 3516 2978 3558; x_wconf 88' lang='lat' dir='ltr'><strong>non</strong></span> <span class='ocrx_word' id='word_1_337' title='bbox 3024 3499 3213 3578; x_wconf 78' lang='lat' dir='ltr'><strong>‘pater</strong></span> <span class='ocrx_word' id='word_1_338' title='bbox 3235 3497 3281 3538; x_wconf 75' lang='lat'><strong>³⁰</strong></span> 
     </span>
     <span class='ocr_line' id='line_1_33' title="bbox 554 3591 3209 3678; baseline 0.002 -20"><span class='ocrx_word' id='word_1_339' title='bbox 554 3591 602 3671; x_wconf 66' lang='lat'><strong>&#39;3</strong></span> <span class='ocrx_word' id='word_1_340' title='bbox 630 3602 769 3669; x_wconf 89' lang='lat' dir='ltr'><strong>est&#39;,</strong></span> <span class='ocrx_word' id='word_1_341' title='bbox 840 3599 944 3659; x_wconf 90' lang='lat' dir='ltr'><strong>sed</strong></span> <span class='ocrx_word' id='word_1_342' title='bbox 1011 3598 1255 3660; x_wconf 69' lang='lat' dir='ltr'><strong>‘similis</strong></span> <span class='ocrx_word' id='word_1_343' title='bbox 1308 3601 1460 3678; x_wconf 88' lang='lat' dir='ltr'><strong>patri</strong></span> <span class='ocrx_word' id='word_1_344' title='bbox 1519 3602 1659 3659; x_wconf 84' lang='lat' dir='ltr'><strong>est’,</strong></span> <span class='ocrx_word' id='word_1_345' title='bbox 1711 3635 1785 3641; x_wconf 91' lang='lat'><strong>-—</strong></span> <span class='ocrx_word' id='word_1_346' title='bbox 1848 3599 2030 3659; x_wconf 89' lang='lat' dir='ltr'><strong>Sunt</strong></span> <span class='ocrx_word' id='word_1_347' title='bbox 2085 3600 2291 3677; x_wconf 89' lang='lat' dir='ltr'><strong>quasi</strong></span> <span class='ocrx_word' id='word_1_348' title='bbox 2350 3598 2821 3672; x_wconf 86' lang='lat' dir='ltr'><strong>diminutiva,</strong></span> <span class='ocrx_word' id='word_1_349' title='bbox 2875 3601 2884 3676; x_wconf 90' lang='grc' dir='ltr'>Ι</span> <span class='ocrx_word' id='word_1_350' title='bbox 2940 3618 3125 3678; x_wconf 89' lang='lat' dir='ltr'><strong>quae</strong></span> <span class='ocrx_word' id='word_1_351' title='bbox 3181 3621 3209 3662; x_wconf 91' lang='lat' dir='ltr'><strong>a</strong></span> 
     </span>
     <span class='ocr_line' id='line_1_34' title="bbox 630 3698 3210 3781; baseline 0.001 -21"><span class='ocrx_word' id='word_1_352' title='bbox 630 3701 965 3780; x_wconf 80' lang='lat' dir='ltr'><strong>perfecta</strong></span> <span class='ocrx_word' id='word_1_353' title='bbox 1021 3702 1252 3762; x_wconf 73' lang='lat' dir='ltr'><strong>forma</strong></span> <span class='ocrx_word' id='word_1_354' title='bbox 1308 3703 1642 3772; x_wconf 89' lang='lat' dir='ltr'><strong>veniunt,</strong></span> <span class='ocrx_word' id='word_1_355' title='bbox 1711 3698 2033 3761; x_wconf 84' lang='lat' dir='ltr'><strong>sorbillo</strong></span> <span class='ocrx_word' id='word_1_356' title='bbox 2090 3699 2398 3778; x_wconf 82' lang='lat' dir='ltr'><strong>sugillo:</strong></span> <span class='ocrx_word' id='word_1_357' title='bbox 2456 3702 2566 3760; x_wconf 90' lang='lat' dir='ltr'><strong>ista</strong></span> <span class='ocrx_word' id='word_1_358' title='bbox 2611 3700 2854 3761; x_wconf 88' lang='lat' dir='ltr'><strong>sorbillo</strong></span> <span class='ocrx_word' id='word_1_359' title='bbox 2901 3713 2960 3762; x_wconf 90' lang='lat' dir='ltr'><strong>et</strong></span> <span class='ocrx_word' id='word_1_360' title='bbox 3002 3701 3210 3781; x_wconf 86' lang='lat' dir='ltr'><strong>sugillo</strong></span> 
     </span>
     <span class='ocr_line' id='line_1_35' title="bbox 633 3802 3210 3881; baseline 0.002 -20"><span class='ocrx_word' id='word_1_361' title='bbox 633 3804 789 3863; x_wconf 73' lang='lat' dir='ltr'><strong>velut</strong></span> <span class='ocrx_word' id='word_1_362' title='bbox 832 3803 1175 3864; x_wconf 77' lang='lat' dir='ltr'><strong>diminutiva</strong></span> <span class='ocrx_word' id='word_1_363' title='bbox 1207 3809 1363 3867; x_wconf 86' lang='lat' dir='ltr'><strong>sunt,</strong></span> <span class='ocrx_word' id='word_1_364' title='bbox 1436 3802 1539 3863; x_wconf 85' lang='lat' dir='ltr'><strong>sed</strong></span> <span class='ocrx_word' id='word_1_365' title='bbox 1571 3803 1914 3864; x_wconf 83' lang='lat' dir='ltr'><strong>diminutiva</strong></span> <span class='ocrx_word' id='word_1_366' title='bbox 1949 3821 2063 3862; x_wconf 88' lang='lat' dir='ltr'><strong>non</strong></span> <span class='ocrx_word' id='word_1_367' title='bbox 2097 3808 2263 3871; x_wconf 88' lang='lat' dir='ltr'><strong>sunt,</strong></span> <span class='ocrx_word' id='word_1_368' title='bbox 2313 3804 2416 3864; x_wconf 90' lang='lat' dir='ltr'><strong>sed</strong></span> <span class='ocrx_word' id='word_1_369' title='bbox 2448 3804 2634 3881; x_wconf 84' lang='lat' dir='ltr'><strong>magis</strong></span> <span class='ocrx_word' id='word_1_370' title='bbox 2665 3803 3000 3865; x_wconf 86' lang='lat' dir='ltr'><strong>derivativa,</strong></span> <span class='ocrx_word' id='word_1_371' title='bbox 3079 3824 3210 3866; x_wconf 89' lang='lat' dir='ltr'><strong>nam</strong></span> 
     </span>
    </p>
   </div>
   <div class='ocr_carea' id='block_1_3' title="bbox 828 3941 1083 3947">
    <p class='ocr_par' dir='ltr' id='par_1_3' title="bbox 828 3941 1083 3947">
     <span class='ocr_line' id='line_1_36' title="bbox 828 3941 1083 3947; baseline 0 0"><span class='ocrx_word' id='word_1_372' title='bbox 828 3941 1083 3947; x_wconf 95' lang='lat' dir='ltr'><strong> </strong></span> 
     </span>
    </p>
   </div>
   <div class='ocr_carea' id='block_1_4' title="bbox 633 3942 823 3949">
    <p class='ocr_par' dir='ltr' id='par_1_4' title="bbox 633 3942 823 3949">
     <span class='ocr_line' id='line_1_37' title="bbox 633 3942 823 3949; baseline 0 1615"><span class='ocrx_word' id='word_1_373' title='bbox 633 3942 823 3949; x_wconf 95' lang='lat' dir='ltr'><strong> </strong></span> 
     </span>
    </p>
   </div>
   <div class='ocr_carea' id='block_1_5' title="bbox 1094 3941 1234 3948">
    <p class='ocr_par' dir='ltr' id='par_1_5' title="bbox 1094 3941 1234 3948">
     <span class='ocr_line' id='line_1_38' title="bbox 1094 3941 1234 3948; baseline 0.007 -2"><span class='ocrx_word' id='word_1_374' title='bbox 1094 3941 1234 3948; x_wconf 43' lang='grc' dir='ltr'><strong>*ω-</strong></span> 
     </span>
    </p>
   </div>
   <div class='ocr_carea' id='block_1_6' title="bbox 631 3987 3215 4548">
    <p class='ocr_par' dir='ltr' id='par_1_6' title="bbox 771 3987 3077 4055">
     <span class='ocr_line' id='line_1_39' title="bbox 771 3987 3077 4055; baseline 0.001 -15"><span class='ocrx_word' id='word_1_375' title='bbox 771 3990 895 4043; x_wconf 82' lang='lat' dir='ltr'><strong>God.</strong></span> <span class='ocrx_word' id='word_1_376' title='bbox 936 3991 1096 4042; x_wconf 80' lang='lat' dir='ltr'><strong>Bern.</strong></span> <span class='ocrx_word' id='word_1_377' title='bbox 1126 3991 1269 4040; x_wconf 89' lang='lat' dir='ltr'><strong>VlllI</strong></span> <span class='ocrx_word' id='word_1_378' title='bbox 1297 3987 1541 4043; x_wconf 77' lang='lat'><strong>3*-5*,</strong></span> <span class='ocrx_word' id='word_1_379' title='bbox 1684 3993 1715 4041; x_wconf 85' lang='lat'><strong>2</strong></span> <span class='ocrx_word' id='word_1_380' title='bbox 1754 3993 1804 4040; x_wconf 90' lang='lat' dir='ltr'><strong>in</strong></span> <span class='ocrx_word' id='word_1_381' title='bbox 1839 3990 2072 4041; x_wconf 84' lang='lat' dir='ltr'><strong>omnibus</strong></span> <span class='ocrx_word' id='word_1_382' title='bbox 2103 3998 2313 4055; x_wconf 70' lang='lat' dir='ltr'><strong>utroque</strong></span> <span class='ocrx_word' id='word_1_383' title='bbox 2348 3993 2454 4042; x_wconf 79' lang='lat' dir='ltr'><strong>loeo</strong></span> <span class='ocrx_word' id='word_1_384' title='bbox 2592 3992 2624 4044; x_wconf 85' lang='lat'><strong>3</strong></span> <span class='ocrx_word' id='word_1_385' title='bbox 2663 3991 3077 4043; x_wconf 85' lang='lat' dir='ltr'><strong>destributionem</strong></span> 
     </span>
    </p>

    <p class='ocr_par' dir='ltr' id='par_1_7' title="bbox 631 4060 3215 4548">
     <span class='ocr_line' id='line_1_40' title="bbox 631 4060 3213 4126; baseline 0.001 -17"><span class='ocrx_word' id='word_1_386' title='bbox 631 4063 664 4112; x_wconf 84' lang='lat'>5</span> <span class='ocrx_word' id='word_1_387' title='bbox 698 4062 1094 4124; x_wconf 82' lang='lat' dir='ltr'><strong>iuterrogatiuae</strong></span> <span class='ocrx_word' id='word_1_388' title='bbox 1196 4064 1527 4126; x_wconf 85' lang='lat' dir='ltr'><strong>responsiuae</strong></span> <span class='ocrx_word' id='word_1_389' title='bbox 1669 4063 1700 4110; x_wconf 94' lang='lat'><strong>7</strong></span> <span class='ocrx_word' id='word_1_390' title='bbox 1733 4063 1778 4111; x_wconf 83' lang='lat' dir='ltr'><strong>is</strong></span> <span class='ocrx_word' id='word_1_391' title='bbox 1812 4076 1946 4114; x_wconf 80' lang='lat' dir='ltr'><strong>corr.</strong></span> <span class='ocrx_word' id='word_1_392' title='bbox 1980 4062 2034 4109; x_wconf 91' lang='lat' dir='ltr'><strong>id</strong></span> <span class='ocrx_word' id='word_1_393' title='bbox 2173 4060 2207 4110; x_wconf 83' lang='lat'>9</span> <span class='ocrx_word' id='word_1_394' title='bbox 2234 4062 2466 4126; x_wconf 84' lang='lat' dir='ltr'><strong>inperare</strong></span> <span class='ocrx_word' id='word_1_395' title='bbox 2611 4061 2675 4113; x_wconf 91' lang='grc'><strong>10</strong></span> <span class='ocrx_word' id='word_1_396' title='bbox 2705 4062 2886 4125; x_wconf 86' lang='lat' dir='ltr'><strong>aliquit</strong></span> <span class='ocrx_word' id='word_1_397' title='bbox 3028 4065 3094 4115; x_wconf 97' lang='grc'><strong>12</strong></span> <span class='ocrx_word' id='word_1_398' title='bbox 3126 4078 3213 4112; x_wconf 87' lang='lat' dir='ltr'><strong>nu·</strong></span> 
     </span>
     <span class='ocr_line' id='line_1_41' title="bbox 636 4128 3213 4199; baseline 0 -19"><span class='ocrx_word' id='word_1_399' title='bbox 636 4128 822 4197; x_wconf 85' lang='lat' dir='ltr'><strong>meros]</strong></span> <span class='ocrx_word' id='word_1_400' title='bbox 865 4131 1088 4180; x_wconf 84' lang='lat' dir='ltr'><strong>muneris</strong></span> <span class='ocrx_word' id='word_1_401' title='bbox 1122 4146 1258 4183; x_wconf 83' lang='lat' dir='ltr'><strong>corr.</strong></span> <span class='ocrx_word' id='word_1_402' title='bbox 1304 4135 1372 4184; x_wconf 82' lang='lat' dir='ltr'><strong>al.</strong></span> <span class='ocrx_word' id='word_1_403' title='bbox 1411 4148 1542 4184; x_wconf 79' lang='lat' dir='ltr'><strong>man.</strong></span> <span class='ocrx_word' id='word_1_404' title='bbox 1586 4133 1810 4181; x_wconf 84' lang='lat' dir='ltr'><strong>numeris</strong></span> <span class='ocrx_word' id='word_1_405' title='bbox 1916 4131 2153 4181; x_wconf 89' lang='lat' dir='ltr'><strong>immodis</strong></span> <span class='ocrx_word' id='word_1_406' title='bbox 2272 4131 2334 4181; x_wconf 86' lang='lat'><strong>13</strong></span> <span class='ocrx_word' id='word_1_407' title='bbox 2372 4132 2609 4198; x_wconf 87' lang='lat' dir='ltr'><strong>propriae</strong></span> <span class='ocrx_word' id='word_1_408' title='bbox 2750 4133 2817 4183; x_wconf 76' lang='lat'><strong>16</strong></span> <span class='ocrx_word' id='word_1_409' title='bbox 2854 4133 2939 4196; x_wconf 84' lang='lat' dir='ltr'><strong>qui</strong></span> <span class='ocrx_word' id='word_1_410' title='bbox 2969 4148 3213 4199; x_wconf 78' lang='lat' dir='ltr'><strong>personas</strong></span> 
     </span>
     <span class='ocr_line' id='line_1_42' title="bbox 633 4201 3215 4268; baseline 0 -19"><span class='ocrx_word' id='word_1_411' title='bbox 633 4218 687 4250; x_wconf 82' lang='lat' dir='ltr'><strong>se</strong></span> <span class='ocrx_word' id='word_1_412' title='bbox 725 4204 884 4260; x_wconf 58' lang='lat' dir='ltr'><strong>(corr.</strong></span> <span class='ocrx_word' id='word_1_413' title='bbox 913 4203 983 4255; x_wconf 78' lang='lat' dir='ltr'><strong>al,</strong></span> <span class='ocrx_word' id='word_1_414' title='bbox 1011 4217 1139 4254; x_wconf 81' lang='lat' dir='ltr'><strong>man,</strong></span> <span class='ocrx_word' id='word_1_415' title='bbox 1166 4202 1282 4264; x_wconf 86' lang='lat' dir='ltr'><strong>sed)</strong></span> <span class='ocrx_word' id='word_1_416' title='bbox 1310 4217 1561 4268; x_wconf 81' lang='lat' dir='ltr'><strong>personas</strong></span> <span class='ocrx_word' id='word_1_417' title='bbox 1600 4215 1699 4250; x_wconf 86' lang='lat' dir='ltr'><strong>non</strong></span> <span class='ocrx_word' id='word_1_418' title='bbox 1806 4202 1871 4252; x_wconf 77' lang='lat'><strong>19</strong></span> <span class='ocrx_word' id='word_1_419' title='bbox 1909 4216 2116 4250; x_wconf 83' lang='lat' dir='ltr'><strong>senesco</strong></span> <span class='ocrx_word' id='word_1_420' title='bbox 2154 4203 2298 4251; x_wconf 85' lang='lat' dir='ltr'><strong>senio</strong></span> <span class='ocrx_word' id='word_1_421' title='bbox 2337 4203 2486 4268; x_wconf 86' lang='lat' dir='ltr'><strong>cupio</strong></span> <span class='ocrx_word' id='word_1_422' title='bbox 2522 4202 2665 4250; x_wconf 86' lang='lat' dir='ltr'><strong>senio</strong></span> <span class='ocrx_word' id='word_1_423' title='bbox 2708 4201 2890 4252; x_wconf 86' lang='lat' dir='ltr'><strong>lectum</strong></span> <span class='ocrx_word' id='word_1_424' title='bbox 2930 4219 2985 4252; x_wconf 79' lang='lat' dir='ltr'><strong>es</strong></span> <span class='ocrx_word' id='word_1_425' title='bbox 3017 4204 3215 4253; x_wconf 72' lang='lat' dir='ltr'><strong>facesso</strong></span> 
     </span>
     <span class='ocr_line' id='line_1_43' title="bbox 636 4268 3214 4338; baseline 0.001 -20"><span class='ocrx_word' id='word_1_426' title='bbox 636 4285 732 4319; x_wconf 86' lang='lat' dir='ltr'><strong>non</strong></span> <span class='ocrx_word' id='word_1_427' title='bbox 772 4284 849 4321; x_wconf 82' lang='lat' dir='ltr'><strong>est</strong></span> <span class='ocrx_word' id='word_1_428' title='bbox 887 4270 1253 4333; x_wconf 69' lang='lat' dir='ltr'><strong>frequentantia</strong></span> <span class='ocrx_word' id='word_1_429' title='bbox 1291 4273 1339 4320; x_wconf 85' lang='lat' dir='ltr'><strong>in</strong></span> <span class='ocrx_word' id='word_1_430' title='bbox 1380 4281 1491 4322; x_wconf 83' lang='lat' dir='ltr'><strong>toso</strong></span> <span class='ocrx_word' id='word_1_431' title='bbox 1526 4271 1690 4336; x_wconf 77' lang='lat' dir='ltr'><strong>(corr,</strong></span> <span class='ocrx_word' id='word_1_432' title='bbox 1730 4274 1799 4324; x_wconf 87' lang='lat' dir='ltr'><strong>al.</strong></span> <span class='ocrx_word' id='word_1_433' title='bbox 1829 4288 1958 4321; x_wconf 83' lang='lat' dir='ltr'><strong>man,</strong></span> <span class='ocrx_word' id='word_1_434' title='bbox 1991 4268 2123 4334; x_wconf 79' lang='lat' dir='ltr'><strong>toto)</strong></span> <span class='ocrx_word' id='word_1_435' title='bbox 2153 4272 2302 4320; x_wconf 87' lang='lat' dir='ltr'><strong>aliam</strong></span> <span class='ocrx_word' id='word_1_436' title='bbox 2420 4273 2484 4321; x_wconf 91' lang='grc'><strong>21</strong></span> <span class='ocrx_word' id='word_1_437' title='bbox 2519 4270 2708 4338; x_wconf 88' lang='lat' dir='ltr'><strong>quievi]</strong></span> <span class='ocrx_word' id='word_1_438' title='bbox 2752 4273 2893 4337; x_wconf 86' lang='lat' dir='ltr'><strong>quivi</strong></span> <span class='ocrx_word' id='word_1_439' title='bbox 3034 4275 3099 4322; x_wconf 86' lang='grc'><strong>22</strong></span> <span class='ocrx_word' id='word_1_440' title='bbox 3132 4281 3214 4322; x_wconf 82' lang='lat' dir='ltr'><strong>aut</strong></span> 
     </span>
     <span class='ocr_line' id='line_1_44' title="bbox 634 4340 3213 4408; baseline 0.001 -19"><span class='ocrx_word' id='word_1_441' title='bbox 634 4342 684 4389; x_wconf 85' lang='lat' dir='ltr'><strong>in</strong></span> <span class='ocrx_word' id='word_1_442' title='bbox 725 4341 761 4389; x_wconf 88' lang='lat' dir='ltr'><strong>it</strong></span> <span class='ocrx_word' id='word_1_443' title='bbox 798 4340 958 4404; x_wconf 82' lang='lat' dir='ltr'><strong>(corr.</strong></span> <span class='ocrx_word' id='word_1_444' title='bbox 998 4342 1070 4390; x_wconf 81' lang='lat' dir='ltr'><strong>al,</strong></span> <span class='ocrx_word' id='word_1_445' title='bbox 1108 4359 1233 4395; x_wconf 77' lang='lat' dir='ltr'><strong>num,</strong></span> <span class='ocrx_word' id='word_1_446' title='bbox 1281 4344 1359 4404; x_wconf 82' lang='lat' dir='ltr'><strong>.i.)</strong></span> <span class='ocrx_word' id='word_1_447' title='bbox 1401 4353 1455 4391; x_wconf 82' lang='lat' dir='ltr'><strong>ut</strong></span> <span class='ocrx_word' id='word_1_448' title='bbox 1489 4343 1573 4391; x_wconf 87' lang='lat' dir='ltr'><strong>odi</strong></span> <span class='ocrx_word' id='word_1_449' title='bbox 1681 4344 1748 4392; x_wconf 78' lang='grc'><strong>24</strong></span> <span class='ocrx_word' id='word_1_450' title='bbox 1779 4341 1907 4392; x_wconf 81' lang='lat' dir='ltr'><strong>aliae</strong></span> <span class='ocrx_word' id='word_1_451' title='bbox 2013 4342 2081 4390; x_wconf 81' lang='lat'><strong>25</strong></span> <span class='ocrx_word' id='word_1_452' title='bbox 2115 4342 2267 4390; x_wconf 84' lang='lat' dir='ltr'><strong>habet</strong></span> <span class='ocrx_word' id='word_1_453' title='bbox 2403 4342 2671 4408; x_wconf 87' lang='lat' dir='ltr'><strong>participio</strong></span> <span class='ocrx_word' id='word_1_454' title='bbox 2775 4344 2845 4394; x_wconf 83' lang='grc'><strong>26</strong></span> <span class='ocrx_word' id='word_1_455' title='bbox 2882 4343 3061 4392; x_wconf 81' lang='lat' dir='ltr'><strong>tertiae</strong></span> <span class='ocrx_word' id='word_1_456' title='bbox 3098 4357 3213 4393; x_wconf 87' lang='lat' dir='ltr'><strong>con·</strong></span> 
     </span>
     <span class='ocr_line' id='line_1_45' title="bbox 636 4411 3215 4478; baseline 0 -18"><span class='ocrx_word' id='word_1_457' title='bbox 636 4412 914 4477; x_wconf 80' lang='lat' dir='ltr'><strong>iugationis</strong></span> <span class='ocrx_word' id='word_1_458' title='bbox 950 4426 1039 4459; x_wconf 89' lang='lat' dir='ltr'><strong>om,</strong></span> <span class='ocrx_word' id='word_1_459' title='bbox 1151 4412 1217 4461; x_wconf 87' lang='grc'><strong>28</strong></span> <span class='ocrx_word' id='word_1_460' title='bbox 1261 4423 1307 4460; x_wconf 86' lang='lat' dir='ltr'><strong>et</strong></span> <span class='ocrx_word' id='word_1_461' title='bbox 1345 4427 1438 4461; x_wconf 88' lang='lat' dir='ltr'><strong>om.</strong></span> <span class='ocrx_word' id='word_1_462' title='bbox 1565 4412 1633 4464; x_wconf 81' lang='lat'><strong>29</strong></span> <span class='ocrx_word' id='word_1_463' title='bbox 1668 4412 1853 4462; x_wconf 84' lang='lat' dir='ltr'><strong>similis</strong></span> <span class='ocrx_word' id='word_1_464' title='bbox 1891 4429 1945 4462; x_wconf 86' lang='lat' dir='ltr'><strong>es</strong></span> <span class='ocrx_word' id='word_1_465' title='bbox 1984 4414 2263 4476; x_wconf 80' lang='lat' dir='ltr'><strong>graecissat</strong></span> <span class='ocrx_word' id='word_1_466' title='bbox 2299 4427 2514 4478; x_wconf 85' lang='lat' dir='ltr'><strong>graecae</strong></span> <span class='ocrx_word' id='word_1_467' title='bbox 2550 4412 2836 4462; x_wconf 75' lang='lat' dir='ltr'><strong>adfectatur</strong></span> <span class='ocrx_word' id='word_1_468' title='bbox 2977 4411 3045 4464; x_wconf 79' lang='lat'><strong>30</strong></span> <span class='ocrx_word' id='word_1_469' title='bbox 3083 4414 3215 4462; x_wconf 84' lang='lat' dir='ltr'><strong>uelut</strong></span> 
     </span>
     <span class='ocr_line' id='line_1_46' title="bbox 633 4481 2941 4548; baseline 0.001 -18"><span class='ocrx_word' id='word_1_470' title='bbox 633 4496 771 4533; x_wconf 84' lang='lat' dir='ltr'><strong>corr.</strong></span> <span class='ocrx_word' id='word_1_471' title='bbox 809 4483 877 4533; x_wconf 83' lang='lat' dir='ltr'><strong>al,</strong></span> <span class='ocrx_word' id='word_1_472' title='bbox 918 4498 1045 4531; x_wconf 79' lang='lat' dir='ltr'><strong>man.</strong></span> <span class='ocrx_word' id='word_1_473' title='bbox 1086 4481 1241 4532; x_wconf 88' lang='lat' dir='ltr'><strong>uelud</strong></span> <span class='ocrx_word' id='word_1_474' title='bbox 1380 4489 1515 4532; x_wconf 86' lang='lat' dir='ltr'><strong>tenet</strong></span> <span class='ocrx_word' id='word_1_475' title='bbox 1655 4482 1719 4534; x_wconf 87' lang='lat'><strong>31</strong></span> <span class='ocrx_word' id='word_1_476' title='bbox 1761 4483 1942 4532; x_wconf 85' lang='lat' dir='ltr'><strong>similis</strong></span> <span class='ocrx_word' id='word_1_477' title='bbox 1979 4482 2136 4548; x_wconf 79' lang='lat' dir='ltr'><strong>patris</strong></span> <span class='ocrx_word' id='word_1_478' title='bbox 2176 4489 2292 4531; x_wconf 83' lang='lat' dir='ltr'><strong>sunt</strong></span> <span class='ocrx_word' id='word_1_479' title='bbox 2330 4482 2474 4546; x_wconf 85' lang='lat' dir='ltr'><strong>quasi</strong></span> <span class='ocrx_word' id='word_1_480' title='bbox 2615 4483 2680 4532; x_wconf 86' lang='lat' dir='ltr'><strong>ad</strong></span> <span class='ocrx_word' id='word_1_481' title='bbox 2718 4483 2941 4547; x_wconf 79' lang='lat' dir='ltr'><strong>perfecta</strong></span> 
     </span>
    </p>
   </div>
   <div class='ocr_carea' id='block_1_7' title="bbox 590 4635 3217 4774">
    <p class='ocr_par' dir='ltr' id='par_1_8' title="bbox 590 4635 3217 4774">
     <span class='ocr_line' id='line_1_47' title="bbox 590 4635 3216 4702; baseline 0.001 -16"><span class='ocrx_word' id='word_1_482' title='bbox 590 4683 593 4686; x_wconf 90' lang='lat'>.</span> <span class='ocrx_word' id='word_1_483' title='bbox 780 4635 843 4686; x_wconf 77' lang='lat'><strong>19</strong></span> <span class='ocrx_word' id='word_1_484' title='bbox 881 4652 1087 4700; x_wconf 71' lang='lat' dir='ltr'><strong>senesco</strong></span> <span class='ocrx_word' id='word_1_485' title='bbox 1124 4665 1187 4672; x_wconf 91' lang='lat'>—</span> <span class='ocrx_word' id='word_1_486' title='bbox 1226 4639 1290 4688; x_wconf 89' lang='grc'><strong>21</strong></span> <span class='ocrx_word' id='word_1_487' title='bbox 1332 4636 1452 4687; x_wconf 81' lang='lat' dir='ltr'><strong>facit</strong></span> <span class='ocrx_word' id='word_1_488' title='bbox 1490 4637 1562 4687; x_wconf 79' lang='lat' dir='ltr'><strong>ad</strong></span> <span class='ocrx_word' id='word_1_489' title='bbox 1589 4638 1926 4702; x_wconf 75' lang='lat' dir='ltr'><strong>differentiam</strong></span> <span class='ocrx_word' id='word_1_490' title='bbox 1967 4639 2164 4701; x_wconf 78' lang='lat' dir='ltr'><strong>formae</strong></span> <span class='ocrx_word' id='word_1_491' title='bbox 2190 4637 2500 4688; x_wconf 75' lang='lat' dir='ltr'><strong>inchoativae</strong></span> <span class='ocrx_word' id='word_1_492' title='bbox 2524 4645 2573 4687; x_wconf 88' lang='lat' dir='ltr'><strong>et</strong></span> <span class='ocrx_word' id='word_1_493' title='bbox 2600 4639 2799 4701; x_wconf 67' lang='lat' dir='ltr'><strong>sor-nme</strong></span> <span class='ocrx_word' id='word_1_494' title='bbox 2828 4638 3116 4702; x_wconf 76' lang='lat' dir='ltr'><strong>perfectae,</strong></span> <span class='ocrx_word' id='word_1_495' title='bbox 3154 4639 3216 4688; x_wconf 80' lang='lat' dir='ltr'><strong>de</strong></span> 
     </span>
     <span class='ocr_line' id='line_1_48' title="bbox 637 4708 3217 4774; baseline 0.001 -18"><span class='ocrx_word' id='word_1_496' title='bbox 637 4724 735 4772; x_wconf 79' lang='lat' dir='ltr'><strong>qua</strong></span> <span class='ocrx_word' id='word_1_497' title='bbox 754 4708 891 4770; x_wconf 74' lang='lat' dir='ltr'><strong>infra</strong></span> <span class='ocrx_word' id='word_1_498' title='bbox 921 4708 1047 4758; x_wconf 86' lang='grc' dir='ltr'><strong>υ.25</strong></span> <span class='ocrx_word' id='word_1_499' title='bbox 1072 4709 1253 4757; x_wconf 76' lang='lat' dir='ltr'><strong>dietmn</strong></span> <span class='ocrx_word' id='word_1_500' title='bbox 1276 4717 1371 4770; x_wconf 72' lang='lat' dir='ltr'><strong>est,</strong></span> <span class='ocrx_word' id='word_1_501' title='bbox 1407 4711 1684 4770; x_wconf 80' lang='lat' dir='ltr'><strong>pertinent:</strong></span> <span class='ocrx_word' id='word_1_502' title='bbox 1725 4710 1796 4771; x_wconf 77' lang='lat' dir='ltr'><strong>ef.</strong></span> <span class='ocrx_word' id='word_1_503' title='bbox 1829 4708 2050 4773; x_wconf 81' lang='lat' dir='ltr'><strong>Pompei.</strong></span> <span class='ocrx_word' id='word_1_504' title='bbox 2078 4726 2136 4773; x_wconf 85' lang='lat' dir='ltr'><strong>p.</strong></span> <span class='ocrx_word' id='word_1_505' title='bbox 2165 4709 2266 4760; x_wconf 83' lang='grc'><strong>283</strong></span> <span class='ocrx_word' id='word_1_506' title='bbox 2297 4708 2374 4758; x_wconf 83' lang='lat' dir='ltr'><strong>ed.</strong></span> <span class='ocrx_word' id='word_1_507' title='bbox 2400 4708 2552 4757; x_wconf 80' lang='lat' dir='ltr'><strong><em>Lind.</em></strong></span> <span class='ocrx_word' id='word_1_508' title='bbox 2575 4709 2773 4758; x_wconf 82' lang='lat' dir='ltr'><strong>facesso</strong></span> <span class='ocrx_word' id='word_1_509' title='bbox 2799 4719 2958 4759; x_wconf 84' lang='lat' dir='ltr'><strong>autem</strong></span> <span class='ocrx_word' id='word_1_510' title='bbox 2977 4711 3217 4774; x_wconf 82' lang='lat' dir='ltr'><strong>frequen—</strong></span> 
     </span>
    </p>
   </div>
   <div class='ocr_carea' id='block_1_8' title="bbox 637 4777 3218 4914">
    <p class='ocr_par' dir='ltr' id='par_1_9' title="bbox 637 4777 3218 4914">
     <span class='ocr_line' id='line_1_49' title="bbox 637 4777 3218 4847; baseline -0 -19"><span class='ocrx_word' id='word_1_511' title='bbox 637 4778 837 4828; x_wconf 82' lang='lat' dir='ltr'><strong>tativum</strong></span> <span class='ocrx_word' id='word_1_512' title='bbox 878 4793 975 4827; x_wconf 79' lang='lat' dir='ltr'><strong>non</strong></span> <span class='ocrx_word' id='word_1_513' title='bbox 1002 4793 1113 4828; x_wconf 72' lang='lat' dir='ltr'><strong>esse</strong></span> <span class='ocrx_word' id='word_1_514' title='bbox 1149 4780 1428 4841; x_wconf 73' lang='lat' dir='ltr'><strong>expositum</strong></span> <span class='ocrx_word' id='word_1_515' title='bbox 1459 4788 1533 4830; x_wconf 76' lang='lat' dir='ltr'><strong>est</strong></span> <span class='ocrx_word' id='word_1_516' title='bbox 1556 4780 1696 4842; x_wconf 77' lang='lat' dir='ltr'><strong>infra</strong></span> <span class='ocrx_word' id='word_1_517' title='bbox 1729 4795 1784 4841; x_wconf 87' lang='lat' dir='ltr'><strong>p.</strong></span> <span class='ocrx_word' id='word_1_518' title='bbox 1811 4779 1897 4839; x_wconf 81' lang='lat'><strong>61,</strong></span> <span class='ocrx_word' id='word_1_519' title='bbox 1935 4778 2002 4829; x_wconf 83' lang='lat'><strong>32</strong></span> <span class='ocrx_word' id='word_1_520' title='bbox 2136 4778 2204 4830; x_wconf 86' lang='grc'><strong>23</strong></span> <span class='ocrx_word' id='word_1_521' title='bbox 2240 4786 2292 4827; x_wconf 89' lang='lat' dir='ltr'><strong>ut</strong></span> <span class='ocrx_word' id='word_1_522' title='bbox 2327 4777 2434 4828; x_wconf 86' lang='lat' dir='ltr'><strong>odit</strong></span> <span class='ocrx_word' id='word_1_523' title='bbox 2457 4779 2758 4831; x_wconf 73' lang='lat' dir='ltr'><strong>Putscleius:</strong></span> <span class='ocrx_word' id='word_1_524' title='bbox 2795 4781 3043 4847; x_wconf 80' lang='lat' dir='ltr'><strong>coutingit</strong></span> <span class='ocrx_word' id='word_1_525' title='bbox 3075 4780 3218 4845; x_wconf 64' lang='lat' dir='ltr'><strong>vulgo</strong></span> 
     </span>
     <span class='ocr_line' id='line_1_50' title="bbox 640 4850 1753 4914; baseline 0 -16"><span class='ocrx_word' id='word_1_526' title='bbox 640 4851 689 4898; x_wconf 83' lang='lat' dir='ltr'><strong>in</strong></span> <span class='ocrx_word' id='word_1_527' title='bbox 719 4852 945 4912; x_wconf 73' lang='lat' dir='ltr'><strong>exemplo</strong></span> <span class='ocrx_word' id='word_1_528' title='bbox 983 4850 1371 4914; x_wconf 78' lang='lat' dir='ltr'><strong>inpersonalium</strong></span> <span class='ocrx_word' id='word_1_529' title='bbox 1407 4850 1457 4899; x_wconf 80' lang='lat' dir='ltr'><strong>in</strong></span> <span class='ocrx_word' id='word_1_530' title='bbox 1486 4850 1525 4898; x_wconf 86' lang='lat' dir='ltr'><strong>it</strong></span> <span class='ocrx_word' id='word_1_531' title='bbox 1548 4853 1753 4912; x_wconf 77' lang='lat' dir='ltr'><strong>ponitur</strong></span> 
     </span>
    </p>
   </div>
  </div>
 </body>
</html>
