3541 5564
594 346 719 409 61ss
1708 346 2071 410 MACROBH

647 470 688 511 p.
715 457 916 497 κιο-οε
944 455 990 499 r.

597 537 764 598 verbi
809 539 1101 617 positione
1148 538 1343 597 suerat
1388 540 1518 598 eius
1564 538 1888 605 indicium,
1935 534 2268 615 καλοῦμαι
2314 534 2633 614 καλεῖται,
2677 528 2783 597 ὅτι
2827 534 3011 597 καλῶ
3055 555 3180 597 κα-

596 639 755 718 λεῖς,
801 640 1057 701 secunda
1104 641 1164 699 in
1211 659 1252 699 α
1296 647 1540 720 propter
1585 640 1833 699 eandem
1879 656 2135 706 causam,
2182 638 2467 717 τιμῶμαι
2497 637 2780 717 τιμᾶται,
2827 632 2929 699 ὅτι
2962 640 3177 720 τιμᾷς.

596 760 730 802 nam
777 750 838 801 et
887 741 1255 823 χρυσοῦται
1301 742 1437 802 ideo
1482 743 1699 802 retinet
1745 761 1863 819 υυ,
1919 742 2057 819 quia
2102 741 2437 819 propinqua
2491 742 2682 820 priori
2737 748 2859 801 est:
2929 749 3179 821 utraque

597 844 754 902 enim
802 843 1201 923 diphthongus
1247 863 1310 904 οι
1355 850 1415 904 et
1458 863 1542 904 ου
1587 862 1695 923 per
1738 862 1775 902 ο
1831 843 2089 910 litteram
2146 849 2580 921 conponuntur.
2669 844 2934 903 futurum
2980 851 3177 903 autem

596 940 1146 1025 περισπωμένων,
1183 953 1243 1006 et
1296 947 1353 1005 in
1413 944 1717 1024 barytonis
1772 952 1892 1005 tam
1949 962 2232 1024 praesens
2275 962 2450 1024 quam
2496 945 2763 1005 futurum
2808 964 2844 1004 ο
2898 944 3176 1013 litteram,
3206 961 3235 999 5

595 1064 745 1124 quae
790 1047 904 1106 suit
949 1047 1307 1126 paenultima
1354 1049 1600 1126 primae,
1646 1065 1754 1125 per
1791 1046 2023 1106 tertiam
2073 1048 2131 1106 in
2180 1064 2209 1106 ε
2253 1047 2553 1115 transfert,
2602 1054 2665 1106 ut
2716 1054 2925 1106 natura
2981 1045 3182 1106 brevis

594 1155 854 1208 mutetur
910 1150 971 1208 in
1036 1157 1241 1210 natura
1311 1148 1581 1218 brevem,
1638 1143 2101 1227 φιληθήσομαι
2157 1143 2636 1228 φιληθήσεται,
2687 1146 2693 1228 Ι
2741 1142 3015 1229 λέγομαι
3068 1143 3180 1208 λέ·-

594 1268 813 1327 γεται,
875 1247 1284 1339 λεχθήσομαι
1331 1246 1747 1330 λεχθήσεται.
1839 1252 2263 1329 cuiuscumque
2310 1249 2475 1310 verbi
2532 1250 2748 1329 passivi
2807 1249 2897 1309 vel
2943 1252 3178 1329 passivo

596 1351 809 1411 similis
854 1354 1043 1431 prima
1090 1371 1339 1430 persona
1388 1351 1632 1431 pluralis
1678 1353 1737 1412 in
1780 1370 2152 1432 quocumque
2198 1361 2464 1432 tempore
2509 1354 2570 1412 in
2616 1353 2710 1411 θα
2741 1351 3023 1431 syllabam
3071 1351 3175 1411 de-

595 1454 765 1521 sinit,
848 1449 1194 1534 νοούμεθα
1264 1449 1643 1533 ἐνοούμεθα
1724 1449 2105 1533 νενοήμεθα
2184 1447 2600 1533 ἐνενοήμεθα
2662 1449 3175 1533 νοηθησόμεθα;
3209 1473 3262 1511 ιο

595 1547 912 1631 ἀόριστον
956 1557 1144 1625 enim,
1201 1558 1304 1636 qui
1352 1555 1509 1615 solus
1555 1558 1613 1615 in
1660 1573 1785 1634 μεν
1840 1557 1987 1625 exit,
2037 1550 2451 1635 ἐνοήθημεν,
2497 1564 2748 1625 transeo,
2795 1557 2934 1635 quia
2978 1555 3176 1616 Latini

596 1658 889 1733 ignorant.
975 1674 1084 1736 per
1127 1660 1321 1717 omnia
1368 1666 1635 1737 tempora
1692 1658 1943 1736 primam
1990 1676 2302 1737 personam
2359 1655 2644 1736 pluralem
2711 1657 2993 1718 maiorem
3039 1675 3178 1737 pro·

596 1759 795 1819 serunt
825 1757 1130 1836 singulari,
1178 1756 1349 1819 ποιῶ
1380 1759 1728 1839 ποιοῦμεν,
1779 1755 2059 1820 ἐποίουν
2090 1755 2479 1839 ἐποιοῦμεν,
2512 1758 2845 1838 πεποίηκα
2890 1756 3176 1839 πεποιή-

596 1880 834 1940 καμεν,
883 1856 1311 1941 ἐπεποιήκειν
1342 1857 1875 1942 ἐπεποιήκειμεν,
1921 1855 2179 1941 ποιήσω
2211 1854 2606 1940 ποιήσομενι
2653 1863 2737 1920 sic
2768 1868 2829 1920 et
2856 1860 3180 1941 ποιοῦμαι

596 1958 998 2042 ποιούμεθα,
1026 1959 1397 2043 ἐποιούμην
1421 1957 1861 2042 ἐποιούμεθα,
1892 1960 2253 2042 πεποίημαι
2279 1957 2722 2042 πεποιήμεθα,
2757 1957 3177 2043 ἐπεποιήμην
3207 1982 3259 2020 ιε.

597 2059 1088 2143 ἐπεποιήμεθα,
1135 2061 1589 2144 ποιηθήσομαι
1643 2059 2178 2144 ποιηθησόμεθα.
2269 2066 2353 2123 sic
2413 2072 2472 2123 et
2529 2064 2682 2143 apud
2739 2063 2981 2126 Latinos
3046 2083 3180 2125 amo

597 2184 885 2235 amamus,
945 2165 1212 2229 amabam
1268 2165 1628 2237 amabamus,
1699 2168 1884 2226 amavi
1932 2166 2280 2235 amavimus,
2348 2164 2684 2226 amaveram
2753 2185 3178 2236 amaveramuS,

596 2266 803 2327 amabo
858 2268 1216 2339 amabimus:
1264 2272 1350 2329 sic
1395 2277 1452 2329 et
1513 2287 1678 2329 amor
1736 2285 2019 2337 amamur,
2067 2267 2308 2329 amabar
2339 2266 2698 2337 amabamur,
2746 2268 2988 2329 amabor
3019 2287 3180 2329 ama·

598 2367 812 2429 bimur.
904 2371 963 2431 in
1019 2373 1247 2448 graecis
1300 2369 1502 2432 verbis
1545 2370 1803 2431 secunda
1850 2388 2102 2449 persona
2160 2370 2410 2450 pluralis
2462 2372 2649 2431 activa
2715 2389 2889 2432 unam
2936 2352 3179 2431 ultimae

596 2470 856 2549 syllabae
902 2490 1043 2532 suae
1089 2473 1348 2534 litteram
1394 2492 1430 2533 τ
1474 2481 1661 2533 mutat
1706 2474 1766 2532 in
1800 2483 1841 2529 σ
1872 2467 1983 2531 καὶ
2011 2472 2064 2532 θ
2092 2478 2154 2530 et
2175 2473 2238 2532 fit
2269 2473 2519 2551 passiva,
2568 2478 2815 2533 ποιεῖτε
2846 2474 3179 2550 ποιεῖσθε,
3207 2492 3261 2530 20

594 2568 887 2653 γράφετε
928 2569 1306 2653 γράφεσθεε
1338 2575 1509 2653 quod
1557 2593 1673 2634 non
1705 2576 1945 2634 mireris
1981 2576 2042 2634 in
2074 2576 2415 2654 praeteritis
2457 2576 2741 2653 perfectis
2773 2593 2888 2635 non
2920 2575 3179 2643 evenire,

595 2693 727 2735 eum
775 2670 1181 2755 πεποιήκατε
1222 2672 1684 2758 πεποιήκασθε
1716 2695 1834 2737 non
1880 2678 2076 2745 saciat,
2110 2676 2213 2736 sed
2261 2674 2655 2757 πεποίησθε,
2701 2695 2810 2736 nee
2856 2671 3182 2738 λελύκατε

596 2772 1002 2856 λελύκασθε,
1049 2778 1151 2838 sed
1199 2775 1512 2857 λέλυσθε,
1560 2797 1669 2838 nee
1715 2772 2102 2858 πεφράκατε
2148 2775 2627 2858 πεφράκασθε,
2673 2778 2776 2839 sed
2823 2772 3183 2858 πέφρασθε

597 2888 657 2938 et
702 2881 940 2940 similia.
1032 2881 1146 2941 alia
1192 2883 1350 2941 enim
1397 2880 1601 2958 regula
1648 2880 1741 2941 his
1789 2881 2160 2960 temporibus
2199 2881 2479 2951 obviavit,
2526 2883 2697 2942 euius
2727 2883 3041 2962 imperium
3086 2889 3185 2942 est

598 2989 659 3041 ut
712 2983 908 3041 omnia
963 2982 1141 3043 verba
1197 3002 1446 3062 quorum
1507 2985 1698 3061 prima
1743 3002 1997 3063 persona
2056 2986 2116 3043 in
2172 2986 2267 3044 θα
2323 2985 2446 3043 exit
2501 2984 2821 3045 secundam
2889 2985 3259 3044 minorem&

595 3081 822 3162 syllaba
880 3085 1205 3162 proferant.
1307 3086 1357 3145 si
1416 3102 1559 3162 ergo
1625 3086 1866 3145 iecisset
1922 3081 2423 3166 πεποιήκασθε,
2493 3104 2600 3165 par
2668 3086 2827 3146 foret
2898 3103 3182 3146 nmnerus

596 3184 955 3263 syllabarum
1012 3205 1147 3246 eum
1202 3188 1393 3266 prima
1451 3181 1905 3267 πεποιήμεθα,
1960 3189 2010 3247 si
2059 3183 2471 3266 λελύκασθε,
2530 3206 2664 3248 eum
2710 3182 3080 3269 λελύμεθα,
3128 3190 3180 3247 si

597 3281 1061 3367 πεφράκασθε,
1108 3307 1240 3348 eum
1289 3284 1712 3368 πεφραμεθα.
1794 3289 1930 3349 ideo
1978 3292 2318 3351 necessario
2363 3288 2585 3369 syllaba
2642 3291 2833 3350 media
2878 3289 3180 3351 subtracta

596 3389 820 3449 resedit
865 3388 1240 3468 πεποίησθε
1285 3385 1576 3450 λέλυσθε
1620 3386 1998 3469 πέφρασθε.
2090 3399 2355 3452 ceterum
2412 3397 2662 3452 ποιεῖτε
2719 3394 3026 3453 ποιεῖσθε
3070 3386 3184 3451 λε’-

594 3509 744 3568 γετε
775 3486 1053 3568 λέγεσθε
1084 3493 1272 3571 priori
1304 3492 1543 3569 regulae
1570 3490 1940 3572 obsequitur,
1974 3495 2111 3573 quia
2143 3512 2259 3554 non
2286 3501 2577 3574 repugnat
2607 3495 2910 3572 sequenti:
2943 3489 3180 3555 ποιού-
3209 3516 3262 3554 ao

595 3593 771 3671 μεθα
817 3594 975 3652 enim
1022 3597 1351 3672 ποιεῖσθε,
1397 3589 1732 3675 λεγόμεθα
1779 3589 2077 3672 λέγεσθε.
2166 3598 2226 3657 in
2276 3595 2473 3655 verbis
2518 3597 2768 3675 passivis
2813 3594 2902 3655 vel
2947 3598 3183 3675 passivo

598 3694 893 3754 similibus
936 3715 1189 3775 persona
1237 3697 1413 3757 tertia
1459 3697 1780 3774 singularis
1825 3696 2026 3757 addito
2068 3717 2111 3757 ν
2156 3706 2291 3758 ante
2336 3716 2372 3757 τ
2417 3715 2549 3758 eum
2607 3699 2834 3776 primae
2892 3715 3181 3776 personae

596 3796 958 3876 paenultima
1005 3800 1243 3858 tertiam
1290 3799 1577 3878 pluralem
1613 3800 1773 3868 facit,
1823 3794 2083 3878 λέγεται
2114 3795 2444 3878 λέγονται,
2490 3804 2776 3859 ποιεῖται
2806 3799 3182 3868 ποιοῦνται,

596 3897 947 3979 πεποίηται
992 3899 1412 3979 πεποιήνται,
1460 3901 1681 3980 εἴρητο
1728 3901 2018 3981 εἶρηντο,
2066 3897 2328 3980 ἐλέγετο
2376 3896 2710 3979 ἐλέγοντο,
2759 3893 2881 3962 ἐὰν
2917 3895 3185 3981 λέγηται

601 3993 722 4061 ἐὰν
779 3997 1138 4080 λέγωνται,
1198 3999 1260 4063 εἰ
1310 3998 1568 4081 λέγοιτο
1628 4000 1690 4063 εἰ
1740 3999 2064 4080 λέγοιντο.
2155 4004 2311 4063 unde
2368 4003 2466 4064 illa
2532 4005 2853 4082 praeterita
2922 4004 3266 4082 perfectass

596 4121 746 4182 quae
803 4103 897 4163 his
954 4104 1173 4165 litteris
1230 4108 1290 4165 in
1347 4105 1543 4166 medio
1598 4113 1870 4165 contexta
1916 4112 2082 4174 sunt,
2130 4114 2195 4165 ut
2241 4108 2301 4165 in
2346 4105 2518 4165 tertia
2563 4122 2816 4184 persona
2884 4104 3099 4184 plurali
3142 4123 3188 4164 ν

597 4224 712 4266 non
772 4207 960 4284 possit
1016 4207 1288 4284 adiungi,
1339 4207 1623 4267 advocant
1668 4206 1781 4266 sibi
1832 4207 2172 4285 participia:
2222 4202 2229 4286 Ι
2276 4201 2595 4285 τέτιλται,
2651 4208 2791 4287 quia
2838 4209 2996 4267 inter
3040 4206 3078 4266 λ
3124 4215 3186 4266 et

595 4326 632 4368 τ
675 4327 718 4368 ν
762 4327 894 4368 esse
942 4327 1056 4369 non
1107 4311 1323 4388 potuit,
1373 4310 1468 4368 cui
1516 4327 1626 4391 nec
1671 4309 1829 4369 finali
1879 4328 2008 4369 esse
2077 4316 2207 4388 post
2262 4304 2525 4388 λάμβδα
2583 4327 2691 4369 nee
2737 4310 3003 4389 incipere
3049 4316 3184 4369 ante

597 4416 727 4470 ταῦ
772 4410 860 4470 sas
906 4418 1051 4480 erat,
1102 4413 1322 4472 sactum
1354 4419 1445 4470 est
1474 4406 1842 4490 τετιλμένοι
1875 4407 2080 4471 εἰσίνι
2125 4406 2491 4490 γέγραπται
2521 4411 2813 4480 similiter,
2860 4412 2996 4490 quia
3028 4412 3188 4471 inter

596 4529 643 4570 π
711 4507 822 4571 καὶ
867 4533 900 4571 τ
946 4531 1063 4572 non
1126 4512 1474 4573 admittebat
1527 4532 1604 4592 ν,
1660 4509 2108 4593 γεγραμμένοι
2164 4509 2360 4594 εἰσίν,
2425 4507 2743 4574 τέτυπται
2788 4507 3184 4593 τετυμμένοι
3212 4543 3268 4584 ω

736 4700 767 4747 6
808 4709 862 4748 ut
899 4701 1141 4748 naturalis
1179 4701 1347 4749 breuis
1388 4702 1435 4748 in
1466 4711 1643 4749 natura
1669 4702 1872 4749 breuem
1900 4700 1950 4748 P
2084 4701 2149 4750 32
2176 4715 2396 4764 persona
2424 4700 2566 4749 tertia
2592 4700 2862 4760 singularis
2894 4700 3050 4749 lanus
3072 4715 3187 4765 per·

597 4781 722 4815 sona
750 4768 976 4816 secunda
1004 4768 1213 4833 pluralis
1241 4769 1288 4816 P
1420 4771 1485 4818 36
1510 4764 1800 4832 λέγωνται]
1829 4769 2087 4832 λεγονται
2119 4769 2164 4816 Ρ
2296 4771 2360 4818 37
2387 4769 2634 4818 τετειλτε
2664 4770 2709 4818 Ρ
2845 4770 2910 4819 38
2935 4764 3043 4835 cui]
3073 4784 3187 4817 cum

600 4836 645 4884 Ι)
778 4836 845 4884 40
880 4837 1178 4886 admittebat
1204 4854 1238 4886 ν
1258 4853 1296 4901 p
1321 4837 1706 4886 admittebamus
1732 4839 1782 4885 P
1915 4832 2209 4903 τέτυκται]
2238 4852 2542 4887 τετετυπτε
2569 4838 2616 4886 l’
