3541 5564
473 292 478 297 ’
566 335 691 401 306
1714 336 2020 399 ΡΟΜΡΕΠ

619 460 660 501 p.
688 446 868 487 465-67
898 445 942 486 L.

567 543 774 586 navem
824 526 831 606 Ι
880 534 981 586 aut
1026 544 1055 585 a
1103 526 1234 586 navi
1281 525 1351 585 ad
1399 524 1683 593 volatum,
1731 526 1881 586 istae
1927 526 2267 604 reciprocae
2310 533 2467 585 sunt.
2552 524 2743 585 habes
2787 526 2846 585 in
2893 523 3152 602 Vergilio

565 635 879 704 utramque
913 626 1356 688 translationem
1389 627 1576 706 ipsius
1608 627 1900 688 thematis,
1959 626 2155 686 volare
2200 628 2439 707 proprie
2472 628 2661 686 avium
2696 633 2801 695 est,
2852 637 2911 687 et
2957 634 3154 688 trans-

567 729 699 790 tulit
742 727 1018 802 advela3
1065 747 1204 789 ecce
1250 729 1321 789 ad
1370 747 1545 790 naves
1589 730 1730 789 lecit
1775 729 2254 808 conparationem
2302 728 2376 789 ah
2408 729 2630 790 avibus.
2691 729 2805 790 alio
2848 728 2979 789 loco
3011 731 3148 789 item

567 850 598 891 a
645 830 891 891 navibus
939 830 1237 893 transtulit
1282 830 1353 890 ad
1399 850 1560 901 aves,
1611 836 1820 891 ‘nare
1867 849 1996 909 per
2041 840 2395 891 aestatem
2442 830 2848 911 liquidam’,
2897 850 3031 892 cum
3079 830 3151 890 de

567 933 778 1013 apibus
826 933 1158 994 volantibus
1205 933 1564 1013 loqueretur.
1632 952 1778 994 nare
1824 940 1912 993 est
1954 942 2183 1002 natare,
2234 933 2391 1011 quod
2438 952 2577 994 vero
2625 943 2712 994 est
2756 934 2937 994 navis.
3007 935 3152 993 istae
3180 948 3206 987 5

568 1037 913 1115 reciprocae
972 1044 1139 1105 sunt,
1199 1037 1470 1113 quotiens
1527 1055 1590 1096 se
1650 1037 1999 1114 respiciunt.
2090 1036 2273 1115 partis
2328 1037 2503 1097 unius
2547 1043 2710 1106 sunt,
2761 1037 3037 1112 quotiens
3080 1034 3154 1094 ah

566 1156 681 1199 una
727 1147 895 1217 parte
941 1138 1383 1206 transferimuS,
1423 1137 1496 1197 ab
1529 1155 1642 1198 una
1676 1155 1816 1197 vero
1864 1156 1981 1197 non
2027 1155 2359 1216 possumus,
2418 1137 2703 1198 hahemus
2746 1138 2803 1197 in
2838 1136 3153 1198 Miloniana

569 1240 900 1320 ‘quidem
957 1248 1256 1300 ceteras
1313 1247 1802 1319 tempestates
1858 1247 1928 1300 et
1983 1238 2367 1319 procellas
2423 1241 2495 1300 in
2551 1238 2710 1300 illis
2777 1240 3157 1300 dumtaxat

569 1341 933 1403 fluctibus
987 1344 1423 1402 contionum
1481 1361 1770 1421 semper
1825 1344 2077 1422 putavi
2133 1341 2385 1403 Miloni
2447 1352 2608 1402 'esse
2673 1341 3153 1402 subeundas'.

569 1452 948 1524 tempestates
1003 1443 1292 1523 procellas
1351 1443 1590 1513 ssuctuS,
1651 1452 1838 1513 totum
1896 1443 2010 1504 hoc
2066 1445 2244 1504 maris
2300 1453 2417 1514 est,
2477 1453 2535 1505 et
2580 1442 2880 1504 transtulit
2922 1443 2992 1503 ad
3042 1445 3153 1503 vim
3186 1458 3235 1495 ιο

570 1546 775 1626 populi
821 1555 880 1606 et
921 1545 1257 1606 seditiones,
1351 1566 1405 1629 e¹
1442 1548 1744 1607 contrario
1807 1564 1926 1606 non
1972 1564 2283 1625 possumus
2326 1565 2550 1626 ponere
2596 1564 2626 1605 a
2674 1545 2891 1625 populo
2936 1545 3010 1605 ad
3056 1564 3156 1625 pe-

571 1648 756 1726 lagus
821 1646 1100 1726 numquid
1151 1649 1308 1707 enim
1353 1667 1667 1727 possumus
1712 1648 1913 1708 dicere
1959 1647 2124 1709 ‘talis
2170 1655 2493 1727 tempestas
2537 1647 2741 1728 populi
2789 1649 2921 1717 suit,
2971 1646 3159 1727 qualis

571 1750 784 1810 seditio
832 1751 1083 1819 maris’?
1130 1757 1327 1810 tamen
1374 1750 1592 1810 Statius
1639 1749 1884 1811 demens
1929 1750 2075 1809 dixit
2118 1750 2467 1811 seditionem
2518 1748 2702 1829 [rogi]
2752 1751 2946 1810 maris,

740 1850 1112 1914 Catachresis
1159 1860 1248 1912 est
1293 1853 1596 1931 usurpatio
1643 1851 1822 1912 alieni
1868 1854 2151 1919 nominis:
2199 1854 2278 1911 ita
2326 1851 2563 1912 delinita
2596 1860 2705 1912 est.
2769 1860 2910 1930 puta
2955 1852 3158 1911 nescio

573 1956 670 2032 qui
717 1953 901 2015 lilium
945 1972 1114 2014 suum
1162 1953 1405 2024 occidit,
1453 1954 1668 2016 dicitur
1715 1954 2043 2033 parricida3
2094 1956 2296 2014 nescio
2343 1955 2437 2032 qui
2488 1961 2738 2015 matrem
2788 1971 2954 2013 suam
3000 1955 3155 2013 occi·
3185 1968 3236 2009 ιε’,

571 2056 685 2126 dit,
735 2057 949 2117 dicitur
995 2055 1321 2135 parricida;
1369 2074 1667 2124 sororem,
1716 2055 1934 2117 dicitur
1979 2056 2273 2135 parricida
2322 2052 2651 2136 [usurpatio
2699 2065 2789 2115 est
2832 2056 3008 2116 alieni
3055 2074 3160 2115 no-

573 2157 791 2239 minis].
884 2176 1239 2237 quamquam
1299 2157 1550 2218 voluerit
1606 2158 1814 2219 Cicero
1872 2159 2071 2218 lacere
2125 2157 2572 2219 discretionem:
2651 2154 2897 2237 hafhetis
2954 2160 3015 2218 in
3061 2157 3159 2218 illa

573 2262 840 2321 oratione
872 2258 945 2319 de
976 2259 1152 2321 domo
1184 2279 1289 2322 sua
1338 2259 1765 2320 ‘matricida
1817 2259 2211 2320 fratricida
2258 2260 2739 2321 sororicida'.
2803 2277 3158 2340 quamquam

575 2372 632 2424 et
677 2365 932 2424 maiores
977 2363 1164 2423 nostri
1209 2361 1522 2423 voluerunt
1578 2361 1736 2422 aliud
1787 2380 1919 2422 esse
1975 2362 2348 2440 parricidam.
2413 2360 2734 2440 [parricida
2783 2369 2870 2422 est
2911 2364 3013 2439 ‚qui
3059 2380 3160 2441 pa-

573 2475 806 2527 rentem
838 2464 1072 2525 occidit.
1134 2482 1269 2525 nam
1315 2448 1539 2524 idcirco
1585 2463 1806 2524 dictum
1855 2470 1945 2523 est
1987 2465 2066 2523 ita
2100 2462 2292 2523 addita
2338 2483 2451 2524 una
2497 2463 2691 2524 littera
2737 2483 2795 2534 r,
2845 2464 3158 2543 parricida,
3187 2480 3240 2518 20

574 2568 732 2648 quod
790 2576 1095 2647 parentem
1136 2564 1506 2646 interimat]
1597 2564 1752 2644 apud
1818 2567 2074 2625 maiores
2129 2567 2282 2625 enim
2341 2572 2573 2626 nostros
2640 2565 2964 2626 homicidas
3025 2584 3161 2626 raro

573 2670 827 2747 legistiS,
889 2667 1214 2747 parricidas
1270 2676 1465 2729 autem
1523 2686 1778 2747 semper.
1865 2666 2087 2727 idcirco
2134 2669 2308 2729 etiam
2354 2668 2679 2746 parricidas
2725 2670 2945 2747 patriae
2981 2679 3161 2727 ¹voca-

574 2791 707 2834 mus
751 2772 851 2851 qui
899 2772 1059 2831 cives
1105 2771 1471 2832 interimunt.
1547 2771 1835 2849 piscinam
1883 2769 2163 2839 dicimus,
2212 2768 2311 2830 ubi
2355 2772 2547 2850 pisces
2593 2788 2710 2831 non
2757 2780 2913 2831 sunt.
2992 2789 3162 2831 usur-

576 2877 733 2955 patio
794 2882 886 2935 est
942 2873 1118 2934 alieni
1174 2874 1444 2933 nominis.
1536 2871 1684 2933 haec
1741 2874 1929 2932 enim⁷
1964 2890 2061 2932 res
2127 2872 2382 2933 alienum
2441 2890 2656 2933 nomen
2719 2871 2922 2942 habet,
2990 2892 3159 2934 suum

575 2995 694 3037 non
741 2975 937 3036 habet.
1511 3053 1515 3057 ι
1552 3043 1560 3054 ,
1847 2975 1858 2986 “
3187 2991 3241 3030 25

744 3077 1143 3157 Metalempsis
1175 3086 1262 3137 est
1307 3095 1364 3136 e,
1411 3077 1521 3137 iste
1554 3085 1762 3155 tropus
1797 3075 2283 3154 frequentabatur
2313 3077 2466 3155 apud
2500 3085 2723 3156 poetas,
2760 3077 3163 3157 metalempsis

577 3180 791 3241 dicitur
836 3198 1111 3242 accessus
1157 3177 1391 3255 quidam
1438 3178 1724 3254 gradatim
1773 3180 2127 3257 perveniens
2172 3178 2243 3238 ad
2292 3182 2499 3247 linem,
2560 3179 2663 3240 sed
2713 3178 2889 3258 longo
2934 3180 3160 3249 ordine,

581 3291 646 3342 ut
689 3284 740 3341 si
785 3281 945 3341 dicas

881 3391 1047 3463 post
1091 3382 1386 3458 aliquot
1430 3400 1580 3442 mea
1627 3401 1850 3460 regna
1899 3382 2151 3449 videns
2195 3381 2523 3444 mirabor
2569 3385 2858 3445 aristas,

576 3504 683 3565 per
739 3485 954 3546 aristas
1011 3487 1243 3562 segetes
1299 3484 1616 3561 significat,
1677 3504 1786 3563 per
1840 3491 2071 3562 segetes
2126 3492 2408 3554 aestateS,
2476 3503 2585 3564 per
2639 3491 2889 3546 aestates
2944 3502 3243 3554 annos330

578 3605 720 3665 ergo
769 3595 907 3666 post
952 3585 1173 3665 aliquot
1217 3587 1454 3653 aristas,
1504 3584 1562 3644 id
1611 3595 1701 3645 est
1747 3593 1880 3665 post
1923 3585 2143 3666 aliquot
2186 3605 2390 3646 annos,
2482 3585 2882 3666 metalempsis
2926 3587 3161 3657 dicitur,

577 3689 731 3769 quod
789 3688 1079 3765 gradatim
1134 3688 1516 3765 pervenimus
1571 3686 1643 3747 ad
1698 3686 1948 3764 aliquid,
2009 3706 2183 3767 quem
2231 3688 2303 3747 ad
2351 3687 2588 3749 modum
2635 3690 2776 3749 item
2824 3688 3005 3750 hahes
3049 3689 3163 3750 alio

578 3789 708 3850 loco
756 3788 1178 3868 ‘speluncis
1224 3787 1518 3848 abdidit
1563 3791 1809 3848 atris’.
1898 3809 2005 3869 per
2052 3798 2207 3849 atras
2260 3790 2577 3869 speluncas
2622 3789 3054 3860 tenebricosaS‚
3102 3792 3162 3850 id

718 4031 750 4078 2
790 4025 980 4093 volare]
1024 4029 1094 4091 cf.
1129 4029 1273 4077 Serv.
1315 4029 1364 4076 in
1403 4029 1562 4092 Very.
1603 4029 1736 4079 Aen.
1781 4030 1795 4076 Ι
1834 4029 1934 4079 224
1977 4043 2114 4077 mare
2154 4027 2426 4079 velivolum
2533 4031 2563 4078 4
2604 4029 2668 4077 ad
2706 4044 2829 4078 aues
2867 4037 3039 4079 natare
3074 4045 3167 4094 per

580 4113 699 4149 aera
736 4109 908 4148 natare
943 4109 1019 4148 est
1054 4106 1260 4147 naturae
1296 4112 1424 4161 quac
1462 4113 1581 4146 uero
1618 4107 1694 4147 est
1736 4100 1883 4147 nauis
1922 4098 1967 4147 P
2080 4094 2226 4233 aare}
2274 4101 2430 4163 Ver-9.
2460 4114 2634 4164 yeory.
2678 4100 2762 4148 llll
2802 4100 2869 4150 59
2978 4101 3011 4149 5
3046 4115 3164 4149 nare

579 4181 628 4219 et
665 4177 838 4218 natare
873 4167 974 4217 BS
1112 4168 1145 4218 6
1175 4183 1229 4216 se
1268 4167 1518 4232 recipiunt
1555 4167 1605 4215 P
1774 4169 1805 4216 7
1836 4169 1885 4216 in
1927 4167 2201 4218 Miloniana
2266 4172 2316 4229 ⁶2,
2352 4169 2383 4218 5
2540 4168 2572 4218 8
2610 4168 2811 4231 quidem
2848 4185 2940 4219 om.
2981 4169 3031 4218 P

586 4239 648 4290 13
680 4236 894 4304 Statius]
955 4237 1108 4290 Theb.
1148 4238 1282 4287 Vllll
1331 4238 1428 4288 142
1477 4238 1727 4287 seditione
1762 4239 1914 4287 maris
2057 4238 2164 4303 rogi
2202 4253 2291 4287 om.
2318 4239 2395 4300 B,
2435 4239 2557 4291 add.
2586 4237 2615 4286 ὁ
2761 4240 2823 4289 14
2861 4238 3166 4288 catachresis

580 4318 657 4359 est
697 4310 960 4372 usurpatio
991 4309 1040 4357 P
1071 4307 1376 4356 catachresis
1414 4307 1597 4357 dicitur
1630 4310 1896 4376 usurpatio
1934 4309 1976 4357 G
2008 4307 2315 4357 catachresis
2343 4308 2604 4372 usurpatio
2633 4307 2734 4358 BS
2843 4309 2903 4359 15
2940 4309 3167 4375 paricida

578 4420 870 4462 constanter
897 4413 938 4462 G
1069 4411 1129 4462 18
1164 4411 1405 4461 orationis
1437 4411 1561 4462 RS.-
1594 4389 1823 4461 oratione
1861 4389 2075 4472 domum}
2110 4415 2185 4463 P.-
2226 4413 2328 4462 Cic.
2367 4413 2432 4461 cle
2465 4412 2609 4463 domo
2643 4427 2739 4462 sua
2769 4413 2851 4475 10,
2890 4413 2958 4463 26
3103 4413 3167 4463 19

581 4483 800 4534 maiores
835 4482 990 4533 nostri
1027 4481 1099 4530 P:
1141 4480 1297 4531 nostri
1328 4497 1420 4535 om.
1454 4482 1605 4531 BOS
1743 4482 1885 4531 aliud
1912 4498 2026 4532 esse
2063 4483 2364 4547 parricidam
2404 4482 2482 4532 ch
2520 4482 2655 4531 aliud
2693 4498 2807 4532 esse
2844 4483 3095 4549 parricida
3121 4482 3171 4529 P

581 4553 717 4602 aliud
757 4568 872 4603 esse
910 4552 1234 4617 parricidium
1261 4550 1362 4599 BS
1467 4553 1552 4614 qui
1584 4563 1839 4619 parentem
1878 4554 2059 4603 occidit
2089 4568 2202 4602 nam
2240 4553 2289 4602 P
2321 4553 2404 4615 qui
2438 4562 2630 4616 patrem
2672 4555 2858 4603 occidit
2892 4555 2991 4603 iam
3019 4552 3169 4601 BOS

718 4623 787 4673 20
825 4623 1012 4672 idcirco
1059 4621 1244 4671 dieitur
1286 4623 1515 4689 paricida
1552 4624 1619 4672 ita
1658 4624 1830 4672 addita
1879 4638 1979 4672 una
2017 4624 2183 4673 littera
2219 4639 2244 4671 r
2281 4622 2415 4685 quod
2455 4623 2496 4670 C
2634 4623 2696 4673 21
2739 4622 3023 4672 homicidas
3060 4622 3170 4671 BP

581 4692 878 4743 liomocidas
917 4691 1009 4743 OS
1110 4693 1177 4742 24
1215 4707 1396 4742 nomen
1437 4692 1588 4742 habet
1621 4692 1697 4758 (et
1727 4693 1850 4746 add.
1886 4693 1952 4756 G)
1987 4708 2134 4743 suum
2169 4707 2268 4743 nou
2306 4692 2457 4741 hahet
2483 4692 2560 4741 Cb
2599 4708 2781 4742 nomeu
2806 4693 2984 4743 habuit
3021 4707 3164 4742 suum

583 4778 681 4812 uon
719 4763 896 4812 habuit
921 4763 1022 4812 BS
1056 4776 1236 4812 nomeu
1277 4761 1451 4812 habuit
1484 4778 1631 4814 suum
1677 4778 1777 4814 non
1822 4763 1968 4814 habet
2015 4765 2059 4813 P
2196 4762 2264 4813 29
2289 4760 2423 4829 post]
2473 4764 2629 4828 Ver-9,
2669 4763 2830 4816 bucol.
2872 4765 2929 4827 1,
2962 4764 3030 4812 70

581 4832 649 4881 :³3
692 4829 971 4900 speluncis]
1023 4834 1179 4896 Vera.
1212 4833 1343 4884 Aen.
1377 4834 1389 4881 l
1421 4832 1490 4882 60
