3541 5564
1549 359 1690 421 ARS
2841 363 2925 427 53

2534 485 2576 524 p.
2609 474 2725 512 1909.
2757 476 2802 512 10
2831 472 2875 511 Ρ.

346 549 458 609 bic
502 547 803 609 inflexit
848 553 1167 608 sensus’.
1208 546 1216 625 Ι
1258 582 1337 591 -
1384 547 1523 607 ldeo
1568 548 1628 608 in
1659 548 1941 632 singulari
1973 568 2222 609 numero
2252 552 2441 630 prima
2473 570 2723 631 persona
2758 572 2925 613 voca-
2950 565 3067 626 380,
3090 567 3153 617 27

343 653 520 713 tivum
568 670 687 712 non
733 649 939 718 habet,
987 652 1124 729 quia
1155 651 1283 730 ipse
1313 670 1377 710 se
1410 669 1583 710 nemo
1614 656 1799 711 vocat.
1840 686 1912 694 -—
1961 651 2043 710 Vt
2086 670 2335 713 eccum
2383 672 2657 723 eccam,
2709 653 2923 715 ellum
2949 668 3010 717 31

341 751 592 823 ellam,
640 754 851 814 cuius
895 754 1062 813 cuia
1109 755 1350 813 cuium
1396 748 1697 813 cuiatis:
1746 754 1855 813 ista
1904 755 2099 814 omnia
2146 752 2412 815 anomala
2459 763 2622 825 sunt,
2671 775 2789 816 non
2822 755 2923 817 de·

338 850 651 917 clinantur.
701 873 833 915 nam
883 854 1159 915 ‘cuium
1205 861 1466 934 pecns'
1513 857 1834 917 auctoritas
1864 858 2274 936 praesumpsit.
2309 892 2389 901 —-
2421 856 2507 918 Et
2551 860 2919 928 vocativo,
2947 874 3012 921 32

286 966 404 1018 sut
450 960 592 1020 sui:
651 957 973 1018 notandum
1021 976 1096 1017 ne
1141 958 1249 1019 ista
1296 959 1647 1038 pronomina
1696 960 1856 1036 quasi
1906 960 2228 1038 possessiva
2274 958 2708 1038 intellegantur.
2788 979 2921 1039 pos-

272 1044 280 1059 *
334 1062 613 1121 sessivum
644 1062 726 1120 ita
773 1058 1132 1129 declinatur,
1180 1080 1326 1121 suus
1369 1061 1456 1121 sui
1502 1080 1612 1121 suo
1657 1080 1829 1121 suum
1877 1080 1911 1120 o
1943 1079 2048 1122 sue
2093 1080 2125 1121 a
2170 1080 2306 1129 suo:
2355 1061 2469 1121 hoc
2514 1080 2653 1122 vero
2700 1064 2774 1123 ita
2821 1063 2920 1123 ‹le-

333 1162 617 1255 oli-natur,
665 1163 759 1223 sui
803 1161 916 1222 sibi
963 1180 1026 1222 se
1072 1169 1131 1221 et
1173 1183 1207 1223 a
1237 1182 1321 1226 se.
1374 1162 1500 1223 sed
1551 1163 1707 1233 vide,
1757 1170 2040 1241 quantum
2087 1163 2383 1243 discrepat
2426 1166 2580 1223 inter
2626 1162 2738 1223 hoc
2782 1182 2919 1242 pro-

335 1284 545 1326 nomen
594 1273 650 1325 et
682 1265 1112 1344 possessivum:
1161 1264 1275 1325 hoc
1305 1267 1383 1325 ita
1415 1265 1732 1326 dicendum
1765 1273 1882 1334 est,
1932 1267 2063 1326 ‘sui
2094 1282 2266 1326 causa
2301 1265 2494 1336 lacit’,
2543 1265 2676 1326 dico
2709 1274 2767 1326 et
2798 1268 2914 1327 ‘sui

329 1385 501 1427 cansa
544 1368 879 1434 fecerunt';
940 1365 1162 1427 ideirco
1209 1375 1267 1427 et
1322 1368 1652 1428 communis
1697 1376 1784 1428 est
1835 1368 2090 1428 numeri.
2122 1401 2208 1411 -—
2236 1367 2400 1429 lnter
2431 1386 2639 1429 omnes
2671 1376 2729 1428 et
2759 1378 2911 1429 totos
2937 1383 3052 1444 381,
3080 1386 3111 1431 9

256 1488 300 1523 ιο
327 1466 463 1549 quid
511 1470 796 1530 interest?
843 1470 1037 1530 omnis
1079 1477 1277 1548 potest
1321 1488 1450 1530 esse
1494 1488 1626 1530 cum
1675 1468 1903 1538 multis:
1952 1477 2108 1529 totns
2150 1476 2347 1549 potest
2387 1468 2548 1532 solus
2593 1489 2738 1532 esse.
2802 1470 2918 1552 [di-

328 1579 469 1632 cunt
512 1570 613 1631 alii
658 1572 855 1632 facere
899 1571 998 1632 hic
1042 1579 1253 1633 neuter
1296 1572 1470 1632 huius
1508 1574 1517 1650 Ι
1558 1571 1807 1653 neutri.]

494 1673 701 1733 lnter
744 1675 1185 1754 pronomina
1242 1683 1309 1735 et
1366 1674 1734 1735 articulos
1790 1674 1928 1735 hoc
1983 1676 2334 1736 interest:
2394 1677 2743 1754 pronomina
2791 1676 2971 1738 sola4

322 1775 713 1837 declinantur.
790 1774 1072 1837 articulos
1102 1777 1312 1838 Graeci
1343 1779 1402 1838 in
1438 1776 1778 1838 nominibus
1806 1777 2059 1846 habent,
2095 1778 2294 1858 nosin
2327 1776 2794 1855 pronominibus.
2859 1785 2917 1837 ct

321 1878 559 1939 articuli
607 1886 729 1939 tres
773 1879 1234 1957 significationes
1280 1879 1529 1947 babent:
1598 1886 1656 1939 et
1710 1880 2058 1958 pronomina
2120 1880 2397 1940 dicuntur
2454 1887 2512 1939 et
2567 1879 2800 1940 articuli
2857 1888 2915 1940 et

250 1996 294 2036 15
323 1980 884 2041 demonstrationes,
919 2016 996 2025 -
1031 1982 1477 2043 Pronomina
1514 2001 1591 2042 ea
1621 1990 2015 2061 putantur,
2064 2000 2244 2060 qnae
2273 1977 2301 2064 ΙΙ
2332 1999 2492 2041 cum
2524 1981 2680 2042 sola
2714 1989 2908 2043 sunt:

316 2083 422 2142 sed
471 2091 613 2144 tunc
659 2083 792 2143 dico
838 2103 965 2144 esse
1010 2086 1391 2163 pronomina,
1453 2103 1589 2145 cnm
1636 2091 1845 2144 carent
1888 2082 2182 2152 articulis;
2238 2082 2427 2144 sicubi
2473 2100 2605 2143 cum
2651 2083 2914 2144 articulis

314 2186 544 2246 suerint
589 2184 908 2256 declinata,
959 2189 1197 2247 nomina
1245 2186 1641 2267 nuncupanda
1684 2194 1844 2247 sunt.
1888 2218 1970 2228 —
2014 2184 2339 2265 Vterque
2395 2192 2571 2245 sunt
2614 2187 2734 2264 qui
2781 2204 2908 2246 no·
2939 2202 2968 2247 9

315 2289 542 2358 mina,
601 2296 773 2348 sunt
831 2290 953 2368 qni
1008 2290 1442 2369 pronomina
1500 2290 1962 2349 existiment:
2030 2289 2166 2367 quia
2212 2306 2331 2348 non
2377 2288 2516 2348 facit
2558 2286 2655 2346 hic
2700 2296 2911 2349 neuter

313 2389 496 2451 huius
542 2392 771 2461 neutri,
817 2392 969 2452 sicut
1017 2393 1210 2452 omnis
1255 2391 1340 2451 sic
1386 2390 1601 2451 dubiae
1645 2389 1919 2450 similiter
1963 2408 2291 2469 pronomen
2338 2389 2387 2449 si
2432 2387 2711 2451 articulos
2756 2392 2908 2450 acci·

235 2514 284 2548 -υ
308 2494 405 2572 pit
449 2511 668 2553 nomen
715 2499 830 2563 est,
878 2493 974 2554 bic
1017 2501 1257 2562 neuter:
1306 2497 1363 2554 si
1400 2510 1517 2553 non
1563 2495 1815 2569 accipit,
1874 2493 1938 2552 fit
1990 2510 2318 2572 pronomen
2380 2488 2512 2571 [sed
2557 2492 2688 2568 quis
2731 2500 2912 2571 ponat

310 2593 742 2676 articulum?]:
789 2596 869 2655 ita
916 2603 973 2656 et
1016 2615 1241 2657 omnes,
1302 2614 1417 2656 non
1465 2595 1741 2656 omnibus
1787 2593 2239 2675 pronominibus
2284 2594 2606 2671 iunguntur
2637 2592 2905 2674 articuli!

309 2716 452 2759 nam
500 2715 678 2757 nemo
726 2697 870 2758 dicit
914 2697 1010 2758 hic
1054 2700 1103 2759 is
1148 2705 1207 2758 et
1249 2698 1396 2758 haec
1443 2716 1510 2758 ea
1558 2706 1616 2758 et
1658 2697 1773 2758 hoc
1817 2697 1898 2757 id.
1944 2731 2026 2740 -
2057 2696 2174 2756 Pro
2206 2693 2470 2756 articulis
2503 2703 2643 2755 tunc
2673 2711 2963 2774 pennu-4

312 2809 428 2870 tnr,
485 2800 726 2878 quando
772 2803 1177 2882 corripiuntur
1223 2809 1281 2861 et
1325 2801 1664 2862 nominibus
1708 2803 1906 2861 iuncta
1951 2800 2201 2867 fuerint:
2249 2817 2357 2879 pro
2402 2797 2907 2859 demonstratione

307 2910 490 2971 tnnc,
562 2903 800 2982 quando
868 2904 1279 2983 producuntur
1337 2912 1394 2964 et
1448 2903 1723 2964 adverbia
1783 2903 2008 2963 faciunt
2064 2900 2198 2961 loci.
2245 2933 2330 2945 ——
2372 2899 2525 2959 lstae
2583 2899 2963 2979 particulaeo

231 3026 280 3064 ετ»
307 3005 534 3065 dubiae
566 3012 733 3074 sunt,
777 3012 976 3066 utrum
1008 3008 1357 3085 pronomina
1390 3007 1507 3068 sint
1537 3025 1609 3067 an
1642 3008 1901 3067 nomina.
1981 3003 2136 3065 unde
2167 3005 2353 3082 magis
2383 3003 2620 3062 nomina
2653 3001 2903 3063 dicenda

303 3114 483 3176 sunt,
534 3107 671 3183 quia
717 3109 1047 3187 iunguntur
1090 3107 1184 3170 his
1230 3108 1493 3179 articuli,
1554 3111 1708 3186 sicut
1752 3107 2030 3169 omnibus
2073 3104 2415 3167 nominibus
2461 3111 2520 3164 et
2563 3105 2674 3165 rite
2721 3102 2900 3164 decli·

304 3218 570 3280 nantur,
617 3208 678 3269 id
725 3217 817 3270 est
862 3218 1073 3271 neuter
1119 3217 1254 3271 uter
1300 3213 1492 3273 omnis
1535 3211 1684 3272 alter
1729 3209 1879 3272 alius
1923 3209 2096 3270 ambo
2140 3217 2413 3285 uterque.

670 3399 685 3427 ¹
1408 3382 1505 3443 DE
1549 3382 1799 3444 VERBO

483 3497 748 3559 Verbum
793 3498 1015 3560 dictum
1062 3519 1093 3560 a
1140 3500 1449 3561 verberato
1495 3507 1661 3572 aere,
1711 3501 1868 3579 qnod
1901 3507 2062 3561 motu
2096 3500 2160 3558 fit
2188 3496 2453 3575 linguae,
2499 3496 2602 3557 sed
2649 3504 2707 3557 et
2751 3494 2898 3557 aliae

226 3624 275 3663 ³0
302 3609 511 3682 partes
555 3601 640 3661 sic
686 3605 851 3662 liunt.
930 3602 1034 3663 sed
1089 3601 1224 3663 ideo
1282 3603 1428 3664 haec
1472 3622 1608 3683 pars
1652 3605 1736 3664 sic
1784 3604 1999 3663 dicitnr
2044 3601 2313 3681 proprie,
2373 3601 2510 3678 quia
2554 3598 2898 3678 principalis

301 3711 393 3765 est
437 3703 672 3764 etfacit
718 3703 1128 3767 elocutionem.
1170 3739 1255 3750 —
1300 3705 1562 3778 Qualitas
1606 3708 1668 3766 in
1714 3704 1906 3766 modis
1950 3711 2010 3765 et
2051 3705 2113 3764 in
2157 3702 2390 3763 formis:
2454 3700 2791 3781 coniugatio
2835 3701 2896 3761 ln

438 3943 569 3996 God.
601 3943 763 3993 Beru.
795 3944 934 3993 Vllll
973 3942 1180 3996 2-3*.
1288 3946 1322 3994 2
1355 3956 1410 3995 nt
1443 3954 1606 3996 etcum
1648 3945 1845 3996 etcuius
1879 3951 2042 3994 etcum
2080 3942 2260 3993 cuiatis
2287 3951 2458 3988 ereum
2498 3938 2658 4001 (corr.
2696 3940 2896 4005 eccum)

299 4016 465 4064 eteuia
505 4013 674 4063 etcuia
710 4013 863 4063 ellum
897 4014 1046 4064 ellam
1084 4017 1304 4065 eteniam
1335 4016 1516 4068 cuiatis
1554 4018 1651 4066 ista
1792 4016 1826 4066 6
1862 4012 2009 4081 suns]
2047 4029 2135 4064 sus
2242 4027 2270 4061 ο
2309 4005 2421 4073 sue]
2455 4023 2548 4057 sue
2583 4023 2612 4058 o
2721 4011 2789 4060 20
2812 4010 2896 4060 hic

300 4092 484 4134 neuter
523 4083 579 4131 ῆι
612 4098 710 4133 non
747 4098 1025 4148 pronomen
1166 4085 1232 4133 22
1270 4086 1368 4134 hoc
1404 4086 1482 4135 his
1510 4094 1559 4136 et
1592 4087 1718 4135 haec
1750 4100 1844 4134 aea
1882 4093 1931 4134 et
1967 4085 2062 4134 hoc
2098 4085 2151 4133 id
2255 4080 2323 4132 23
2359 4079 2753 4130 demonstratione

297 4156 365 4204 24
405 4155 602 4204 faciant
630 4167 771 4203 corr.
801 4164 918 4204 -unt
1038 4155 1106 4206 26
1136 4155 1218 4204 his
1245 4155 1476 4206 articulis
1596 4158 1662 4204 27
1700 4154 1834 4220 uter]
1866 4165 2077 4218 uterque
2182 4153 2356 4203 ambas
2467 4146 2537 4198 29
2572 4151 2728 4200 uerbo
2755 4167 2890 4202 corr.

297 4227 368 4274 al.
395 4241 535 4276 man.
576 4223 790 4273 uerbum
932 4232 1074 4275 mutu
1110 4240 1248 4275 corr.
1287 4228 1356 4275 al.
1395 4243 1523 4278 man.
1566 4234 1703 4276 motu
1844 4224 1912 4277 30
1946 4224 2186 4290 propriae
2323 4222 2384 4273 31
2427 4216 2570 4285 facit]
2616 4218 2651 4268 fi

437 4451 473 4499 4
509 4449 682 4498 cuium
718 4445 902 4516 pecus]
956 4450 1113 4516 Ver-9.
1156 4447 1316 4500 bucol.
1354 4448 1404 4511 3,
1439 4450 1463 4500 1
1604 4449 1638 4498 9
1675 4451 1806 4498 inter
1842 4450 2009 4498 omnis
2046 4459 2094 4499 et
2133 4458 2267 4501 totus
2303 4449 2568 4501 Pulsekius
2712 4448 2777 4500 10
2813 4448 2892 4497 di-

300 4528 505 4568 eunt—
527 4521 692 4569 neutri
731 4519 805 4569 ad
829 4535 893 4570 ea
926 4535 1056 4585 quae
1087 4518 1228 4582 infra
1265 4535 1311 4572 v.
1337 4519 1401 4569 18
1438 4521 1502 4568 de
1540 4520 1703 4569 dubia}
1730 4519 2101 4584 pronominibus
2136 4525 2329 4584 scripta
2357 4531 2472 4572 sunt
2505 4521 2746 4570 adnotata
2781 4534 2892 4568 esse

298 4590 536 4640 videntur
684 4590 748 4640 12
787 4591 1014 4653 sortasse
1058 4590 1363 4657 pronomina
1399 4590 1507 4639 sola
1558 4590 1906 4651 declinantur,
1960 4591 2158 4640 articuli
2196 4591 2482 4641 nominibus
2519 4591 2886 4655 adiunguntur,

300 4661 544 4710 articulos
582 4667 681 4710 etc.
826 4659 892 4711 18
931 4661 1163 4710 diversae
1195 4663 1622 4725 yranvnaticorum
1661 4659 1952 4721 sententiae,
1989 4675 2093 4709 cum
2137 4663 2228 4712 alii
2255 4662 2380 4711 haec
2415 4663 2479 4711 de
2512 4660 2685 4725 quihus
2721 4661 2892 4725 uyitur

300 4744 405 4780 cum
431 4732 668 4782 articulis
699 4730 948 4780 declinari
973 4732 1218 4791 dicerent,
1252 4731 1346 4779 alii
1381 4738 1625 4794 negarent
1670 4731 1914 4792 confusae
1948 4739 2078 4781 sune.
2153 4733 2380 4782 videntur
2411 4738 2569 4781 autem
2612 4731 2738 4780 leaeo
2771 4731 2890 4793 fere

298 4802 499 4867 scripta
527 4803 727 4865 fuisse,
774 4801 892 4863 quia
938 4816 1083 4850 nemo
1137 4800 1260 4850 dicit
1309 4799 1392 4848 hic
1431 4810 1606 4850 neuter
1643 4799 1795 4849 huius
1833 4800 1994 4848 neutri
2030 4809 2078 4851 ee
2115 4817 2289 4852 omnes
2328 4803 2454 4851 istae
2499 4809 2668 4867 partes
2705 4801 2889 4851 dubiae

303 4880 421 4920 sunt
454 4873 589 4921 inter
628 4884 811 4920 nomen
851 4879 899 4919 et
936 4884 1244 4938 pronomen:
1280 4881 1452 4920 neuter
1490 4873 1533 4920 si
1559 4870 1797 4920 articulos
1836 4870 2020 4937 accipit
2060 4881 2155 4927 ecc.

1676 5114 1707 5124 ι
