<?xml version="1.0" encoding="UTF-8"?>
<!DOCTYPE html PUBLIC "-//W3C//DTD XHTML 1.0 Transitional//EN"
    "http://www.w3.org/TR/xhtml1/DTD/xhtml1-transitional.dtd">
<html xmlns="http://www.w3.org/1999/xhtml" xml:lang="en" lang="en">
 <head>
  <title>
</title>
<meta http-equiv="Content-Type" content="text/html;charset=utf-8" />
  <meta name='ocr-system' content='tesseract 3.04.00' />
  <meta name='ocr-capabilities' content='ocr_page ocr_carea ocr_par ocr_line ocrx_word'/>
</head>
<body>
  <div class='ocr_page' id='page_1' title='image "./grammaticilatin10keilgoog_0321.png"; bbox 0 0 3541 5564; ppageno 0'>
   <div class='ocr_carea' id='block_1_1' title="bbox 715 1331 2804 1656">
    <p class='ocr_par' dir='ltr' id='par_1_1' title="bbox 715 1331 2804 1656">
     <span class='ocr_line' id='line_1_1' title="bbox 1344 1331 2064 1428; baseline -0.003 0"><span class='ocrx_word' id='word_1_1' title='bbox 1344 1331 2064 1428; x_wconf 80' lang='lat' dir='ltr'><strong>EXCERPTA</strong></span> 
     </span>
     <span class='ocr_line' id='line_1_2' title="bbox 715 1531 2804 1656; baseline -0.001 -34"><span class='ocrx_word' id='word_1_2' title='bbox 715 1540 872 1623; x_wconf 85' lang='lat' dir='ltr'>EX</span> <span class='ocrx_word' id='word_1_3' title='bbox 935 1535 1841 1630; x_wconf 73' lang='lat' dir='ltr'><strong>COMMENTARHS</strong></span> <span class='ocrx_word' id='word_1_4' title='bbox 1907 1531 2030 1620; x_wconf 90' lang='lat' dir='ltr'>IN</span> <span class='ocrx_word' id='word_1_5' title='bbox 2092 1535 2671 1623; x_wconf 81' lang='lat' dir='ltr'><strong>DONATVM</strong></span> <span class='ocrx_word' id='word_1_6' title='bbox 2788 1638 2804 1656; x_wconf 26' lang='lat'>³</span> 
     </span>
    </p>
   </div>
   <div class='ocr_carea' id='block_1_2' title="bbox 1547 1760 1848 1767">
    <p class='ocr_par' dir='ltr' id='par_1_2' title="bbox 1547 1760 1848 1767">
     <span class='ocr_line' id='line_1_3' title="bbox 1547 1760 1848 1767; baseline 0 0"><span class='ocrx_word' id='word_1_7' title='bbox 1547 1760 1848 1767; x_wconf 69' lang='lat'>——-—-—--</span> 
     </span>
    </p>
   </div>
   <div class='ocr_carea' id='block_1_3' title="bbox 579 1888 2988 1976">
    <p class='ocr_par' dir='ltr' id='par_1_3' title="bbox 579 1888 2988 1976">
     <span class='ocr_line' id='line_1_4' title="bbox 579 1888 2988 1976; baseline -0.002 -18"><span class='ocrx_word' id='word_1_8' title='bbox 579 1893 1101 1959; x_wconf 81' lang='lat' dir='ltr'><strong>Commentarius</strong></span> <span class='ocrx_word' id='word_1_9' title='bbox 1159 1892 1228 1956; x_wconf 92' lang='lat' dir='ltr'>in</span> <span class='ocrx_word' id='word_1_10' title='bbox 1271 1891 1607 1956; x_wconf 82' lang='lat' dir='ltr'><strong>Donatum</strong></span> <span class='ocrx_word' id='word_1_11' title='bbox 1660 1891 1921 1955; x_wconf 90' lang='lat' dir='ltr'>nomine</span> <span class='ocrx_word' id='word_1_12' title='bbox 1976 1888 2211 1955; x_wconf 88' lang='lat' dir='ltr'>Iuliani</span> <span class='ocrx_word' id='word_1_13' title='bbox 2265 1889 2569 1955; x_wconf 81' lang='lat' dir='ltr'>Toletani</span> <span class='ocrx_word' id='word_1_14' title='bbox 2634 1890 2988 1976; x_wconf 89' lang='lat' dir='ltr'>inscriptus</span> 
     </span>
    </p>
   </div>
   <div class='ocr_carea' id='block_1_4' title="bbox 415 1990 3113 2080">
    <p class='ocr_par' dir='ltr' id='par_1_4' title="bbox 415 1990 3113 2080">
     <span class='ocr_line' id='line_1_5' title="bbox 415 1990 3113 2080; baseline -0.001 -22"><span class='ocrx_word' id='word_1_15' title='bbox 415 1998 652 2080; x_wconf 81' lang='lat' dir='ltr'>legitur</span> <span class='ocrx_word' id='word_1_16' title='bbox 694 1996 760 2057; x_wconf 89' lang='lat' dir='ltr'>in</span> <span class='ocrx_word' id='word_1_17' title='bbox 807 1995 1028 2060; x_wconf 89' lang='lat' dir='ltr'>codice</span> <span class='ocrx_word' id='word_1_18' title='bbox 1059 1994 1379 2059; x_wconf 86' lang='lat' dir='ltr'>Vaticano</span> <span class='ocrx_word' id='word_1_19' title='bbox 1425 1992 1860 2059; x_wconf 82' lang='lat' dir='ltr'>bibliothecae</span> <span class='ocrx_word' id='word_1_20' title='bbox 1896 1990 2235 2057; x_wconf 83' lang='lat' dir='ltr'>Palatinae</span> <span class='ocrx_word' id='word_1_21' title='bbox 2284 1992 2475 2073; x_wconf 83' lang='lat'>1746,</span> <span class='ocrx_word' id='word_1_22' title='bbox 2522 2016 2606 2056; x_wconf 90' lang='lat' dir='ltr'>ex</span> <span class='ocrx_word' id='word_1_23' title='bbox 2650 2014 2777 2078; x_wconf 87' lang='lat' dir='ltr'>quo</span> <span class='ocrx_word' id='word_1_24' title='bbox 2827 1991 2991 2056; x_wconf 86' lang='lat' dir='ltr'>liber</span> <span class='ocrx_word' id='word_1_25' title='bbox 3110 2030 3113 2039; x_wconf 64' lang='grc'><strong><em>«</em></strong></span> 
     </span>
    </p>
   </div>
   <div class='ocr_carea' id='block_1_5' title="bbox 404 2094 3000 4937">
    <p class='ocr_par' dir='ltr' id='par_1_5' title="bbox 404 2094 3000 4937">
     <span class='ocr_line' id='line_1_6' title="bbox 412 2094 2993 2177; baseline -0.002 -16"><span class='ocrx_word' id='word_1_26' title='bbox 412 2098 626 2162; x_wconf 85' lang='lat' dir='ltr'>editus</span> <span class='ocrx_word' id='word_1_27' title='bbox 695 2108 797 2162; x_wconf 86' lang='lat' dir='ltr'>est</span> <span class='ocrx_word' id='word_1_28' title='bbox 847 2097 1096 2162; x_wconf 88' lang='lat' dir='ltr'>Romae</span> <span class='ocrx_word' id='word_1_29' title='bbox 1150 2120 1209 2161; x_wconf 87' lang='lat' dir='ltr'>a.</span> <span class='ocrx_word' id='word_1_30' title='bbox 1260 2096 1419 2160; x_wconf 84' lang='lat'>1797</span> <span class='ocrx_word' id='word_1_31' title='bbox 1477 2094 1625 2177; x_wconf 88' lang='lat' dir='ltr'>fol.‚</span> <span class='ocrx_word' id='word_1_32' title='bbox 1690 2099 1906 2159; x_wconf 73' lang='lat' dir='ltr'>Sancti</span> <span class='ocrx_word' id='word_1_33' title='bbox 1954 2099 2185 2158; x_wconf 88' lang='lat' dir='ltr'>Iuliani</span> <span class='ocrx_word' id='word_1_34' title='bbox 2235 2101 2500 2173; x_wconf 81' lang='lat' dir='ltr'>episcopi</span> <span class='ocrx_word' id='word_1_35' title='bbox 2558 2098 2824 2157; x_wconf 86' lang='lat' dir='ltr'>Toletani</span> <span class='ocrx_word' id='word_1_36' title='bbox 2887 2114 2993 2157; x_wconf 87' lang='lat' dir='ltr'>ars</span> 
     </span>
     <span class='ocr_line' id='line_1_7' title="bbox 405 2201 2990 2287; baseline -0.001 -25"><span class='ocrx_word' id='word_1_37' title='bbox 405 2206 807 2278; x_wconf 65' lang='lat' dir='ltr'>⁸orammatica</span> <span class='ocrx_word' id='word_1_38' title='bbox 830 2206 1075 2287; x_wconf 28' lang='lat' dir='ltr'>poetica·</span> <span class='ocrx_word' id='word_1_39' title='bbox 1093 2214 1149 2266; x_wconf 87' lang='lat' dir='ltr'>et</span> <span class='ocrx_word' id='word_1_40' title='bbox 1175 2203 1477 2262; x_wconf 80' lang='lat' dir='ltr'>rhetorica</span> <span class='ocrx_word' id='word_1_41' title='bbox 1507 2219 1540 2261; x_wconf 91' lang='lat' dir='ltr'>e</span> <span class='ocrx_word' id='word_1_42' title='bbox 1568 2203 1927 2261; x_wconf 75' lang='lat' dir='ltr'>membranis</span> <span class='ocrx_word' id='word_1_43' title='bbox 1955 2202 2214 2275; x_wconf 78' lang='lat' dir='ltr'>antiquis</span> <span class='ocrx_word' id='word_1_44' title='bbox 2243 2201 2621 2261; x_wconf 75' lang='lat' dir='ltr'>bibliothecae</span> <span class='ocrx_word' id='word_1_45' title='bbox 2659 2202 2990 2260; x_wconf 81' lang='lat' dir='ltr'>Vaticano—</span> 
     </span>
     <span class='ocr_line' id='line_1_8' title="bbox 413 2303 2992 2381; baseline -0.002 -16"><span class='ocrx_word' id='word_1_46' title='bbox 413 2307 732 2366; x_wconf 82' lang='lat' dir='ltr'>I&#39;alatinae</span> <span class='ocrx_word' id='word_1_47' title='bbox 775 2324 934 2367; x_wconf 88' lang='lat' dir='ltr'>nunc</span> <span class='ocrx_word' id='word_1_48' title='bbox 973 2308 1230 2381; x_wconf 83' lang='lat' dir='ltr'>primum</span> <span class='ocrx_word' id='word_1_49' title='bbox 1276 2307 1337 2364; x_wconf 87' lang='lat' dir='ltr'>in</span> <span class='ocrx_word' id='word_1_50' title='bbox 1380 2307 1570 2365; x_wconf 87' lang='lat' dir='ltr'>lucem</span> <span class='ocrx_word' id='word_1_51' title='bbox 1612 2305 1797 2364; x_wconf 87' lang='lat' dir='ltr'>edita.</span> <span class='ocrx_word' id='word_1_52' title='bbox 1886 2305 2223 2363; x_wconf 87' lang='lat' dir='ltr'>auctarium</span> <span class='ocrx_word' id='word_1_53' title='bbox 2267 2304 2574 2363; x_wconf 86' lang='lat' dir='ltr'>voluminis</span> <span class='ocrx_word' id='word_1_54' title='bbox 2616 2303 2704 2362; x_wconf 92' lang='lat' dir='ltr'>II.</span> <span class='ocrx_word' id='word_1_55' title='bbox 2741 2311 2992 2378; x_wconf 88' lang='lat' dir='ltr'>patrum</span> 
     </span>
     <span class='ocr_line' id='line_1_9' title="bbox 420 2406 2998 2484; baseline -0.001 -16"><span class='ocrx_word' id='word_1_56' title='bbox 420 2409 851 2470; x_wconf 86' lang='lat' dir='ltr'>Toletanorum.</span> <span class='ocrx_word' id='word_1_57' title='bbox 910 2425 1094 2484; x_wconf 83' lang='lat' dir='ltr'>opera</span> <span class='ocrx_word' id='word_1_58' title='bbox 1138 2410 1490 2468; x_wconf 87' lang='lat' dir='ltr'>auctoritate</span> <span class='ocrx_word' id='word_1_59' title='bbox 1530 2415 1588 2466; x_wconf 88' lang='lat' dir='ltr'>et</span> <span class='ocrx_word' id='word_1_60' title='bbox 1628 2409 1907 2482; x_wconf 73' lang='lat' dir='ltr'>expensis</span> <span class='ocrx_word' id='word_1_61' title='bbox 1947 2406 2387 2465; x_wconf 78' lang='lat' dir='ltr'>eminentissimi</span> <span class='ocrx_word' id='word_1_62' title='bbox 2426 2406 2652 2465; x_wconf 82' lang='lat' dir='ltr'>domini</span> <span class='ocrx_word' id='word_1_63' title='bbox 2677 2407 2998 2465; x_wconf 85' lang='lat' dir='ltr'>Francisci</span> 
     </span>
     <span class='ocr_line' id='line_1_10' title="bbox 411 2507 2995 2584; baseline -0.002 -13"><span class='ocrx_word' id='word_1_64' title='bbox 411 2513 741 2571; x_wconf 83' lang='lat' dir='ltr'>cardinalis</span> <span class='ocrx_word' id='word_1_65' title='bbox 796 2512 871 2571; x_wconf 86' lang='lat' dir='ltr'>de</span> <span class='ocrx_word' id='word_1_66' title='bbox 913 2511 1274 2572; x_wconf 72' lang='lat' dir='ltr'>lorenzana</span> <span class='ocrx_word' id='word_1_67' title='bbox 1331 2509 1774 2584; x_wconf 81' lang='lat' dir='ltr'>archiepiscopi</span> <span class='ocrx_word' id='word_1_68' title='bbox 1820 2508 2087 2568; x_wconf 82' lang='lat' dir='ltr'>Toletani</span> <span class='ocrx_word' id='word_1_69' title='bbox 2136 2507 2573 2583; x_wconf 80' lang='lat' dir='ltr'>Hispaniarum</span> <span class='ocrx_word' id='word_1_70' title='bbox 2617 2510 2898 2583; x_wconf 85' lang='lat' dir='ltr'>primatis</span> <span class='ocrx_word' id='word_1_71' title='bbox 2938 2513 2995 2567; x_wconf 82' lang='lat' dir='ltr'>et</span> 
     </span>
     <span class='ocr_line' id='line_1_11' title="bbox 406 2609 2990 2689; baseline -0.002 -15"><span class='ocrx_word' id='word_1_72' title='bbox 406 2616 709 2689; x_wconf 73' lang='lat' dir='ltr'>yeneralis</span> <span class='ocrx_word' id='word_1_73' title='bbox 762 2615 1142 2687; x_wconf 82' lang='lat' dir='ltr'>inquisitoris.</span> <span class='ocrx_word' id='word_1_74' title='bbox 1230 2612 1400 2687; x_wconf 83' lang='lat' dir='ltr'>apud</span> <span class='ocrx_word' id='word_1_75' title='bbox 1463 2612 1777 2670; x_wconf 84' lang='lat' dir='ltr'>Antonium</span> <span class='ocrx_word' id='word_1_76' title='bbox 1840 2612 2199 2685; x_wconf 72' lang='lat' dir='ltr'>Fulqonium</span> <span class='ocrx_word' id='word_1_77' title='bbox 2266 2611 2615 2685; x_wconf 85' lang='lat' dir='ltr'>praesidum</span> <span class='ocrx_word' id='word_1_78' title='bbox 2675 2609 2990 2682; x_wconf 81' lang='lat' dir='ltr'>facultate.</span> 
     </span>
     <span class='ocr_line' id='line_1_12' title="bbox 412 2706 2993 2798; baseline -0.002 -21"><span class='ocrx_word' id='word_1_79' title='bbox 412 2712 742 2793; x_wconf 82' lang='lat' dir='ltr'>codicem,</span> <span class='ocrx_word' id='word_1_80' title='bbox 799 2711 912 2798; x_wconf 86' lang='lat' dir='ltr'>qui</span> <span class='ocrx_word' id='word_1_81' title='bbox 965 2709 1118 2775; x_wconf 90' lang='lat' dir='ltr'>olim</span> <span class='ocrx_word' id='word_1_82' title='bbox 1174 2709 1301 2774; x_wconf 89' lang='lat' dir='ltr'>fuit</span> <span class='ocrx_word' id='word_1_83' title='bbox 1343 2709 1721 2775; x_wconf 88' lang='lat' dir='ltr'>monasterii</span> <span class='ocrx_word' id='word_1_84' title='bbox 1764 2708 1832 2774; x_wconf 88' lang='lat' dir='ltr'>S.</span> <span class='ocrx_word' id='word_1_85' title='bbox 1876 2707 2147 2773; x_wconf 89' lang='lat' dir='ltr'>Nazarii</span> <span class='ocrx_word' id='word_1_86' title='bbox 2190 2706 2769 2773; x_wconf 88' lang='lat' dir='ltr'>Laureshamensis</span> <span class='ocrx_word' id='word_1_87' title='bbox 2815 2717 2881 2772; x_wconf 88' lang='lat' dir='ltr'>et</span> <span class='ocrx_word' id='word_1_88' title='bbox 2924 2708 2993 2771; x_wconf 91' lang='lat' dir='ltr'>in</span> 
     </span>
     <span class='ocr_line' id='line_1_13' title="bbox 412 2809 2990 2896; baseline -0.003 -15"><span class='ocrx_word' id='word_1_89' title='bbox 412 2824 635 2881; x_wconf 85' lang='lat' dir='ltr'>vetere</span> <span class='ocrx_word' id='word_1_90' title='bbox 678 2813 897 2878; x_wconf 89' lang='lat' dir='ltr'>indice</span> <span class='ocrx_word' id='word_1_91' title='bbox 941 2813 1240 2879; x_wconf 88' lang='lat' dir='ltr'>codicum</span> <span class='ocrx_word' id='word_1_92' title='bbox 1284 2812 1942 2877; x_wconf 85' lang='lat' dir='ltr'>Laureshamensium</span> <span class='ocrx_word' id='word_1_93' title='bbox 1988 2812 2073 2876; x_wconf 91' lang='lat' dir='ltr'>ab</span> <span class='ocrx_word' id='word_1_94' title='bbox 2117 2811 2199 2877; x_wconf 89' lang='lat' dir='ltr'>A.</span> <span class='ocrx_word' id='word_1_95' title='bbox 2241 2809 2419 2874; x_wconf 89' lang='lat' dir='ltr'>Maio</span> <span class='ocrx_word' id='word_1_96' title='bbox 2464 2810 2754 2896; x_wconf 86' lang='lat' dir='ltr'>spicileg.</span> <span class='ocrx_word' id='word_1_97' title='bbox 2802 2811 2990 2876; x_wconf 91' lang='lat' dir='ltr'>Rom.</span> 
     </span>
     <span class='ocr_line' id='line_1_14' title="bbox 414 2911 2991 3002; baseline -0.002 -22"><span class='ocrx_word' id='word_1_98' title='bbox 414 2914 542 2981; x_wconf 86' lang='lat' dir='ltr'>vol.</span> <span class='ocrx_word' id='word_1_99' title='bbox 575 2917 637 2979; x_wconf 91' lang='lat' dir='ltr'>V</span> <span class='ocrx_word' id='word_1_100' title='bbox 678 2939 758 3002; x_wconf 66' lang='lat' dir='ltr'>p.⁴</span> <span class='ocrx_word' id='word_1_101' title='bbox 781 2916 897 2980; x_wconf 88' lang='grc'>161</span> <span class='ocrx_word' id='word_1_102' title='bbox 931 2938 1072 3002; x_wconf 89' lang='lat' dir='ltr'>sqq.</span> <span class='ocrx_word' id='word_1_103' title='bbox 1119 2914 1296 2980; x_wconf 87' lang='lat' dir='ltr'>edito</span> <span class='ocrx_word' id='word_1_104' title='bbox 1342 2915 1669 2980; x_wconf 87' lang='lat' dir='ltr'>indicatus</span> <span class='ocrx_word' id='word_1_105' title='bbox 1701 2925 1801 2980; x_wconf 88' lang='lat' dir='ltr'>est</span> <span class='ocrx_word' id='word_1_106' title='bbox 1831 2913 1873 2978; x_wconf 92' lang='lat' dir='ltr'>l.</span> <span class='ocrx_word' id='word_1_107' title='bbox 1907 2937 1962 2979; x_wconf 89' lang='lat' dir='ltr'>c.</span> <span class='ocrx_word' id='word_1_108' title='bbox 1994 2936 2058 2999; x_wconf 91' lang='lat' dir='ltr'>p.</span> <span class='ocrx_word' id='word_1_109' title='bbox 2096 2913 2238 2995; x_wconf 86' lang='lat'>190,</span> <span class='ocrx_word' id='word_1_110' title='bbox 2287 2911 2639 2999; x_wconf 86' lang='lat' dir='ltr'>descripsit</span> <span class='ocrx_word' id='word_1_111' title='bbox 2665 2911 2991 2977; x_wconf 86' lang='lat' dir='ltr'>Arevalus</span> 
     </span>
     <span class='ocr_line' id='line_1_15' title="bbox 412 3012 2995 3103; baseline -0.002 -22"><span class='ocrx_word' id='word_1_112' title='bbox 412 3019 480 3081; x_wconf 91' lang='lat' dir='ltr'>in</span> <span class='ocrx_word' id='word_1_113' title='bbox 523 3018 682 3083; x_wconf 82' lang='lat' dir='ltr'>Isid.</span> <span class='ocrx_word' id='word_1_114' title='bbox 731 3017 860 3082; x_wconf 87' lang='lat' dir='ltr'>vol.</span> <span class='ocrx_word' id='word_1_115' title='bbox 906 3017 978 3082; x_wconf 93' lang='lat' dir='ltr'>II</span> <span class='ocrx_word' id='word_1_116' title='bbox 1020 3040 1084 3103; x_wconf 94' lang='lat' dir='ltr'>p.</span> <span class='ocrx_word' id='word_1_117' title='bbox 1118 3017 1245 3081; x_wconf 89' lang='grc'>370</span> <span class='ocrx_word' id='word_1_118' title='bbox 1274 3039 1414 3103; x_wconf 85' lang='lat' dir='ltr'>sqq.</span> <span class='ocrx_word' id='word_1_119' title='bbox 1459 3016 1616 3080; x_wconf 85' lang='lat' dir='ltr'>mihi</span> <span class='ocrx_word' id='word_1_120' title='bbox 1661 3039 1805 3081; x_wconf 91' lang='lat' dir='ltr'>eam</span> <span class='ocrx_word' id='word_1_121' title='bbox 1847 3026 2101 3102; x_wconf 89' lang='lat' dir='ltr'>partem</span> <span class='ocrx_word' id='word_1_122' title='bbox 2146 3013 2424 3097; x_wconf 88' lang='lat' dir='ltr'>codicis,</span> <span class='ocrx_word' id='word_1_123' title='bbox 2471 3015 2539 3077; x_wconf 91' lang='lat' dir='ltr'>in</span> <span class='ocrx_word' id='word_1_124' title='bbox 2583 3035 2713 3099; x_wconf 90' lang='lat' dir='ltr'>qua</span> <span class='ocrx_word' id='word_1_125' title='bbox 2756 3012 2995 3078; x_wconf 89' lang='lat' dir='ltr'>Iuliani</span> 
     </span>
     <span class='ocr_line' id='line_1_16' title="bbox 412 3115 2992 3205; baseline -0.001 -22"><span class='ocrx_word' id='word_1_126' title='bbox 412 3119 580 3185; x_wconf 89' lang='lat' dir='ltr'>liber</span> <span class='ocrx_word' id='word_1_127' title='bbox 624 3119 907 3205; x_wconf 87' lang='lat' dir='ltr'>scriptus</span> <span class='ocrx_word' id='word_1_128' title='bbox 952 3129 1083 3200; x_wconf 88' lang='lat' dir='ltr'>est,</span> <span class='ocrx_word' id='word_1_129' title='bbox 1140 3119 1508 3183; x_wconf 87' lang='lat' dir='ltr'>accuratius</span> <span class='ocrx_word' id='word_1_130' title='bbox 1554 3118 1875 3184; x_wconf 86' lang='lat' dir='ltr'>indicavit</span> <span class='ocrx_word' id='word_1_131' title='bbox 1914 3115 2358 3181; x_wconf 86' lang='lat' dir='ltr'>Detlefsenus.</span> <span class='ocrx_word' id='word_1_132' title='bbox 2447 3116 2729 3202; x_wconf 86' lang='lat' dir='ltr'>scriptus</span> <span class='ocrx_word' id='word_1_133' title='bbox 2775 3126 2992 3180; x_wconf 88' lang='lat' dir='ltr'>autem</span> 
     </span>
     <span class='ocr_line' id='line_1_17' title="bbox 415 3216 2991 3299; baseline -0.001 -13"><span class='ocrx_word' id='word_1_134' title='bbox 415 3232 516 3286; x_wconf 88' lang='lat' dir='ltr'>est</span> <span class='ocrx_word' id='word_1_135' title='bbox 569 3222 782 3287; x_wconf 82' lang='lat' dir='ltr'>codex</span> <span class='ocrx_word' id='word_1_136' title='bbox 834 3221 902 3283; x_wconf 92' lang='lat' dir='ltr'>in</span> <span class='ocrx_word' id='word_1_137' title='bbox 968 3221 1362 3286; x_wconf 86' lang='lat' dir='ltr'>membranis</span> <span class='ocrx_word' id='word_1_138' title='bbox 1426 3220 1674 3285; x_wconf 85' lang='lat' dir='ltr'>formae</span> <span class='ocrx_word' id='word_1_139' title='bbox 1745 3219 2073 3284; x_wconf 83' lang='lat' dir='ltr'>maximae</span> <span class='ocrx_word' id='word_1_140' title='bbox 2130 3216 2426 3299; x_wconf 86' lang='lat' dir='ltr'>saeculo,</span> <span class='ocrx_word' id='word_1_141' title='bbox 2482 3228 2556 3282; x_wconf 91' lang='lat' dir='ltr'>ut</span> <span class='ocrx_word' id='word_1_142' title='bbox 2608 3216 2991 3283; x_wconf 86' lang='lat' dir='ltr'>Detlefseno</span> 
     </span>
     <span class='ocr_line' id='line_1_18' title="bbox 415 3319 2994 3405; baseline -0.002 -16"><span class='ocrx_word' id='word_1_143' title='bbox 415 3326 629 3389; x_wconf 89' lang='lat' dir='ltr'>visum</span> <span class='ocrx_word' id='word_1_144' title='bbox 676 3333 803 3405; x_wconf 90' lang='lat' dir='ltr'>est,</span> <span class='ocrx_word' id='word_1_145' title='bbox 850 3323 1221 3400; x_wconf 90' lang='lat' dir='ltr'>undecimo,</span> <span class='ocrx_word' id='word_1_146' title='bbox 1269 3333 1342 3387; x_wconf 90' lang='lat' dir='ltr'>ut</span> <span class='ocrx_word' id='word_1_147' title='bbox 1387 3321 1711 3387; x_wconf 85' lang='lat' dir='ltr'>Arevalus</span> <span class='ocrx_word' id='word_1_148' title='bbox 1757 3322 1959 3404; x_wconf 80' lang='lat' dir='ltr'>dixit,</span> <span class='ocrx_word' id='word_1_149' title='bbox 2007 3343 2172 3387; x_wconf 93' lang='lat' dir='ltr'>nono</span> <span class='ocrx_word' id='word_1_150' title='bbox 2218 3319 2323 3386; x_wconf 83' lang='lat' dir='ltr'>vel</span> <span class='ocrx_word' id='word_1_151' title='bbox 2370 3319 2643 3384; x_wconf 89' lang='lat' dir='ltr'>decimo.</span> <span class='ocrx_word' id='word_1_152' title='bbox 2709 3321 2994 3385; x_wconf 89' lang='lat' dir='ltr'>continet</span> 
     </span>
     <span class='ocr_line' id='line_1_19' title="bbox 414 3423 2992 3509; baseline -0.002 -18"><span class='ocrx_word' id='word_1_153' title='bbox 414 3425 631 3491; x_wconf 87' lang='lat' dir='ltr'>varios</span> <span class='ocrx_word' id='word_1_154' title='bbox 688 3425 888 3490; x_wconf 85' lang='lat' dir='ltr'>libros</span> <span class='ocrx_word' id='word_1_155' title='bbox 945 3424 1296 3490; x_wconf 86' lang='lat' dir='ltr'>latinorum</span> <span class='ocrx_word' id='word_1_156' title='bbox 1360 3425 1938 3509; x_wconf 83' lang='lat' dir='ltr'>grammaticorum</span> <span class='ocrx_word' id='word_1_157' title='bbox 1993 3423 2323 3488; x_wconf 86' lang='lat' dir='ltr'>inferioris</span> <span class='ocrx_word' id='word_1_158' title='bbox 2382 3423 2650 3505; x_wconf 82' lang='lat' dir='ltr'>aetatiS,</span> <span class='ocrx_word' id='word_1_159' title='bbox 2718 3444 2992 3508; x_wconf 87' lang='lat' dir='ltr'>quorum</span> 
     </span>
     <span class='ocr_line' id='line_1_20' title="bbox 414 3523 2993 3612; baseline -0.002 -21"><span class='ocrx_word' id='word_1_160' title='bbox 414 3528 618 3593; x_wconf 82' lang='lat' dir='ltr'>index</span> <span class='ocrx_word' id='word_1_161' title='bbox 680 3527 748 3590; x_wconf 91' lang='lat' dir='ltr'>in</span> <span class='ocrx_word' id='word_1_162' title='bbox 814 3526 1001 3591; x_wconf 87' lang='lat' dir='ltr'>initio</span> <span class='ocrx_word' id='word_1_163' title='bbox 1068 3526 1315 3591; x_wconf 90' lang='lat' dir='ltr'>codicis</span> <span class='ocrx_word' id='word_1_164' title='bbox 1373 3524 1630 3590; x_wconf 87' lang='lat' dir='ltr'>saeculo</span> <span class='ocrx_word' id='word_1_165' title='bbox 1691 3535 1923 3612; x_wconf 87' lang='lat' dir='ltr'>quarto</span> <span class='ocrx_word' id='word_1_166' title='bbox 1979 3525 2229 3590; x_wconf 88' lang='lat' dir='ltr'>decimo</span> <span class='ocrx_word' id='word_1_167' title='bbox 2286 3523 2392 3589; x_wconf 88' lang='lat' dir='ltr'>vel</span> <span class='ocrx_word' id='word_1_168' title='bbox 2447 3525 2671 3611; x_wconf 90' lang='lat' dir='ltr'>quinto</span> <span class='ocrx_word' id='word_1_169' title='bbox 2739 3523 2993 3588; x_wconf 87' lang='lat' dir='ltr'>decimo</span> 
     </span>
     <span class='ocr_line' id='line_1_21' title="bbox 416 3615 2995 3716; baseline -0.002 -23"><span class='ocrx_word' id='word_1_170' title='bbox 416 3629 695 3716; x_wconf 84' lang='lat' dir='ltr'>scriptus</span> <span class='ocrx_word' id='word_1_171' title='bbox 740 3638 841 3692; x_wconf 89' lang='lat' dir='ltr'>est</span> <span class='ocrx_word' id='word_1_172' title='bbox 883 3628 1006 3709; x_wconf 85' lang='lat' dir='ltr'>ita,</span> <span class='ocrx_word' id='word_1_173' title='bbox 1062 3633 1256 3692; x_wconf 75' lang='lat' dir='ltr'>codex</span> <span class='ocrx_word' id='word_1_174' title='bbox 1297 3615 1387 3692; x_wconf 63' lang='lat' dir='ltr'>s—c}</span> <span class='ocrx_word' id='word_1_175' title='bbox 1425 3633 1672 3691; x_wconf 84' lang='lat' dir='ltr'>nazarii</span> <span class='ocrx_word' id='word_1_176' title='bbox 1723 3635 1783 3691; x_wconf 88' lang='lat' dir='ltr'>in</span> <span class='ocrx_word' id='word_1_177' title='bbox 1839 3634 2120 3692; x_wconf 83' lang='lat' dir='ltr'>laurissa.</span> <span class='ocrx_word' id='word_1_178' title='bbox 2191 3632 2393 3706; x_wconf 88' lang='lat' dir='ltr'>primo</span> <span class='ocrx_word' id='word_1_179' title='bbox 2436 3636 2597 3690; x_wconf 87' lang='lat' dir='ltr'>artes</span> <span class='ocrx_word' id='word_1_180' title='bbox 2637 3633 2834 3690; x_wconf 86' lang='lat' dir='ltr'>sancti</span> <span class='ocrx_word' id='word_1_181' title='bbox 2874 3647 2995 3689; x_wconf 88' lang='lat' dir='ltr'>au-</span> 
     </span>
     <span class='ocr_line' id='line_1_22' title="bbox 408 3734 3000 3810; baseline -0.002 -14"><span class='ocrx_word' id='word_1_182' title='bbox 408 3738 651 3810; x_wconf 73' lang='lat' dir='ltr'>qustini.</span> <span class='ocrx_word' id='word_1_183' title='bbox 733 3736 964 3809; x_wconf 70' lang='lat' dir='ltr'>Requla</span> <span class='ocrx_word' id='word_1_184' title='bbox 1019 3737 1321 3808; x_wconf 72' lang='lat' dir='ltr'>auqustini</span> <span class='ocrx_word' id='word_1_185' title='bbox 1371 3735 1444 3794; x_wconf 84' lang='lat' dir='ltr'>de</span> <span class='ocrx_word' id='word_1_186' title='bbox 1497 3737 1730 3795; x_wconf 88' lang='lat' dir='ltr'>nomine</span> <span class='ocrx_word' id='word_1_187' title='bbox 1786 3742 1845 3794; x_wconf 92' lang='lat' dir='ltr'>et</span> <span class='ocrx_word' id='word_1_188' title='bbox 1893 3735 2174 3810; x_wconf 82' lang='lat' dir='ltr'>partibus</span> <span class='ocrx_word' id='word_1_189' title='bbox 2228 3735 2528 3795; x_wconf 87' lang='lat' dir='ltr'>orationis.</span> <span class='ocrx_word' id='word_1_190' title='bbox 2619 3734 2735 3791; x_wconf 83' lang='lat' dir='ltr'>Ars</span> <span class='ocrx_word' id='word_1_191' title='bbox 2792 3734 3000 3792; x_wconf 83' lang='lat' dir='ltr'>donati</span> 
     </span>
     <span class='ocr_line' id='line_1_23' title="bbox 414 3836 2997 3914; baseline -0.001 -16"><span class='ocrx_word' id='word_1_192' title='bbox 414 3854 591 3914; x_wconf 81' lang='lat' dir='ltr'>quam</span> <span class='ocrx_word' id='word_1_193' title='bbox 630 3841 852 3913; x_wconf 88' lang='lat' dir='ltr'>paulus</span> <span class='ocrx_word' id='word_1_194' title='bbox 896 3838 1183 3897; x_wconf 84' lang='lat' dir='ltr'>diaconus</span> <span class='ocrx_word' id='word_1_195' title='bbox 1225 3840 1486 3913; x_wconf 77' lang='lat' dir='ltr'>exponit.</span> <span class='ocrx_word' id='word_1_196' title='bbox 1562 3836 1775 3897; x_wconf 85' lang='lat' dir='ltr'>Sancti</span> <span class='ocrx_word' id='word_1_197' title='bbox 1809 3838 2043 3914; x_wconf 80' lang='lat' dir='ltr'>ysidori</span> <span class='ocrx_word' id='word_1_198' title='bbox 2082 3839 2346 3913; x_wconf 79' lang='lat' dir='ltr'>episcopi</span> <span class='ocrx_word' id='word_1_199' title='bbox 2385 3836 2460 3895; x_wconf 85' lang='lat' dir='ltr'>de</span> <span class='ocrx_word' id='word_1_200' title='bbox 2496 3837 2898 3909; x_wconf 71' lang='lat' dir='ltr'>qrammatica</span> <span class='ocrx_word' id='word_1_201' title='bbox 2940 3846 2997 3895; x_wconf 86' lang='lat' dir='ltr'>et</span> 
     </span>
     <span class='ocr_line' id='line_1_24' title="bbox 404 3939 2995 4017; baseline -0.002 -17"><span class='ocrx_word' id='word_1_202' title='bbox 404 3941 680 4017; x_wconf 87' lang='lat' dir='ltr'>partibus</span> <span class='ocrx_word' id='word_1_203' title='bbox 720 3943 866 4000; x_wconf 62' lang='lat' dir='ltr'>eius:</span> <span class='ocrx_word' id='word_1_204' title='bbox 941 3939 1273 4015; x_wconf 81' lang='lat' dir='ltr'>Dynamius</span> <span class='ocrx_word' id='word_1_205' title='bbox 1310 3942 1741 4015; x_wconf 73' lang='lat' dir='ltr'>yrammaticus</span> <span class='ocrx_word' id='word_1_206' title='bbox 1784 3941 1874 4000; x_wconf 82' lang='lat' dir='ltr'>ad</span> <span class='ocrx_word' id='word_1_207' title='bbox 1913 3941 2269 4015; x_wconf 84' lang='lat' dir='ltr'>discipulum</span> <span class='ocrx_word' id='word_1_208' title='bbox 2315 3955 2509 3999; x_wconf 80' lang='lat' dir='ltr'>suum.</span> <span class='ocrx_word' id='word_1_209' title='bbox 2588 3939 2995 3997; x_wconf 85' lang='lat' dir='ltr'>Grammatica</span> 
     </span>
     <span class='ocr_line' id='line_1_25' title="bbox 414 4042 2995 4117; baseline -0.001 -16"><span class='ocrx_word' id='word_1_210' title='bbox 414 4044 631 4103; x_wconf 86' lang='lat' dir='ltr'>iuliani</span> <span class='ocrx_word' id='word_1_211' title='bbox 670 4044 936 4117; x_wconf 84' lang='lat' dir='ltr'>episcopi</span> <span class='ocrx_word' id='word_1_212' title='bbox 976 4044 1238 4103; x_wconf 89' lang='lat' dir='ltr'>toletani.</span> <span class='ocrx_word' id='word_1_213' title='bbox 1299 4044 1706 4102; x_wconf 84' lang='lat' dir='ltr'>Grammatica</span> <span class='ocrx_word' id='word_1_214' title='bbox 1747 4047 1809 4102; x_wconf 86' lang='lat' dir='ltr'>et</span> <span class='ocrx_word' id='word_1_215' title='bbox 1849 4058 1955 4101; x_wconf 88' lang='lat' dir='ltr'>ars</span> <span class='ocrx_word' id='word_1_216' title='bbox 1992 4043 2223 4102; x_wconf 82' lang='lat' dir='ltr'>tatuini.</span> <span class='ocrx_word' id='word_1_217' title='bbox 2287 4042 2425 4102; x_wconf 81' lang='lat' dir='ltr'>Alia</span> <span class='ocrx_word' id='word_1_218' title='bbox 2469 4058 2574 4100; x_wconf 87' lang='lat' dir='ltr'>ars</span> <span class='ocrx_word' id='word_1_219' title='bbox 2616 4042 2742 4100; x_wconf 90' lang='lat' dir='ltr'>siue</span> <span class='ocrx_word' id='word_1_220' title='bbox 2778 4057 2995 4114; x_wconf 74' lang='lat' dir='ltr'>yram-</span> 
     </span>
     <span class='ocr_line' id='line_1_26' title="bbox 411 4142 2997 4220; baseline -0.001 -16"><span class='ocrx_word' id='word_1_221' title='bbox 411 4147 634 4206; x_wconf 87' lang='lat' dir='ltr'>matica</span> <span class='ocrx_word' id='word_1_222' title='bbox 677 4144 910 4204; x_wconf 87' lang='lat' dir='ltr'>Iuliani</span> <span class='ocrx_word' id='word_1_223' title='bbox 954 4143 1241 4204; x_wconf 79' lang='lat' dir='ltr'>Toletani.</span> <span class='ocrx_word' id='word_1_224' title='bbox 1316 4148 1432 4204; x_wconf 82' lang='lat' dir='ltr'>Ars</span> <span class='ocrx_word' id='word_1_225' title='bbox 1473 4146 1679 4220; x_wconf 87' lang='lat' dir='ltr'>asperi</span> <span class='ocrx_word' id='word_1_226' title='bbox 1717 4145 1794 4204; x_wconf 82' lang='lat' dir='ltr'>de</span> <span class='ocrx_word' id='word_1_227' title='bbox 1839 4151 1963 4204; x_wconf 89' lang='lat' dir='ltr'>octo</span> <span class='ocrx_word' id='word_1_228' title='bbox 2002 4144 2276 4218; x_wconf 87' lang='lat' dir='ltr'>partibus</span> <span class='ocrx_word' id='word_1_229' title='bbox 2316 4144 2632 4202; x_wconf 60' lang='lat' dir='ltr'>oracionis</span> <span class='ocrx_word' id='word_1_230' title='bbox 2719 4144 2835 4202; x_wconf 83' lang='lat' dir='ltr'>Ars</span> <span class='ocrx_word' id='word_1_231' title='bbox 2878 4142 2997 4203; x_wconf 84' lang='lat' dir='ltr'>do—</span> 
     </span>
     <span class='ocr_line' id='line_1_27' title="bbox 413 4240 2999 4326; baseline -0.001 -20"><span class='ocrx_word' id='word_1_232' title='bbox 413 4249 561 4306; x_wconf 89' lang='lat' dir='ltr'>mini</span> <span class='ocrx_word' id='word_1_233' title='bbox 611 4246 903 4319; x_wconf 84' lang='lat' dir='ltr'>bonifacii</span> <span class='ocrx_word' id='word_1_234' title='bbox 952 4246 1390 4322; x_wconf 76' lang='lat' dir='ltr'>archiepiscopi</span> <span class='ocrx_word' id='word_1_235' title='bbox 1439 4252 1497 4306; x_wconf 90' lang='lat' dir='ltr'>et</span> <span class='ocrx_word' id='word_1_236' title='bbox 1549 4248 1837 4306; x_wconf 88' lang='lat' dir='ltr'>martiris.</span> <span class='ocrx_word' id='word_1_237' title='bbox 1912 4240 1998 4305; x_wconf 85' lang='lat' dir='ltr'>ad</span> <span class='ocrx_word' id='word_1_238' title='bbox 2054 4240 2378 4305; x_wconf 88' lang='lat' dir='ltr'>Iulianum</span> <span class='ocrx_word' id='word_1_239' title='bbox 2422 4241 2627 4326; x_wconf 87' lang='lat' dir='ltr'>igitur</span> <span class='ocrx_word' id='word_1_240' title='bbox 2669 4241 2999 4326; x_wconf 81' lang='lat' dir='ltr'>pertinent</span> 
     </span>
     <span class='ocr_line' id='line_1_28' title="bbox 412 4341 2995 4431; baseline -0.002 -22"><span class='ocrx_word' id='word_1_241' title='bbox 412 4344 575 4409; x_wconf 85' lang='lat' dir='ltr'>folia</span> <span class='ocrx_word' id='word_1_242' title='bbox 627 4345 1153 4410; x_wconf 85' lang='lat' dir='ltr'>membranarum</span> <span class='ocrx_word' id='word_1_243' title='bbox 1209 4343 1684 4431; x_wconf 87' lang='lat' dir='ltr'>quinquaginta</span> <span class='ocrx_word' id='word_1_244' title='bbox 1739 4354 2082 4430; x_wconf 84' lang='lat' dir='ltr'>quattuor,</span> <span class='ocrx_word' id='word_1_245' title='bbox 2128 4345 2196 4406; x_wconf 90' lang='lat' dir='ltr'>in</span> <span class='ocrx_word' id='word_1_246' title='bbox 2263 4341 2502 4428; x_wconf 78' lang='lat' dir='ltr'>quibus</span> <span class='ocrx_word' id='word_1_247' title='bbox 2556 4342 2652 4406; x_wconf 91' lang='lat' dir='ltr'>ita</span> <span class='ocrx_word' id='word_1_248' title='bbox 2715 4343 2995 4429; x_wconf 86' lang='lat' dir='ltr'>scriptus</span> 
     </span>
     <span class='ocr_line' id='line_1_29' title="bbox 415 4443 2994 4532; baseline -0.002 -21"><span class='ocrx_word' id='word_1_249' title='bbox 415 4456 516 4511; x_wconf 89' lang='lat' dir='ltr'>est</span> <span class='ocrx_word' id='word_1_250' title='bbox 557 4445 749 4511; x_wconf 87' lang='lat' dir='ltr'>liber:</span> <span class='ocrx_word' id='word_1_251' title='bbox 796 4469 949 4510; x_wconf 88' lang='lat' dir='ltr'>nam</span> <span class='ocrx_word' id='word_1_252' title='bbox 993 4447 1060 4510; x_wconf 89' lang='lat' dir='ltr'>in</span> <span class='ocrx_word' id='word_1_253' title='bbox 1105 4447 1326 4512; x_wconf 79' lang='lat' dir='ltr'>codiee</span> <span class='ocrx_word' id='word_1_254' title='bbox 1371 4446 1786 4511; x_wconf 85' lang='lat' dir='ltr'>membranae</span> <span class='ocrx_word' id='word_1_255' title='bbox 1828 4467 2139 4532; x_wconf 80' lang='lat' dir='ltr'>perverso</span> <span class='ocrx_word' id='word_1_256' title='bbox 2183 4443 2324 4509; x_wconf 91' lang='lat' dir='ltr'>loco</span> <span class='ocrx_word' id='word_1_257' title='bbox 2369 4443 2622 4530; x_wconf 88' lang='lat' dir='ltr'>positae</span> <span class='ocrx_word' id='word_1_258' title='bbox 2667 4454 2842 4520; x_wconf 88' lang='lat' dir='ltr'>sunt,</span> <span class='ocrx_word' id='word_1_259' title='bbox 2888 4466 2994 4507; x_wconf 90' lang='lat' dir='ltr'>ne-</span> 
     </span>
     <span class='ocr_line' id='line_1_30' title="bbox 414 4544 2996 4636; baseline -0.002 -24"><span class='ocrx_word' id='word_1_260' title='bbox 414 4571 541 4635; x_wconf 90' lang='lat' dir='ltr'>que</span> <span class='ocrx_word' id='word_1_261' title='bbox 586 4547 656 4610; x_wconf 92' lang='lat' dir='ltr'>in</span> <span class='ocrx_word' id='word_1_262' title='bbox 699 4549 874 4613; x_wconf 89' lang='lat' dir='ltr'>edito</span> <span class='ocrx_word' id='word_1_263' title='bbox 919 4550 1275 4635; x_wconf 86' lang='lat' dir='ltr'>exemplari</span> <span class='ocrx_word' id='word_1_264' title='bbox 1317 4548 1633 4636; x_wconf 87' lang='lat' dir='ltr'>pristinus</span> <span class='ocrx_word' id='word_1_265' title='bbox 1664 4546 1826 4612; x_wconf 89' lang='lat' dir='ltr'>ordo</span> <span class='ocrx_word' id='word_1_266' title='bbox 1858 4548 2197 4612; x_wconf 78' lang='lat' dir='ltr'>restitutus</span> <span class='ocrx_word' id='word_1_267' title='bbox 2228 4555 2359 4628; x_wconf 88' lang='lat' dir='ltr'>est,</span> <span class='ocrx_word' id='word_1_268' title='bbox 2406 4546 2454 4610; x_wconf 91' lang='lat' dir='ltr'>f.</span> <span class='ocrx_word' id='word_1_269' title='bbox 2492 4545 2646 4608; x_wconf 78' lang='lat'>126*</span> <span class='ocrx_word' id='word_1_270' title='bbox 2677 4584 2762 4593; x_wconf 93' lang='lat'>—</span> <span class='ocrx_word' id='word_1_271' title='bbox 2791 4544 2839 4609; x_wconf 88' lang='lat' dir='ltr'>f.</span> <span class='ocrx_word' id='word_1_272' title='bbox 2878 4545 2996 4610; x_wconf 75' lang='lat'>152</span> 
     </span>
     <span class='ocr_line' id='line_1_31' title="bbox 415 4641 2997 4728; baseline 0 -16"><span class='ocrx_word' id='word_1_273' title='bbox 415 4654 578 4713; x_wconf 82' lang='lat' dir='ltr'>ARS</span> <span class='ocrx_word' id='word_1_274' title='bbox 619 4654 948 4714; x_wconf 80' lang='lat' dir='ltr'><em>IULIANI</em></span> <span class='ocrx_word' id='word_1_275' title='bbox 989 4655 1399 4717; x_wconf 81' lang='lat' dir='ltr'><em>TOLOTANI</em></span> <span class='ocrx_word' id='word_1_276' title='bbox 1433 4641 1595 4716; x_wconf 48' lang='lat' dir='ltr'>LTI‘JT.</span> <span class='ocrx_word' id='word_1_277' title='bbox 1639 4656 1853 4714; x_wconf 88' lang='lat' dir='ltr'>Partes</span> <span class='ocrx_word' id='word_1_278' title='bbox 1880 4656 2166 4714; x_wconf 87' lang='lat' dir='ltr'>orationis</span> <span class='ocrx_word' id='word_1_279' title='bbox 2194 4660 2333 4728; x_wconf 86' lang='lat' dir='ltr'>quot</span> <span class='ocrx_word' id='word_1_280' title='bbox 2372 4648 2551 4713; x_wconf 82' lang='lat' dir='ltr'>sunt?</span> <span class='ocrx_word' id='word_1_281' title='bbox 2592 4660 2737 4711; x_wconf 84' lang='lat' dir='ltr'>octo.</span> <span class='ocrx_word' id='word_1_282' title='bbox 2797 4648 2997 4727; x_wconf 80' lang='lat' dir='ltr'>quae?</span> 
     </span>
     <span class='ocr_line' id='line_1_32' title="bbox 417 4756 2999 4832; baseline 0 -19"><span class='ocrx_word' id='word_1_283' title='bbox 417 4771 627 4815; x_wconf 87' lang='lat' dir='ltr'>nomen</span> <span class='ocrx_word' id='word_1_284' title='bbox 677 4773 1001 4831; x_wconf 86' lang='lat' dir='ltr'>pronomen</span> <span class='ocrx_word' id='word_1_285' title='bbox 1067 4759 1311 4819; x_wconf 84' lang='lat' dir='ltr'>uerbum</span> <span class='ocrx_word' id='word_1_286' title='bbox 1383 4757 1734 4817; x_wconf 83' lang='lat' dir='ltr'>aduerbium</span> <span class='ocrx_word' id='word_1_287' title='bbox 1792 4757 2179 4832; x_wconf 87' lang='lat' dir='ltr'>participium</span> <span class='ocrx_word' id='word_1_288' title='bbox 2244 4757 2572 4816; x_wconf 85' lang='lat' dir='ltr'>coniunctio</span> <span class='ocrx_word' id='word_1_289' title='bbox 2629 4756 2999 4832; x_wconf 85' lang='lat' dir='ltr'>praepositio</span> 
     </span>
     <span class='ocr_line' id='line_1_33' title="bbox 417 4855 2999 4937; baseline 0.001 -21"><span class='ocrx_word' id='word_1_290' title='bbox 417 4858 759 4918; x_wconf 79' lang='lat' dir='ltr'>interiectio,</span> <span class='ocrx_word' id='word_1_291' title='bbox 847 4860 1134 4935; x_wconf 81' lang='lat' dir='ltr'>quomodo</span> <span class='ocrx_word' id='word_1_292' title='bbox 1178 4869 1388 4937; x_wconf 87' lang='lat' dir='ltr'>partes</span> <span class='ocrx_word' id='word_1_293' title='bbox 1441 4855 1777 4921; x_wconf 80' lang='lat' dir='ltr'>orationis?</span> <span class='ocrx_word' id='word_1_294' title='bbox 1842 4864 2051 4934; x_wconf 88' lang='lat' dir='ltr'>partes</span> <span class='ocrx_word' id='word_1_295' title='bbox 2102 4860 2434 4927; x_wconf 82' lang='lat' dir='ltr'>locutionis.</span> <span class='ocrx_word' id='word_1_296' title='bbox 2533 4859 2723 4918; x_wconf 88' lang='lat' dir='ltr'>oratio</span> <span class='ocrx_word' id='word_1_297' title='bbox 2778 4859 2999 4918; x_wconf 83' lang='lat' dir='ltr'>dicitur</span> 
     </span>
    </p>
   </div>
  </div>
 </body>
</html>
