<?xml version="1.0" encoding="UTF-8"?>
<!DOCTYPE html PUBLIC "-//W3C//DTD XHTML 1.0 Transitional//EN"
    "http://www.w3.org/TR/xhtml1/DTD/xhtml1-transitional.dtd">
<html xmlns="http://www.w3.org/1999/xhtml" xml:lang="en" lang="en">
 <head>
  <title>
</title>
<meta http-equiv="Content-Type" content="text/html;charset=utf-8" />
  <meta name='ocr-system' content='tesseract 3.04.00' />
  <meta name='ocr-capabilities' content='ocr_page ocr_carea ocr_par ocr_line ocrx_word'/>
</head>
<body>
  <div class='ocr_page' id='page_1' title='image "./grammaticilatin10keilgoog_0419.png"; bbox 0 0 3541 5564; ppageno 0'>
   <div class='ocr_carea' id='block_1_1' title="bbox 1598 364 3053 435">
    <p class='ocr_par' dir='ltr' id='par_1_1' title="bbox 1598 364 3053 435">
     <span class='ocr_line' id='line_1_1' title="bbox 1598 364 3053 435; baseline 0.001 -10"><span class='ocrx_word' id='word_1_1' title='bbox 1598 365 1738 428; x_wconf 80' lang='lat' dir='ltr'>ARS</span> <span class='ocrx_word' id='word_1_2' title='bbox 1796 365 1821 425; x_wconf 94' lang='lat'>1</span> <span class='ocrx_word' id='word_1_3' title='bbox 1872 370 1935 435; x_wconf 90' lang='lat'>1,</span> <span class='ocrx_word' id='word_1_4' title='bbox 1984 368 2019 423; x_wconf 82' lang='lat'>2</span> <span class='ocrx_word' id='word_1_5' title='bbox 2929 364 3053 427; x_wconf 89' lang='grc'>411</span> 
     </span>
    </p>
   </div>
   <div class='ocr_carea' id='block_1_2' title="bbox 493 472 3055 626">
    <p class='ocr_par' dir='ltr' id='par_1_2' title="bbox 493 472 3055 626">
     <span class='ocr_line' id='line_1_2' title="bbox 548 472 3006 529; baseline -0.001 -14"><span class='ocrx_word' id='word_1_6' title='bbox 548 489 591 529; x_wconf 76' lang='lat' dir='ltr'>p.</span> <span class='ocrx_word' id='word_1_7' title='bbox 621 478 734 517; x_wconf 72' lang='lat' dir='ltr'>mss.</span> <span class='ocrx_word' id='word_1_8' title='bbox 761 478 812 517; x_wconf 83' lang='grc' dir='ltr'>9ο</span> <span class='ocrx_word' id='word_1_9' title='bbox 839 475 898 515; x_wconf 72' lang='lat' dir='ltr'>P:</span> <span class='ocrx_word' id='word_1_10' title='bbox 2698 485 2740 525; x_wconf 78' lang='lat' dir='ltr'>p.</span> <span class='ocrx_word' id='word_1_11' title='bbox 2768 472 2858 513; x_wconf 59' lang='grc' dir='ltr'>εει.</span> <span class='ocrx_word' id='word_1_12' title='bbox 2883 473 2934 513; x_wconf 80' lang='lat'>23</span> <span class='ocrx_word' id='word_1_13' title='bbox 2959 472 3006 513; x_wconf 80' lang='lat' dir='ltr'>L.</span> 
     </span>
     <span class='ocr_line' id='line_1_3' title="bbox 493 551 3055 626; baseline -0.002 -8"><span class='ocrx_word' id='word_1_14' title='bbox 493 559 669 626; x_wconf 82' lang='lat' dir='ltr'>alioS,</span> <span class='ocrx_word' id='word_1_15' title='bbox 729 557 868 616; x_wconf 91' lang='lat' dir='ltr'>dum</span> <span class='ocrx_word' id='word_1_16' title='bbox 926 554 1199 614; x_wconf 73' lang='lat' dir='ltr'>brevitati</span> <span class='ocrx_word' id='word_1_17' title='bbox 1257 552 1523 623; x_wconf 87' lang='lat' dir='ltr'>student,</span> <span class='ocrx_word' id='word_1_18' title='bbox 1582 552 1896 613; x_wconf 85' lang='lat' dir='ltr'>admodum</span> <span class='ocrx_word' id='word_1_19' title='bbox 1953 551 2223 612; x_wconf 79' lang='lat' dir='ltr'>diffusam</span> <span class='ocrx_word' id='word_1_20' title='bbox 2268 558 2559 613; x_wconf 89' lang='lat' dir='ltr'>coartasse</span> <span class='ocrx_word' id='word_1_21' title='bbox 2605 554 2941 623; x_wconf 79' lang='lat' dir='ltr'><strong>materiam,</strong></span> <span class='ocrx_word' id='word_1_22' title='bbox 2990 561 3055 613; x_wconf 89' lang='lat' dir='ltr'>ut</span> 
     </span>
    </p>
   </div>
   <div class='ocr_carea' id='block_1_3' title="bbox 395 655 3052 4004">
    <p class='ocr_par' dir='ltr' id='par_1_3' title="bbox 399 655 3052 3187">
     <span class='ocr_line' id='line_1_4' title="bbox 491 655 3051 736; baseline -0.001 -18"><span class='ocrx_word' id='word_1_23' title='bbox 491 660 685 721; x_wconf 90' lang='lat' dir='ltr'>sterili</span> <span class='ocrx_word' id='word_1_24' title='bbox 740 656 1071 736; x_wconf 87' lang='lat' dir='ltr'>conpendio</span> <span class='ocrx_word' id='word_1_25' title='bbox 1126 656 1276 716; x_wconf 87' lang='lat' dir='ltr'>nihil</span> <span class='ocrx_word' id='word_1_26' title='bbox 1332 655 1404 716; x_wconf 91' lang='lat' dir='ltr'>ad</span> <span class='ocrx_word' id='word_1_27' title='bbox 1458 657 1752 732; x_wconf 89' lang='lat' dir='ltr'>integram</span> <span class='ocrx_word' id='word_1_28' title='bbox 1798 656 2107 714; x_wconf 88' lang='lat' dir='ltr'>scientiam</span> <span class='ocrx_word' id='word_1_29' title='bbox 2152 655 2474 716; x_wconf 88' lang='lat' dir='ltr'>lectoribus</span> <span class='ocrx_word' id='word_1_30' title='bbox 2518 655 2856 725; x_wconf 89' lang='lat' dir='ltr'>conferant;</span> <span class='ocrx_word' id='word_1_31' title='bbox 2912 655 3051 716; x_wconf 88' lang='lat' dir='ltr'>adu-</span> 
     </span>
     <span class='ocr_line' id='line_1_5' title="bbox 492 756 3052 821; baseline -0.001 0"><span class='ocrx_word' id='word_1_32' title='bbox 492 760 785 821; x_wconf 87' lang='lat' dir='ltr'>lescentes</span> <span class='ocrx_word' id='word_1_33' title='bbox 828 779 969 820; x_wconf 85' lang='lat' dir='ltr'>vero</span> <span class='ocrx_word' id='word_1_34' title='bbox 1025 760 1210 819; x_wconf 82' lang='lat' dir='ltr'>nostri</span> <span class='ocrx_word' id='word_1_35' title='bbox 1267 756 1485 818; x_wconf 89' lang='lat' dir='ltr'>saeculi</span> <span class='ocrx_word' id='word_1_36' title='bbox 1533 776 1649 817; x_wconf 92' lang='lat' dir='ltr'>non</span> <span class='ocrx_word' id='word_1_37' title='bbox 1697 756 1994 816; x_wconf 85' lang='lat' dir='ltr'>desiderio</span> <span class='ocrx_word' id='word_1_38' title='bbox 2040 756 2374 818; x_wconf 88' lang='lat' dir='ltr'>litterarum</span> <span class='ocrx_word' id='word_1_39' title='bbox 2418 776 2526 818; x_wconf 88' lang='lat' dir='ltr'>nec</span> <span class='ocrx_word' id='word_1_40' title='bbox 2572 775 2768 818; x_wconf 89' lang='lat' dir='ltr'>amore</span> <span class='ocrx_word' id='word_1_41' title='bbox 2814 760 3052 818; x_wconf 79' lang='lat' dir='ltr'>virtutis</span> 
     </span>
     <span class='ocr_line' id='line_1_6' title="bbox 490 859 3050 948; baseline 0 -26"><span class='ocrx_word' id='word_1_42' title='bbox 490 864 560 922; x_wconf 91' lang='lat' dir='ltr'>ad</span> <span class='ocrx_word' id='word_1_43' title='bbox 606 864 800 924; x_wconf 89' lang='lat' dir='ltr'>studia</span> <span class='ocrx_word' id='word_1_44' title='bbox 848 881 908 923; x_wconf 89' lang='lat' dir='ltr'>se</span> <span class='ocrx_word' id='word_1_45' title='bbox 956 861 1283 941; x_wconf 90' lang='lat' dir='ltr'>applicare,</span> <span class='ocrx_word' id='word_1_46' title='bbox 1343 860 1446 920; x_wconf 89' lang='lat' dir='ltr'>sed</span> <span class='ocrx_word' id='word_1_47' title='bbox 1504 867 1628 920; x_wconf 84' lang='lat' dir='ltr'>aut·</span> <span class='ocrx_word' id='word_1_48' title='bbox 1657 860 2011 918; x_wconf 80' lang='lat' dir='ltr'>necessitate</span> <span class='ocrx_word' id='word_1_49' title='bbox 2058 859 2372 938; x_wconf 86' lang='lat' dir='ltr'>conpulsos</span> <span class='ocrx_word' id='word_1_50' title='bbox 2417 860 2740 948; x_wconf 37' lang='lat' dir='ltr'>aut-odore</span> <span class='ocrx_word' id='word_1_51' title='bbox 2787 860 3050 941; x_wconf 88' lang='lat' dir='ltr'>volupta-</span> 
     </span>
     <span class='ocr_line' id='line_1_7' title="bbox 437 962 3050 1044; baseline 0 -24"><span class='ocrx_word' id='word_1_52' title='bbox 437 980 463 1019; x_wconf 89' lang='lat'><strong>5</strong></span> <span class='ocrx_word' id='word_1_53' title='bbox 490 970 614 1024; x_wconf 90' lang='lat' dir='ltr'>tum</span> <span class='ocrx_word' id='word_1_54' title='bbox 659 983 768 1044; x_wconf 88' lang='lat' dir='ltr'>per</span> <span class='ocrx_word' id='word_1_55' title='bbox 813 972 1062 1025; x_wconf 89' lang='lat' dir='ltr'>aetatem</span> <span class='ocrx_word' id='word_1_56' title='bbox 1108 963 1352 1024; x_wconf 79' lang='lat' dir='ltr'>adflatos</span> <span class='ocrx_word' id='word_1_57' title='bbox 1399 963 1665 1022; x_wconf 87' lang='lat' dir='ltr'>execrari</span> <span class='ocrx_word' id='word_1_58' title='bbox 1709 962 2053 1037; x_wconf 78' lang='lat' dir='ltr'>magistroS‚</span> <span class='ocrx_word' id='word_1_59' title='bbox 2086 979 2335 1040; x_wconf 89' lang='lat' dir='ltr'>quorum</span> <span class='ocrx_word' id='word_1_60' title='bbox 2382 970 2444 1022; x_wconf 92' lang='lat' dir='ltr'>ut</span> <span class='ocrx_word' id='word_1_61' title='bbox 2489 964 2737 1042; x_wconf 88' lang='lat' dir='ltr'>quisque</span> <span class='ocrx_word' id='word_1_62' title='bbox 2783 971 2872 1024; x_wconf 89' lang='lat' dir='ltr'>est</span> <span class='ocrx_word' id='word_1_63' title='bbox 2916 962 3050 1022; x_wconf 89' lang='lat' dir='ltr'>dili-</span> 
     </span>
     <span class='ocr_line' id='line_1_8' title="bbox 486 1064 3048 1145; baseline -0.001 -19"><span class='ocrx_word' id='word_1_64' title='bbox 486 1070 749 1143; x_wconf 88' lang='lat' dir='ltr'>gentior,</span> <span class='ocrx_word' id='word_1_65' title='bbox 799 1084 869 1126; x_wconf 88' lang='lat' dir='ltr'>eo</span> <span class='ocrx_word' id='word_1_66' title='bbox 913 1067 1121 1127; x_wconf 89' lang='lat' dir='ltr'>maiori</span> <span class='ocrx_word' id='word_1_67' title='bbox 1169 1066 1303 1125; x_wconf 87' lang='lat' dir='ltr'>odio</span> <span class='ocrx_word' id='word_1_68' title='bbox 1347 1066 1667 1144; x_wconf 85' lang='lat' dir='ltr'>premitur,</span> <span class='ocrx_word' id='word_1_69' title='bbox 1715 1070 1775 1123; x_wconf 91' lang='lat' dir='ltr'>et</span> <span class='ocrx_word' id='word_1_70' title='bbox 1817 1065 2185 1142; x_wconf 84' lang='lat' dir='ltr'>gymnasium</span> <span class='ocrx_word' id='word_1_71' title='bbox 2231 1065 2585 1145; x_wconf 81' lang='lat' dir='ltr'>sapientiae,</span> <span class='ocrx_word' id='word_1_72' title='bbox 2633 1083 2749 1144; x_wconf 91' lang='lat' dir='ltr'>quo</span> <span class='ocrx_word' id='word_1_73' title='bbox 2793 1065 2864 1125; x_wconf 92' lang='lat' dir='ltr'>ad</span> <span class='ocrx_word' id='word_1_74' title='bbox 2911 1064 3048 1124; x_wconf 89' lang='lat' dir='ltr'>bea·</span> 
     </span>
     <span class='ocr_line' id='line_1_9' title="bbox 407 1148 3047 1235; baseline -0 -8"><span class='ocrx_word' id='word_1_75' title='bbox 407 1148 414 1155; x_wconf 45' lang='lat'><em>⁶</em></span> <span class='ocrx_word' id='word_1_76' title='bbox 488 1176 605 1229; x_wconf 90' lang='lat' dir='ltr'>tam</span> <span class='ocrx_word' id='word_1_77' title='bbox 659 1170 839 1228; x_wconf 85' lang='lat' dir='ltr'>vitam</span> <span class='ocrx_word' id='word_1_78' title='bbox 895 1170 1104 1229; x_wconf 86' lang='lat' dir='ltr'>semita</span> <span class='ocrx_word' id='word_1_79' title='bbox 1174 1168 1642 1235; x_wconf 88' lang='lat' dir='ltr'>demonstratur,</span> <span class='ocrx_word' id='word_1_80' title='bbox 1701 1165 1861 1225; x_wconf 84' lang='lat' dir='ltr'>velut</span> <span class='ocrx_word' id='word_1_81' title='bbox 1928 1168 2335 1226; x_wconf 87' lang='lat' dir='ltr'>taeterrimum</span> <span class='ocrx_word' id='word_1_82' title='bbox 2390 1185 2688 1227; x_wconf 82' lang='lat' dir='ltr'>carcerem</span> <span class='ocrx_word' id='word_1_83' title='bbox 2746 1166 3047 1235; x_wconf 86' lang='lat' dir='ltr'>detestari,</span> 
     </span>
     <span class='ocr_line' id='line_1_10' title="bbox 486 1268 3050 1350; baseline -0.001 -20"><span class='ocrx_word' id='word_1_84' title='bbox 486 1271 632 1331; x_wconf 89' lang='lat' dir='ltr'>alios</span> <span class='ocrx_word' id='word_1_85' title='bbox 677 1278 900 1340; x_wconf 86' lang='lat' dir='ltr'>autem,</span> <span class='ocrx_word' id='word_1_86' title='bbox 960 1272 1227 1350; x_wconf 85' lang='lat' dir='ltr'>quamvis</span> <span class='ocrx_word' id='word_1_87' title='bbox 1283 1271 1437 1329; x_wconf 86' lang='lat' dir='ltr'>scire</span> <span class='ocrx_word' id='word_1_88' title='bbox 1495 1270 1761 1347; x_wconf 85' lang='lat' dir='ltr'>cupiant,</span> <span class='ocrx_word' id='word_1_89' title='bbox 1822 1287 1993 1328; x_wconf 89' lang='lat' dir='ltr'>omne</span> <span class='ocrx_word' id='word_1_90' title='bbox 2050 1276 2247 1329; x_wconf 87' lang='lat' dir='ltr'>tamen</span> <span class='ocrx_word' id='word_1_91' title='bbox 2302 1269 2589 1330; x_wconf 78' lang='lat' dir='ltr'>fructuosi</span> <span class='ocrx_word' id='word_1_92' title='bbox 2636 1268 2858 1330; x_wconf 88' lang='lat' dir='ltr'>laboris</span> <span class='ocrx_word' id='word_1_93' title='bbox 2902 1287 3050 1329; x_wconf 91' lang='lat' dir='ltr'>onus</span> 
     </span>
     <span class='ocr_line' id='line_1_11' title="bbox 486 1369 3046 1450; baseline -0.001 -18"><span class='ocrx_word' id='word_1_94' title='bbox 486 1373 816 1433; x_wconf 81' lang='lat' dir='ltr'>detrectare</span> <span class='ocrx_word' id='word_1_95' title='bbox 874 1391 981 1433; x_wconf 92' lang='lat' dir='ltr'>nec</span> <span class='ocrx_word' id='word_1_96' title='bbox 1037 1372 1293 1433; x_wconf 87' lang='lat' dir='ltr'>assiduis</span> <span class='ocrx_word' id='word_1_97' title='bbox 1345 1372 1658 1432; x_wconf 87' lang='lat' dir='ltr'>inhaerere</span> <span class='ocrx_word' id='word_1_98' title='bbox 1715 1369 2072 1431; x_wconf 86' lang='lat' dir='ltr'>lectionibus</span> <span class='ocrx_word' id='word_1_99' title='bbox 2130 1388 2239 1430; x_wconf 89' lang='lat' dir='ltr'>nec</span> <span class='ocrx_word' id='word_1_100' title='bbox 2297 1373 2528 1432; x_wconf 88' lang='lat' dir='ltr'>curiosa</span> <span class='ocrx_word' id='word_1_101' title='bbox 2573 1372 3046 1450; x_wconf 84' lang='lat' dir='ltr'>perscrutatione</span> 
     </span>
     <span class='ocr_line' id='line_1_12' title="bbox 409 1472 3048 1552; baseline 0.001 -23"><span class='ocrx_word' id='word_1_102' title='bbox 409 1490 460 1529; x_wconf 78' lang='grc' dir='ltr'>ιο</span> <span class='ocrx_word' id='word_1_103' title='bbox 486 1483 749 1536; x_wconf 88' lang='lat' dir='ltr'>veterum</span> <span class='ocrx_word' id='word_1_104' title='bbox 806 1494 1017 1535; x_wconf 85' lang='lat' dir='ltr'>eruere</span> <span class='ocrx_word' id='word_1_105' title='bbox 1074 1475 1556 1541; x_wconf 77' lang='lat' dir='ltr'>commentarioS,</span> <span class='ocrx_word' id='word_1_106' title='bbox 1616 1473 1717 1552; x_wconf 89' lang='lat' dir='ltr'>qui</span> <span class='ocrx_word' id='word_1_107' title='bbox 1774 1472 1912 1532; x_wconf 91' lang='lat' dir='ltr'>dum</span> <span class='ocrx_word' id='word_1_108' title='bbox 1967 1490 2203 1551; x_wconf 87' lang='lat' dir='ltr'>semper</span> <span class='ocrx_word' id='word_1_109' title='bbox 2259 1472 2460 1532; x_wconf 84' lang='lat' dir='ltr'>volunt</span> <span class='ocrx_word' id='word_1_110' title='bbox 2504 1472 2660 1532; x_wconf 92' lang='lat' dir='ltr'>docti</span> <span class='ocrx_word' id='word_1_111' title='bbox 2708 1491 2869 1543; x_wconf 92' lang='lat' dir='ltr'>esse,</span> <span class='ocrx_word' id='word_1_112' title='bbox 2917 1474 3048 1533; x_wconf 87' lang='lat' dir='ltr'>fieri</span> 
     </span>
     <span class='ocr_line' id='line_1_13' title="bbox 486 1574 3045 1657; baseline -0.002 -19"><span class='ocrx_word' id='word_1_113' title='bbox 486 1596 802 1657; x_wconf 87' lang='lat' dir='ltr'>numquam</span> <span class='ocrx_word' id='word_1_114' title='bbox 847 1585 1125 1657; x_wconf 85' lang='lat' dir='ltr'>possunt:</span> <span class='ocrx_word' id='word_1_115' title='bbox 1172 1577 1396 1637; x_wconf 87' lang='lat' dir='ltr'>idcirco</span> <span class='ocrx_word' id='word_1_116' title='bbox 1441 1577 1630 1636; x_wconf 86' lang='lat' dir='ltr'>fateor</span> <span class='ocrx_word' id='word_1_117' title='bbox 1673 1593 1765 1634; x_wconf 90' lang='lat' dir='ltr'>me</span> <span class='ocrx_word' id='word_1_118' title='bbox 1800 1576 2101 1651; x_wconf 86' lang='lat' dir='ltr'>negotium</span> <span class='ocrx_word' id='word_1_119' title='bbox 2145 1576 2479 1653; x_wconf 89' lang='lat' dir='ltr'>suscepisse</span> <span class='ocrx_word' id='word_1_120' title='bbox 2525 1574 2800 1654; x_wconf 90' lang='lat' dir='ltr'>pluribus</span> <span class='ocrx_word' id='word_1_121' title='bbox 2845 1576 3045 1655; x_wconf 85' lang='lat' dir='ltr'>profu·</span> 
     </span>
     <span class='ocr_line' id='line_1_14' title="bbox 485 1676 3045 1759; baseline -0.001 -20"><span class='ocrx_word' id='word_1_122' title='bbox 485 1688 710 1749; x_wconf 89' lang='lat' dir='ltr'>turum,</span> <span class='ocrx_word' id='word_1_123' title='bbox 769 1681 884 1739; x_wconf 90' lang='lat' dir='ltr'>nisi</span> <span class='ocrx_word' id='word_1_124' title='bbox 940 1682 1041 1759; x_wconf 92' lang='lat' dir='ltr'>qui</span> <span class='ocrx_word' id='word_1_125' title='bbox 1098 1679 1383 1740; x_wconf 90' lang='lat' dir='ltr'>novellam</span> <span class='ocrx_word' id='word_1_126' title='bbox 1442 1680 1588 1738; x_wconf 88' lang='lat' dir='ltr'>artis</span> <span class='ocrx_word' id='word_1_127' title='bbox 1644 1678 2071 1755; x_wconf 86' lang='lat' dir='ltr'>expositionem</span> <span class='ocrx_word' id='word_1_128' title='bbox 2127 1682 2382 1737; x_wconf 88' lang='lat' dir='ltr'>tractare</span> <span class='ocrx_word' id='word_1_129' title='bbox 2438 1676 2770 1747; x_wconf 79' lang='lat' dir='ltr'>fastidiant,</span> <span class='ocrx_word' id='word_1_130' title='bbox 2818 1679 3045 1756; x_wconf 87' lang='lat' dir='ltr'>praeci·</span> 
     </span>
     <span class='ocr_line' id='line_1_15' title="bbox 483 1778 3043 1861; baseline 0 -21"><span class='ocrx_word' id='word_1_131' title='bbox 483 1799 714 1859; x_wconf 88' lang='lat' dir='ltr'>pueque</span> <span class='ocrx_word' id='word_1_132' title='bbox 760 1781 1068 1861; x_wconf 86' lang='lat' dir='ltr'>discipulis</span> <span class='ocrx_word' id='word_1_133' title='bbox 1114 1783 1362 1850; x_wconf 88' lang='lat' dir='ltr'>nostris,</span> <span class='ocrx_word' id='word_1_134' title='bbox 1409 1779 1624 1859; x_wconf 87' lang='lat' dir='ltr'>quibus</span> <span class='ocrx_word' id='word_1_135' title='bbox 1656 1778 1937 1839; x_wconf 84' lang='lat' dir='ltr'>adversus</span> <span class='ocrx_word' id='word_1_136' title='bbox 1967 1778 2278 1839; x_wconf 88' lang='lat' dir='ltr'>oblivionis</span> <span class='ocrx_word' id='word_1_137' title='bbox 2322 1780 2608 1839; x_wconf 88' lang='lat' dir='ltr'>iacturam</span> <span class='ocrx_word' id='word_1_138' title='bbox 2653 1787 2712 1840; x_wconf 90' lang='lat' dir='ltr'>et</span> <span class='ocrx_word' id='word_1_139' title='bbox 2755 1798 3043 1859; x_wconf 85' lang='lat' dir='ltr'>percunc-</span> 
     </span>
     <span class='ocr_line' id='line_1_16' title="bbox 483 1879 3044 1961; baseline 0 -19"><span class='ocrx_word' id='word_1_140' title='bbox 483 1884 734 1943; x_wconf 91' lang='lat' dir='ltr'>tantium</span> <span class='ocrx_word' id='word_1_141' title='bbox 797 1890 1158 1945; x_wconf 88' lang='lat' dir='ltr'>tentamenta</span> <span class='ocrx_word' id='word_1_142' title='bbox 1223 1882 1556 1943; x_wconf 91' lang='lat' dir='ltr'>consultum</span> <span class='ocrx_word' id='word_1_143' title='bbox 1624 1899 1753 1941; x_wconf 88' lang='lat' dir='ltr'>esse</span> <span class='ocrx_word' id='word_1_144' title='bbox 1823 1881 2116 1942; x_wconf 87' lang='lat' dir='ltr'>desidero.</span> <span class='ocrx_word' id='word_1_145' title='bbox 2206 1882 2271 1939; x_wconf 91' lang='lat' dir='ltr'>in</span> <span class='ocrx_word' id='word_1_146' title='bbox 2334 1879 2445 1940; x_wconf 89' lang='lat' dir='ltr'>hoc</span> <span class='ocrx_word' id='word_1_147' title='bbox 2502 1898 2752 1961; x_wconf 87' lang='lat' dir='ltr'>namque</span> <span class='ocrx_word' id='word_1_148' title='bbox 2808 1891 3044 1943; x_wconf 88' lang='lat' dir='ltr'>nostrae</span> 
     </span>
     <span class='ocr_line' id='line_1_17' title="bbox 407 1983 3041 2063; baseline 0 -19"><span class='ocrx_word' id='word_1_149' title='bbox 407 1998 456 2038; x_wconf 80' lang='lat'>15</span> <span class='ocrx_word' id='word_1_150' title='bbox 484 1986 870 2063; x_wconf 79' lang='lat' dir='ltr'>professionis</span> <span class='ocrx_word' id='word_1_151' title='bbox 914 2005 1140 2047; x_wconf 89' lang='lat' dir='ltr'>summa</span> <span class='ocrx_word' id='word_1_152' title='bbox 1183 1991 1481 2053; x_wconf 85' lang='lat' dir='ltr'>versatur,</span> <span class='ocrx_word' id='word_1_153' title='bbox 1529 1992 1595 2043; x_wconf 91' lang='lat' dir='ltr'>ut</span> <span class='ocrx_word' id='word_1_154' title='bbox 1639 1984 1697 2042; x_wconf 92' lang='lat' dir='ltr'>in</span> <span class='ocrx_word' id='word_1_155' title='bbox 1742 1983 1994 2043; x_wconf 89' lang='lat' dir='ltr'>aliorum</span> <span class='ocrx_word' id='word_1_156' title='bbox 2040 1984 2288 2043; x_wconf 89' lang='lat' dir='ltr'>scientia</span> <span class='ocrx_word' id='word_1_157' title='bbox 2332 1983 2418 2042; x_wconf 89' lang='lat' dir='ltr'>tui</span> <span class='ocrx_word' id='word_1_158' title='bbox 2463 1984 2794 2061; x_wconf 85' lang='lat' dir='ltr'>periculum</span> <span class='ocrx_word' id='word_1_159' title='bbox 2839 1985 3041 2054; x_wconf 79' lang='lat' dir='ltr'>saciaS,</span> 
     </span>
     <span class='ocr_line' id='line_1_18' title="bbox 482 2084 3041 2166; baseline 0 -20"><span class='ocrx_word' id='word_1_160' title='bbox 482 2105 592 2147; x_wconf 88' lang='lat' dir='ltr'>nec</span> <span class='ocrx_word' id='word_1_161' title='bbox 638 2089 688 2146; x_wconf 91' lang='lat' dir='ltr'>si</span> <span class='ocrx_word' id='word_1_162' title='bbox 733 2091 858 2166; x_wconf 88' lang='lat' dir='ltr'>ipse</span> <span class='ocrx_word' id='word_1_163' title='bbox 904 2090 1085 2157; x_wconf 89' lang='lat' dir='ltr'>scias,</span> <span class='ocrx_word' id='word_1_164' title='bbox 1133 2087 1235 2148; x_wconf 90' lang='lat' dir='ltr'>sed</span> <span class='ocrx_word' id='word_1_165' title='bbox 1281 2089 1332 2147; x_wconf 90' lang='lat' dir='ltr'>si</span> <span class='ocrx_word' id='word_1_166' title='bbox 1377 2086 1522 2145; x_wconf 91' lang='lat' dir='ltr'>alios</span> <span class='ocrx_word' id='word_1_167' title='bbox 1566 2085 1865 2154; x_wconf 83' lang='lat' dir='ltr'>docueriS,</span> <span class='ocrx_word' id='word_1_168' title='bbox 1914 2084 2181 2145; x_wconf 88' lang='lat' dir='ltr'>eruditus</span> <span class='ocrx_word' id='word_1_169' title='bbox 2226 2101 2355 2143; x_wconf 89' lang='lat' dir='ltr'>esse</span> <span class='ocrx_word' id='word_1_170' title='bbox 2400 2084 2677 2145; x_wconf 83' lang='lat' dir='ltr'>videaris.</span> <span class='ocrx_word' id='word_1_171' title='bbox 2737 2087 3041 2146; x_wconf 90' lang='lat' dir='ltr'>nominum</span> 
     </span>
     <span class='ocr_line' id='line_1_19' title="bbox 482 2176 3043 2267; baseline -0.001 -19"><span class='ocrx_word' id='word_1_172' title='bbox 482 2176 666 2265; x_wconf 85' lang='lat' dir='ltr'>igitur</span> <span class='ocrx_word' id='word_1_173' title='bbox 710 2190 941 2267; x_wconf 88' lang='lat' dir='ltr'>regulas</span> <span class='ocrx_word' id='word_1_174' title='bbox 987 2198 1046 2251; x_wconf 89' lang='lat' dir='ltr'>et</span> <span class='ocrx_word' id='word_1_175' title='bbox 1089 2189 1403 2250; x_wconf 82' lang='lat' dir='ltr'>verborum</span> <span class='ocrx_word' id='word_1_176' title='bbox 1452 2191 1512 2248; x_wconf 89' lang='lat' dir='ltr'>in</span> <span class='ocrx_word' id='word_1_177' title='bbox 1558 2206 1740 2248; x_wconf 91' lang='lat' dir='ltr'>unum</span> <span class='ocrx_word' id='word_1_178' title='bbox 1786 2188 2087 2265; x_wconf 82' lang='lat' dir='ltr'>congessi,</span> <span class='ocrx_word' id='word_1_179' title='bbox 2135 2187 2414 2265; x_wconf 88' lang='lat' dir='ltr'>quoniam</span> <span class='ocrx_word' id='word_1_180' title='bbox 2457 2185 2602 2246; x_wconf 87' lang='lat' dir='ltr'>baec</span> <span class='ocrx_word' id='word_1_181' title='bbox 2646 2187 2772 2247; x_wconf 89' lang='lat' dir='ltr'>fere</span> <span class='ocrx_word' id='word_1_182' title='bbox 2817 2189 3043 2266; x_wconf 86' lang='lat' dir='ltr'>princi-</span> 
     </span>
     <span class='ocr_line' id='line_1_20' title="bbox 479 2287 3044 2371; baseline -0 -21"><span class='ocrx_word' id='word_1_183' title='bbox 479 2297 682 2369; x_wconf 88' lang='lat' dir='ltr'>patum</span> <span class='ocrx_word' id='word_1_184' title='bbox 735 2294 797 2351; x_wconf 90' lang='lat' dir='ltr'>in</span> <span class='ocrx_word' id='word_1_185' title='bbox 851 2290 1123 2371; x_wconf 87' lang='lat' dir='ltr'>partibus</span> <span class='ocrx_word' id='word_1_186' title='bbox 1180 2292 1463 2351; x_wconf 87' lang='lat' dir='ltr'>orationis</span> <span class='ocrx_word' id='word_1_187' title='bbox 1524 2288 1794 2350; x_wconf 87' lang='lat' dir='ltr'>obtinent</span> <span class='ocrx_word' id='word_1_188' title='bbox 1848 2289 2211 2367; x_wconf 90' lang='lat' dir='ltr'>multumque</span> <span class='ocrx_word' id='word_1_189' title='bbox 2271 2287 2633 2348; x_wconf 74' lang='lat' dir='ltr'>difficultatis</span> <span class='ocrx_word' id='word_1_190' title='bbox 2689 2287 2937 2361; x_wconf 88' lang='lat' dir='ltr'>habent,</span> <span class='ocrx_word' id='word_1_191' title='bbox 2986 2297 3044 2349; x_wconf 88' lang='lat' dir='ltr'>et</span> 
     </span>
     <span class='ocr_line' id='line_1_21' title="bbox 478 2388 3042 2472; baseline -0 -20"><span class='ocrx_word' id='word_1_192' title='bbox 478 2411 658 2472; x_wconf 88' lang='lat' dir='ltr'>super</span> <span class='ocrx_word' id='word_1_193' title='bbox 703 2396 919 2453; x_wconf 88' lang='lat' dir='ltr'>ceteris</span> <span class='ocrx_word' id='word_1_194' title='bbox 965 2393 1196 2454; x_wconf 88' lang='lat' dir='ltr'>abunde</span> <span class='ocrx_word' id='word_1_195' title='bbox 1242 2392 1466 2453; x_wconf 91' lang='lat' dir='ltr'>dictum</span> <span class='ocrx_word' id='word_1_196' title='bbox 1510 2411 1542 2452; x_wconf 91' lang='lat' dir='ltr'>a</span> <span class='ocrx_word' id='word_1_197' title='bbox 1587 2393 1836 2452; x_wconf 90' lang='lat' dir='ltr'>summis</span> <span class='ocrx_word' id='word_1_198' title='bbox 1879 2388 2222 2451; x_wconf 89' lang='lat' dir='ltr'>auctoribus</span> <span class='ocrx_word' id='word_1_199' title='bbox 2266 2393 2533 2451; x_wconf 90' lang='lat' dir='ltr'>aestim0.</span> <span class='ocrx_word' id='word_1_200' title='bbox 2595 2409 2710 2469; x_wconf 92' lang='lat' dir='ltr'>quo</span> <span class='ocrx_word' id='word_1_201' title='bbox 2754 2394 2817 2451; x_wconf 89' lang='lat' dir='ltr'>in</span> <span class='ocrx_word' id='word_1_202' title='bbox 2862 2409 3042 2471; x_wconf 88' lang='lat' dir='ltr'>opere</span> 
     </span>
     <span class='ocr_line' id='line_1_22' title="bbox 405 2492 3040 2572; baseline 0.002 -24"><span class='ocrx_word' id='word_1_203' title='bbox 405 2510 457 2548; x_wconf 80' lang='lat'>20</span> <span class='ocrx_word' id='word_1_204' title='bbox 485 2494 636 2555; x_wconf 90' lang='lat' dir='ltr'>nihil</span> <span class='ocrx_word' id='word_1_205' title='bbox 684 2495 832 2556; x_wconf 90' lang='lat' dir='ltr'>mihi</span> <span class='ocrx_word' id='word_1_206' title='bbox 879 2504 1132 2565; x_wconf 88' lang='lat' dir='ltr'>sumam,</span> <span class='ocrx_word' id='word_1_207' title='bbox 1181 2514 1289 2555; x_wconf 89' lang='lat' dir='ltr'>nec</span> <span class='ocrx_word' id='word_1_208' title='bbox 1334 2515 1366 2554; x_wconf 88' lang='lat' dir='ltr'>a</span> <span class='ocrx_word' id='word_1_209' title='bbox 1410 2512 1503 2554; x_wconf 85' lang='lat' dir='ltr'>me</span> <span class='ocrx_word' id='word_1_210' title='bbox 1548 2496 1683 2554; x_wconf 84' lang='lat' dir='ltr'>novi</span> <span class='ocrx_word' id='word_1_211' title='bbox 1729 2494 2043 2572; x_wconf 89' lang='lat' dir='ltr'>quicquam</span> <span class='ocrx_word' id='word_1_212' title='bbox 2089 2499 2394 2571; x_wconf 88' lang='lat' dir='ltr'>repertum</span> <span class='ocrx_word' id='word_1_213' title='bbox 2439 2492 2777 2553; x_wconf 82' lang='lat' dir='ltr'>adfirmabo.</span> <span class='ocrx_word' id='word_1_214' title='bbox 2858 2493 3040 2554; x_wconf 88' lang='lat' dir='ltr'>multa</span> 
     </span>
     <span class='ocr_line' id='line_1_23' title="bbox 479 2593 3041 2677; baseline -0.001 -19"><span class='ocrx_word' id='word_1_215' title='bbox 479 2616 729 2677; x_wconf 76' lang='lat' dir='ltr'>namque</span> <span class='ocrx_word' id='word_1_216' title='bbox 775 2616 845 2658; x_wconf 86' lang='lat' dir='ltr'>ex</span> <span class='ocrx_word' id='word_1_217' title='bbox 890 2598 1211 2658; x_wconf 84' lang='lat' dir='ltr'>multorum</span> <span class='ocrx_word' id='word_1_218' title='bbox 1269 2595 1441 2657; x_wconf 90' lang='lat' dir='ltr'>libris</span> <span class='ocrx_word' id='word_1_219' title='bbox 1486 2596 1763 2676; x_wconf 90' lang='lat' dir='ltr'>decerpta</span> <span class='ocrx_word' id='word_1_220' title='bbox 1809 2597 2094 2655; x_wconf 90' lang='lat' dir='ltr'>concinna</span> <span class='ocrx_word' id='word_1_221' title='bbox 2151 2593 2441 2657; x_wconf 85' lang='lat' dir='ltr'>brevitate</span> <span class='ocrx_word' id='word_1_222' title='bbox 2487 2595 2775 2665; x_wconf 89' lang='lat' dir='ltr'>conclusi,</span> <span class='ocrx_word' id='word_1_223' title='bbox 2823 2602 2889 2655; x_wconf 91' lang='lat' dir='ltr'>ut</span> <span class='ocrx_word' id='word_1_224' title='bbox 2930 2613 3041 2655; x_wconf 88' lang='lat' dir='ltr'>nec</span> 
     </span>
     <span class='ocr_line' id='line_1_24' title="bbox 476 2696 3039 2779; baseline 0 -21"><span class='ocrx_word' id='word_1_225' title='bbox 476 2701 675 2760; x_wconf 89' lang='lat' dir='ltr'>ieiuna</span> <span class='ocrx_word' id='word_1_226' title='bbox 721 2719 929 2779; x_wconf 87' lang='lat' dir='ltr'>parum</span> <span class='ocrx_word' id='word_1_227' title='bbox 976 2701 1230 2760; x_wconf 87' lang='lat' dir='ltr'>instruat</span> <span class='ocrx_word' id='word_1_228' title='bbox 1261 2701 1671 2777; x_wconf 87' lang='lat' dir='ltr'>conpensatio,</span> <span class='ocrx_word' id='word_1_229' title='bbox 1719 2716 1831 2758; x_wconf 89' lang='lat' dir='ltr'>nec</span> <span class='ocrx_word' id='word_1_230' title='bbox 1860 2696 2107 2757; x_wconf 82' lang='lat' dir='ltr'>verbosa</span> <span class='ocrx_word' id='word_1_231' title='bbox 2152 2698 2462 2776; x_wconf 86' lang='lat' dir='ltr'>prolixitas</span> <span class='ocrx_word' id='word_1_232' title='bbox 2491 2696 2794 2758; x_wconf 90' lang='lat' dir='ltr'>fastidium</span> <span class='ocrx_word' id='word_1_233' title='bbox 2839 2697 3039 2775; x_wconf 85' lang='lat' dir='ltr'>legen-</span> 
     </span>
     <span class='ocr_line' id='line_1_25' title="bbox 474 2801 3040 2884; baseline 0 -22"><span class='ocrx_word' id='word_1_234' title='bbox 474 2802 635 2863; x_wconf 88' lang='lat' dir='ltr'>tibus</span> <span class='ocrx_word' id='word_1_235' title='bbox 678 2811 925 2864; x_wconf 83' lang='lat' dir='ltr'>moveat.</span> <span class='ocrx_word' id='word_1_236' title='bbox 993 2802 1188 2880; x_wconf 88' lang='lat' dir='ltr'>siquid</span> <span class='ocrx_word' id='word_1_237' title='bbox 1235 2809 1430 2865; x_wconf 91' lang='lat' dir='ltr'>autem</span> <span class='ocrx_word' id='word_1_238' title='bbox 1477 2821 1508 2862; x_wconf 93' lang='lat' dir='ltr'>a</span> <span class='ocrx_word' id='word_1_239' title='bbox 1553 2801 1726 2862; x_wconf 90' lang='lat' dir='ltr'>nobis</span> <span class='ocrx_word' id='word_1_240' title='bbox 1772 2803 1830 2860; x_wconf 91' lang='lat' dir='ltr'>in</span> <span class='ocrx_word' id='word_1_241' title='bbox 1875 2809 2148 2884; x_wconf 81' lang='lat' dir='ltr'>suscepto</span> <span class='ocrx_word' id='word_1_242' title='bbox 2192 2803 2429 2877; x_wconf 85' lang='lat' dir='ltr'>negotio</span> <span class='ocrx_word' id='word_1_243' title='bbox 2476 2801 2779 2861; x_wconf 88' lang='lat' dir='ltr'>commode</span> <span class='ocrx_word' id='word_1_244' title='bbox 2823 2809 3040 2863; x_wconf 88' lang='lat' dir='ltr'>tracta-</span> 
     </span>
     <span class='ocr_line' id='line_1_26' title="bbox 474 2895 3036 2983; baseline -0.001 -19"><span class='ocrx_word' id='word_1_245' title='bbox 474 2895 597 2964; x_wconf 73' lang='lat' dir='ltr'>tum</span> <span class='ocrx_word' id='word_1_246' title='bbox 665 2912 783 2974; x_wconf 90' lang='lat' dir='ltr'>est,</span> <span class='ocrx_word' id='word_1_247' title='bbox 851 2905 1003 2964; x_wconf 90' lang='lat' dir='ltr'>malo</span> <span class='ocrx_word' id='word_1_248' title='bbox 1069 2905 1130 2964; x_wconf 90' lang='lat' dir='ltr'>id</span> <span class='ocrx_word' id='word_1_249' title='bbox 1197 2904 1437 2964; x_wconf 88' lang='lat' dir='ltr'>lectoris</span> <span class='ocrx_word' id='word_1_250' title='bbox 1493 2902 1714 2963; x_wconf 91' lang='lat' dir='ltr'>iudicio</span> <span class='ocrx_word' id='word_1_251' title='bbox 1770 2903 2028 2971; x_wconf 88' lang='lat' dir='ltr'>laudari,</span> <span class='ocrx_word' id='word_1_252' title='bbox 2097 2920 2270 2981; x_wconf 89' lang='lat' dir='ltr'>quam</span> <span class='ocrx_word' id='word_1_253' title='bbox 2338 2910 2540 2963; x_wconf 92' lang='lat' dir='ltr'>nostra</span> <span class='ocrx_word' id='word_1_254' title='bbox 2594 2903 3036 2983; x_wconf 81' lang='lat' dir='ltr'>praedicatione</span> 
     </span>
     <span class='ocr_line' id='line_1_27' title="bbox 399 2999 3036 3086; baseline 0.002 -25"><span class='ocrx_word' id='word_1_255' title='bbox 399 3008 708 3066; x_wconf 74' lang='lat' dir='ltr'>25iactari.</span> <span class='ocrx_word' id='word_1_256' title='bbox 781 3013 846 3065; x_wconf 90' lang='lat' dir='ltr'>tu</span> <span class='ocrx_word' id='word_1_257' title='bbox 887 3014 1087 3066; x_wconf 89' lang='lat' dir='ltr'>tamen</span> <span class='ocrx_word' id='word_1_258' title='bbox 1134 3005 1424 3066; x_wconf 90' lang='lat' dir='ltr'>industria</span> <span class='ocrx_word' id='word_1_259' title='bbox 1472 2999 1498 3086; x_wconf 86' lang='grc' dir='ltr'>ΙΙ</span> <span class='ocrx_word' id='word_1_260' title='bbox 1549 3013 1645 3065; x_wconf 89' lang='lat' dir='ltr'>tua</span> <span class='ocrx_word' id='word_1_261' title='bbox 1691 3004 1783 3064; x_wconf 83' lang='lat' dir='ltr'>vel</span> <span class='ocrx_word' id='word_1_262' title='bbox 1829 3005 2193 3085; x_wconf 87' lang='lat' dir='ltr'>petulantiae</span> <span class='ocrx_word' id='word_1_263' title='bbox 2239 3012 2475 3065; x_wconf 89' lang='lat' dir='ltr'>nostrae</span> <span class='ocrx_word' id='word_1_264' title='bbox 2521 3007 2749 3066; x_wconf 89' lang='lat' dir='ltr'>crimen</span> <span class='ocrx_word' id='word_1_265' title='bbox 2794 3024 3036 3067; x_wconf 86' lang='lat' dir='ltr'>excusa-</span> 
     </span>
     <span class='ocr_line' id='line_1_28' title="bbox 474 3092 2439 3187; baseline -0.001 -20"><span class='ocrx_word' id='word_1_266' title='bbox 474 3107 596 3178; x_wconf 91' lang='lat' dir='ltr'>bis,</span> <span class='ocrx_word' id='word_1_267' title='bbox 643 3108 735 3167; x_wconf 86' lang='lat' dir='ltr'>vel</span> <span class='ocrx_word' id='word_1_268' title='bbox 779 3107 969 3168; x_wconf 90' lang='lat' dir='ltr'>laudis</span> <span class='ocrx_word' id='word_1_269' title='bbox 1012 3108 1209 3187; x_wconf 90' lang='lat' dir='ltr'>siquid</span> <span class='ocrx_word' id='word_1_270' title='bbox 1254 3106 1649 3177; x_wconf 84' lang='lat' dir='ltr'>merebimur,</span> <span class='ocrx_word' id='word_1_271' title='bbox 1696 3107 2026 3185; x_wconf 78' lang='lat' dir='ltr'>ampliabiS.</span> <span class='ocrx_word' id='word_1_272' title='bbox 2116 3106 2260 3166; x_wconf 85' lang='lat' dir='ltr'>vale.</span> <span class='ocrx_word' id='word_1_273' title='bbox 2311 3103 2319 3186; x_wconf 86' lang='grc' dir='ltr'>Ι</span> <span class='ocrx_word' id='word_1_274' title='bbox 2421 3092 2439 3112; x_wconf 76' lang='grc'><em>“</em></span> 
     </span>
    </p>

    <p class='ocr_par' dir='ltr' id='par_1_4' title="bbox 472 3208 3035 3492">
     <span class='ocr_line' id='line_1_29' title="bbox 641 3208 3035 3289; baseline 0.001 -20"><span class='ocrx_word' id='word_1_275' title='bbox 641 3209 967 3288; x_wconf 80' lang='lat' dir='ltr'>Adgressus</span> <span class='ocrx_word' id='word_1_276' title='bbox 1013 3212 1317 3270; x_wconf 90' lang='lat' dir='ltr'>nominum</span> <span class='ocrx_word' id='word_1_277' title='bbox 1361 3209 1597 3286; x_wconf 89' lang='lat' dir='ltr'>regulas</span> <span class='ocrx_word' id='word_1_278' title='bbox 1641 3208 1904 3268; x_wconf 82' lang='lat' dir='ltr'>breviter</span> <span class='ocrx_word' id='word_1_279' title='bbox 1948 3209 2261 3288; x_wconf 83' lang='lat' dir='ltr'>explanare</span> <span class='ocrx_word' id='word_1_280' title='bbox 2316 3216 2375 3269; x_wconf 89' lang='lat' dir='ltr'>et</span> <span class='ocrx_word' id='word_1_281' title='bbox 2430 3210 2836 3289; x_wconf 90' lang='lat' dir='ltr'>scrupulosam</span> <span class='ocrx_word' id='word_1_282' title='bbox 2879 3210 3035 3270; x_wconf 81' lang='lat' dir='ltr'>diffi-</span> 
     </span>
     <span class='ocr_line' id='line_1_30' title="bbox 473 3310 3033 3392; baseline 0 -21"><span class='ocrx_word' id='word_1_283' title='bbox 473 3312 763 3392; x_wconf 88' lang='lat' dir='ltr'>cilemque</span> <span class='ocrx_word' id='word_1_284' title='bbox 819 3313 1126 3373; x_wconf 88' lang='lat' dir='ltr'>materiam</span> <span class='ocrx_word' id='word_1_285' title='bbox 1183 3311 1660 3372; x_wconf 87' lang='lat' dir='ltr'>adulescentibus</span> <span class='ocrx_word' id='word_1_286' title='bbox 1704 3313 1968 3390; x_wconf 88' lang='lat' dir='ltr'>perviam</span> <span class='ocrx_word' id='word_1_287' title='bbox 2011 3312 2237 3381; x_wconf 84' lang='lat' dir='ltr'>facere,</span> <span class='ocrx_word' id='word_1_288' title='bbox 2285 3313 2566 3390; x_wconf 89' lang='lat' dir='ltr'>quoniam</span> <span class='ocrx_word' id='word_1_289' title='bbox 2610 3313 2801 3372; x_wconf 90' lang='lat' dir='ltr'>omnis</span> <span class='ocrx_word' id='word_1_290' title='bbox 2846 3310 3033 3371; x_wconf 91' lang='lat' dir='ltr'>ambi-</span> 
     </span>
     <span class='ocr_line' id='line_1_31' title="bbox 472 3413 3033 3492; baseline -0 -18"><span class='ocrx_word' id='word_1_291' title='bbox 472 3416 665 3492; x_wconf 89' lang='lat' dir='ltr'>guitas</span> <span class='ocrx_word' id='word_1_292' title='bbox 708 3416 770 3474; x_wconf 89' lang='lat' dir='ltr'>in</span> <span class='ocrx_word' id='word_1_293' title='bbox 814 3432 1034 3492; x_wconf 86' lang='lat' dir='ltr'>genere</span> <span class='ocrx_word' id='word_1_294' title='bbox 1080 3416 1336 3474; x_wconf 90' lang='lat' dir='ltr'>nominis</span> <span class='ocrx_word' id='word_1_295' title='bbox 1380 3421 1438 3474; x_wconf 90' lang='lat' dir='ltr'>et</span> <span class='ocrx_word' id='word_1_296' title='bbox 1483 3413 1874 3473; x_wconf 89' lang='lat' dir='ltr'>declinatione</span> <span class='ocrx_word' id='word_1_297' title='bbox 1921 3414 2216 3484; x_wconf 90' lang='lat' dir='ltr'>consistit,</span> <span class='ocrx_word' id='word_1_298' title='bbox 2262 3414 2521 3492; x_wconf 88' lang='lat' dir='ltr'>primum</span> <span class='ocrx_word' id='word_1_299' title='bbox 2562 3414 2743 3475; x_wconf 89' lang='lat' dir='ltr'>latina</span> <span class='ocrx_word' id='word_1_300' title='bbox 2788 3433 2821 3474; x_wconf 90' lang='lat' dir='ltr'>a</span> <span class='ocrx_word' id='word_1_301' title='bbox 2865 3431 3033 3490; x_wconf 87' lang='lat' dir='ltr'>grae-</span> 
     </span>
    </p>

    <p class='ocr_par' dir='ltr' id='par_1_5' title="bbox 395 3514 3032 4004">
     <span class='ocr_line' id='line_1_32' title="bbox 395 3514 3031 3595; baseline 0.001 -20"><span class='ocrx_word' id='word_1_302' title='bbox 395 3543 445 3584; x_wconf 77' lang='lat'>30</span> <span class='ocrx_word' id='word_1_303' title='bbox 471 3518 559 3576; x_wconf 89' lang='lat' dir='ltr'>cis</span> <span class='ocrx_word' id='word_1_304' title='bbox 602 3516 893 3586; x_wconf 82' lang='lat' dir='ltr'>discrevi,</span> <span class='ocrx_word' id='word_1_305' title='bbox 940 3535 1014 3577; x_wconf 92' lang='lat' dir='ltr'>ne</span> <span class='ocrx_word' id='word_1_306' title='bbox 1061 3517 1407 3576; x_wconf 83' lang='lat' dir='ltr'>confusione</span> <span class='ocrx_word' id='word_1_307' title='bbox 1454 3517 1757 3576; x_wconf 87' lang='lat' dir='ltr'>varietatis</span> <span class='ocrx_word' id='word_1_308' title='bbox 1800 3514 2077 3575; x_wconf 88' lang='lat' dir='ltr'>turbetur</span> <span class='ocrx_word' id='word_1_309' title='bbox 2120 3517 2434 3586; x_wconf 88' lang='lat' dir='ltr'>memoria;</span> <span class='ocrx_word' id='word_1_310' title='bbox 2480 3516 2693 3577; x_wconf 88' lang='lat' dir='ltr'>deinde</span> <span class='ocrx_word' id='word_1_311' title='bbox 2738 3515 3031 3595; x_wconf 81' lang='lat' dir='ltr'>monosyl-</span> 
     </span>
     <span class='ocr_line' id='line_1_33' title="bbox 469 3617 3030 3697; baseline -0 -19"><span class='ocrx_word' id='word_1_312' title='bbox 469 3617 600 3678; x_wconf 87' lang='lat' dir='ltr'>laba</span> <span class='ocrx_word' id='word_1_313' title='bbox 647 3629 927 3696; x_wconf 88' lang='lat' dir='ltr'>congesta</span> <span class='ocrx_word' id='word_1_314' title='bbox 972 3620 1312 3697; x_wconf 86' lang='lat' dir='ltr'>praeposui,</span> <span class='ocrx_word' id='word_1_315' title='bbox 1372 3637 1521 3697; x_wconf 90' lang='lat' dir='ltr'>quae</span> <span class='ocrx_word' id='word_1_316' title='bbox 1578 3617 1796 3677; x_wconf 83' lang='lat' dir='ltr'>diversi</span> <span class='ocrx_word' id='word_1_317' title='bbox 1852 3617 2090 3697; x_wconf 89' lang='lat' dir='ltr'>quidem</span> <span class='ocrx_word' id='word_1_318' title='bbox 2135 3624 2271 3678; x_wconf 90' lang='lat' dir='ltr'>sunt</span> <span class='ocrx_word' id='word_1_319' title='bbox 2314 3621 2578 3695; x_wconf 87' lang='lat' dir='ltr'>generis,</span> <span class='ocrx_word' id='word_1_320' title='bbox 2626 3620 2788 3679; x_wconf 87' lang='lat' dir='ltr'>tertii</span> <span class='ocrx_word' id='word_1_321' title='bbox 2835 3625 3030 3678; x_wconf 89' lang='lat' dir='ltr'>autem</span> 
     </span>
     <span class='ocr_line' id='line_1_34' title="bbox 468 3719 3028 3799; baseline -0.001 -19"><span class='ocrx_word' id='word_1_322' title='bbox 468 3721 695 3781; x_wconf 88' lang='lat' dir='ltr'>ordinis</span> <span class='ocrx_word' id='word_1_323' title='bbox 737 3720 1048 3781; x_wconf 88' lang='lat' dir='ltr'>formulam</span> <span class='ocrx_word' id='word_1_324' title='bbox 1092 3719 1285 3780; x_wconf 87' lang='lat' dir='ltr'>tribus</span> <span class='ocrx_word' id='word_1_325' title='bbox 1329 3722 1591 3799; x_wconf 87' lang='lat' dir='ltr'>exceptis</span> <span class='ocrx_word' id='word_1_326' title='bbox 1636 3727 1945 3790; x_wconf 89' lang='lat' dir='ltr'>secuntur,</span> <span class='ocrx_word' id='word_1_327' title='bbox 2003 3727 2062 3780; x_wconf 89' lang='lat' dir='ltr'>et</span> <span class='ocrx_word' id='word_1_328' title='bbox 2106 3725 2242 3780; x_wconf 85' lang='lat' dir='ltr'>sunt</span> <span class='ocrx_word' id='word_1_329' title='bbox 2294 3720 2422 3780; x_wconf 86' lang='lat' dir='ltr'>sere</span> <span class='ocrx_word' id='word_1_330' title='bbox 2477 3721 2642 3782; x_wconf 87' lang='lat' dir='ltr'>baec.</span> <span class='ocrx_word' id='word_1_331' title='bbox 2718 3720 3028 3782; x_wconf 88' lang='lat' dir='ltr'>masculini</span> 
     </span>
     <span class='ocr_line' id='line_1_35' title="bbox 466 3821 3032 3903; baseline -0.001 -19"><span class='ocrx_word' id='word_1_332' title='bbox 466 3826 704 3903; x_wconf 88' lang='lat' dir='ltr'>generis</span> <span class='ocrx_word' id='word_1_333' title='bbox 749 3842 813 3884; x_wconf 88' lang='lat' dir='ltr'>as</span> <span class='ocrx_word' id='word_1_334' title='bbox 857 3822 1001 3884; x_wconf 90' lang='lat' dir='ltr'>dens</span> <span class='ocrx_word' id='word_1_335' title='bbox 1045 3840 1190 3900; x_wconf 85' lang='lat' dir='ltr'>grex</span> <span class='ocrx_word' id='word_1_336' title='bbox 1233 3822 1341 3883; x_wconf 84' lang='lat' dir='ltr'>flos</span> <span class='ocrx_word' id='word_1_337' title='bbox 1383 3823 1515 3883; x_wconf 85' lang='lat' dir='ltr'>sons</span> <span class='ocrx_word' id='word_1_338' title='bbox 1556 3821 1703 3882; x_wconf 88' lang='lat' dir='ltr'>Lars</span> <span class='ocrx_word' id='word_1_339' title='bbox 1747 3841 1915 3882; x_wconf 89' lang='lat' dir='ltr'>mons</span> <span class='ocrx_word' id='word_1_340' title='bbox 1958 3840 2084 3882; x_wconf 91' lang='lat' dir='ltr'>mos</span> <span class='ocrx_word' id='word_1_341' title='bbox 2128 3839 2259 3882; x_wconf 86' lang='lat' dir='ltr'>mus</span> <span class='ocrx_word' id='word_1_342' title='bbox 2302 3839 2427 3882; x_wconf 89' lang='lat' dir='ltr'>mas</span> <span class='ocrx_word' id='word_1_343' title='bbox 2468 3841 2642 3902; x_wconf 86' lang='lat' dir='ltr'>praes</span> <span class='ocrx_word' id='word_1_344' title='bbox 2684 3822 2841 3884; x_wconf 89' lang='lat' dir='ltr'>Mars</span> <span class='ocrx_word' id='word_1_345' title='bbox 2884 3841 3032 3902; x_wconf 89' lang='lat' dir='ltr'>pons</span> 
     </span>
     <span class='ocr_line' id='line_1_36' title="bbox 465 3924 3026 4004; baseline -0 -19"><span class='ocrx_word' id='word_1_346' title='bbox 465 3924 555 3986; x_wconf 88' lang='lat' dir='ltr'>lar</span> <span class='ocrx_word' id='word_1_347' title='bbox 584 3944 690 4004; x_wconf 87' lang='lat' dir='ltr'>pes</span> <span class='ocrx_word' id='word_1_348' title='bbox 720 3944 821 3985; x_wconf 89' lang='lat' dir='ltr'>ros</span> <span class='ocrx_word' id='word_1_349' title='bbox 850 3943 956 3985; x_wconf 87' lang='lat' dir='ltr'>rex</span> <span class='ocrx_word' id='word_1_350' title='bbox 987 3925 1070 3985; x_wconf 89' lang='lat' dir='ltr'>sal</span> <span class='ocrx_word' id='word_1_351' title='bbox 1105 3926 1190 3985; x_wconf 90' lang='lat' dir='ltr'>sol</span> <span class='ocrx_word' id='word_1_352' title='bbox 1221 3927 1311 3985; x_wconf 83' lang='lat' dir='ltr'>vir</span> <span class='ocrx_word' id='word_1_353' title='bbox 1342 3944 1442 3985; x_wconf 85' lang='lat' dir='ltr'>vas</span> <span class='ocrx_word' id='word_1_354' title='bbox 1471 3925 1667 3985; x_wconf 82' lang='lat' dir='ltr'>vadis:</span> <span class='ocrx_word' id='word_1_355' title='bbox 1715 3942 1786 3984; x_wconf 86' lang='lat' dir='ltr'>ex</span> <span class='ocrx_word' id='word_1_356' title='bbox 1815 3924 1912 3984; x_wconf 90' lang='lat' dir='ltr'>his</span> <span class='ocrx_word' id='word_1_357' title='bbox 1940 3942 2121 3984; x_wconf 91' lang='lat' dir='ltr'>unum</span> <span class='ocrx_word' id='word_1_358' title='bbox 2154 3930 2244 3984; x_wconf 90' lang='lat' dir='ltr'>est</span> <span class='ocrx_word' id='word_1_359' title='bbox 2272 3924 2564 3987; x_wconf 89' lang='lat' dir='ltr'>secundae</span> <span class='ocrx_word' id='word_1_360' title='bbox 2596 3925 3026 3995; x_wconf 57' lang='lat' dir='ltr'>declinationis</span> 
     </span>
    </p>
   </div>
   <div class='ocr_carea' id='block_1_4' title="bbox 598 4127 2199 4194">
    <p class='ocr_par' dir='ltr' id='par_1_6' title="bbox 598 4127 2199 4194">
     <span class='ocr_line' id='line_1_37' title="bbox 598 4127 2199 4194; baseline -0.002 -13"><span class='ocrx_word' id='word_1_361' title='bbox 598 4130 665 4182; x_wconf 83' lang='lat'>32</span> <span class='ocrx_word' id='word_1_362' title='bbox 703 4137 752 4181; x_wconf 85' lang='lat' dir='ltr'>et</span> <span class='ocrx_word' id='word_1_363' title='bbox 788 4139 904 4180; x_wconf 79' lang='lat' dir='ltr'>sunt</span> <span class='ocrx_word' id='word_1_364' title='bbox 942 4130 1047 4179; x_wconf 86' lang='lat' dir='ltr'>fere</span> <span class='ocrx_word' id='word_1_365' title='bbox 1084 4128 1210 4179; x_wconf 82' lang='lat' dir='ltr'>haec</span> <span class='ocrx_word' id='word_1_366' title='bbox 1248 4128 1398 4190; x_wconf 74' lang='lat' dir='ltr'>Char.</span> <span class='ocrx_word' id='word_1_367' title='bbox 1431 4131 1517 4194; x_wconf 81' lang='lat'>42,</span> <span class='ocrx_word' id='word_1_368' title='bbox 1556 4128 1609 4181; x_wconf 85' lang='lat'>6.</span> <span class='ocrx_word' id='word_1_369' title='bbox 1648 4144 1761 4179; x_wconf 75' lang='lat' dir='ltr'>exc.</span> <span class='ocrx_word' id='word_1_370' title='bbox 1799 4128 1948 4180; x_wconf 71' lang='lat' dir='ltr'>Char.</span> <span class='ocrx_word' id='word_1_371' title='bbox 1978 4127 2095 4193; x_wconf 78' lang='lat'>546,</span> <span class='ocrx_word' id='word_1_372' title='bbox 2136 4129 2199 4180; x_wconf 93' lang='grc'>17</span> 
     </span>
    </p>
   </div>
   <div class='ocr_carea' id='block_1_5' title="bbox 427 4299 3027 4928">
    <p class='ocr_par' dir='ltr' id='par_1_7' title="bbox 427 4299 3027 4928">
     <span class='ocr_line' id='line_1_38' title="bbox 598 4299 3024 4367; baseline -0.003 -13"><span class='ocrx_word' id='word_1_373' title='bbox 598 4306 630 4354; x_wconf 80' lang='grc'>2</span> <span class='ocrx_word' id='word_1_374' title='bbox 665 4303 936 4354; x_wconf 81' lang='lat' dir='ltr'>lectoribus</span> <span class='ocrx_word' id='word_1_375' title='bbox 974 4317 1064 4355; x_wconf 88' lang='lat' dir='ltr'>om.</span> <span class='ocrx_word' id='word_1_376' title='bbox 1095 4303 1142 4352; x_wconf 81' lang='lat' dir='ltr'><em>P</em></span> <span class='ocrx_word' id='word_1_377' title='bbox 1280 4303 1314 4350; x_wconf 85' lang='lat'>4</span> <span class='ocrx_word' id='word_1_378' title='bbox 1350 4300 1624 4367; x_wconf 81' lang='lat' dir='ltr'>conpulsus</span> <span class='ocrx_word' id='word_1_379' title='bbox 1656 4301 1707 4350; x_wconf 92' lang='lat' dir='ltr'><em>P</em></span> <span class='ocrx_word' id='word_1_380' title='bbox 1837 4300 1870 4350; x_wconf 88' lang='lat'>9</span> <span class='ocrx_word' id='word_1_381' title='bbox 1902 4303 2153 4351; x_wconf 82' lang='lat' dir='ltr'>curiosam</span> <span class='ocrx_word' id='word_1_382' title='bbox 2175 4301 2621 4365; x_wconf 77' lang='lat' dir='ltr'>perscrutationem</span> <span class='ocrx_word' id='word_1_383' title='bbox 2655 4300 2706 4348; x_wconf 87' lang='lat' dir='ltr'><em>P</em></span> <span class='ocrx_word' id='word_1_384' title='bbox 2811 4299 2875 4351; x_wconf 88' lang='grc'>10</span> <span class='ocrx_word' id='word_1_385' title='bbox 2904 4299 3024 4348; x_wconf 87' lang='lat' dir='ltr'>dum</span> 
     </span>
     <span class='ocr_line' id='line_1_39' title="bbox 427 4369 3024 4502; baseline -0.002 -11"><span class='ocrx_word' id='word_1_386' title='bbox 427 4387 663 4491; x_wconf 69' lang='lat'>·?,⁰‘¹¹¹&#39;⁸‘</span> <span class='ocrx_word' id='word_1_387' title='bbox 851 4370 1448 4493; x_wconf 64' lang='grc' dir='ltr'>“““““““ἳ“4(2ἓζὲᾱῖῗξῖ;</span> <span class='ocrx_word' id='word_1_388' title='bbox 1472 4371 1533 4488; x_wconf 64' lang='grc' dir='ltr'>ἶ)</span> <span class='ocrx_word' id='word_1_389' title='bbox 1571 4369 2464 4490; x_wconf 52' lang='lat' dir='ltr'>”⁰¹3¹2‘133⁶sssiffpnintfi‘ss&#39;i‘ssss</span> <span class='ocrx_word' id='word_1_390' title='bbox 2493 4370 2572 4502; x_wconf 58' lang='grc' dir='ltr'>ἴς</span> <span class='ocrx_word' id='word_1_391' title='bbox 2677 4370 3024 4489; x_wconf 52' lang='grc' dir='ltr'>Ῑὲέῖῖῗὲίἶῗῗ</span> 
     </span>
     <span class='ocr_line' id='line_1_40' title="bbox 467 4455 3023 4579; baseline -0.002 -18"><span class='ocrx_word' id='word_1_392' title='bbox 467 4456 1138 4579; x_wconf 44' lang='grc' dir='ltr'>Ιῗιίἒιῗοξξὲῖἓῖηῗίἰοείωε</span> <span class='ocrx_word' id='word_1_393' title='bbox 1165 4525 1256 4560; x_wconf 86' lang='lat' dir='ltr'>nee</span> <span class='ocrx_word' id='word_1_394' title='bbox 1285 4510 1322 4573; x_wconf 76' lang='lat' dir='ltr'>f</span> <span class='ocrx_word' id='word_1_395' title='bbox 1452 4508 1520 4560; x_wconf 84' lang='lat'>26</span> <span class='ocrx_word' id='word_1_396' title='bbox 1555 4509 1826 4559; x_wconf 85' lang='lat' dir='ltr'>merebitur</span> <span class='ocrx_word' id='word_1_397' title='bbox 1854 4511 1947 4565; x_wconf 86' lang='grc' dir='ltr'>Ρς</span> <span class='ocrx_word' id='word_1_398' title='bbox 2087 4507 2376 4575; x_wconf 80' lang='lat' dir='ltr'>ampliabis]</span> <span class='ocrx_word' id='word_1_399' title='bbox 2430 4508 2711 4576; x_wconf 82' lang='lat' dir='ltr'>applicabis</span> <span class='ocrx_word' id='word_1_400' title='bbox 2741 4524 2778 4574; x_wconf 80' lang='lat'><em>9</em></span> <span class='ocrx_word' id='word_1_401' title='bbox 2914 4455 3023 4558; x_wconf 51' lang='lat' dir='ltr'>eale</span> 
     </span>
     <span class='ocr_line' id='line_1_41' title="bbox 462 4577 3026 4648; baseline -0.001 -18"><span class='ocrx_word' id='word_1_402' title='bbox 462 4597 552 4636; x_wconf 82' lang='lat' dir='ltr'>om.</span> <span class='ocrx_word' id='word_1_403' title='bbox 586 4583 680 4637; x_wconf 62' lang='lat' dir='ltr'>Fe</span> <span class='ocrx_word' id='word_1_404' title='bbox 853 4585 918 4635; x_wconf 82' lang='lat'>27</span> <span class='ocrx_word' id='word_1_405' title='bbox 951 4582 1226 4648; x_wconf 78' lang='lat' dir='ltr'>adgressus</span> <span class='ocrx_word' id='word_1_406' title='bbox 1268 4595 1380 4629; x_wconf 83' lang='lat' dir='ltr'>sum</span> <span class='ocrx_word' id='word_1_407' title='bbox 1417 4594 1538 4645; x_wconf 78' lang='lat' dir='ltr'>ergo</span> <span class='ocrx_word' id='word_1_408' title='bbox 1577 4579 1837 4629; x_wconf 86' lang='lat' dir='ltr'>nominum</span> <span class='ocrx_word' id='word_1_409' title='bbox 1874 4579 1924 4628; x_wconf 87' lang='lat' dir='ltr'><em>F</em></span> <span class='ocrx_word' id='word_1_410' title='bbox 2088 4577 2155 4629; x_wconf 84' lang='lat'>32</span> <span class='ocrx_word' id='word_1_411' title='bbox 2193 4587 2242 4628; x_wconf 85' lang='lat' dir='ltr'>et</span> <span class='ocrx_word' id='word_1_412' title='bbox 2283 4589 2399 4628; x_wconf 85' lang='lat' dir='ltr'>sunt</span> <span class='ocrx_word' id='word_1_413' title='bbox 2435 4595 2554 4630; x_wconf 83' lang='lat' dir='ltr'>uere</span> <span class='ocrx_word' id='word_1_414' title='bbox 2593 4578 2719 4628; x_wconf 76' lang='lat' dir='ltr'>haec</span> <span class='ocrx_word' id='word_1_415' title='bbox 2748 4579 2798 4627; x_wconf 84' lang='lat' dir='ltr'><em>F</em></span> <span class='ocrx_word' id='word_1_416' title='bbox 2825 4586 2873 4628; x_wconf 85' lang='lat' dir='ltr'>et</span> <span class='ocrx_word' id='word_1_417' title='bbox 2909 4586 3026 4628; x_wconf 81' lang='lat' dir='ltr'>sunt</span> 
     </span>
     <span class='ocr_line' id='line_1_42' title="bbox 465 4646 3027 4717; baseline -0.001 -18"><span class='ocrx_word' id='word_1_418' title='bbox 465 4650 570 4700; x_wconf 83' lang='lat' dir='ltr'>fere</span> <span class='ocrx_word' id='word_1_419' title='bbox 605 4650 729 4700; x_wconf 85' lang='lat' dir='ltr'>haee</span> <span class='ocrx_word' id='word_1_420' title='bbox 755 4667 872 4717; x_wconf 85' lang='lat' dir='ltr'>spes</span> <span class='ocrx_word' id='word_1_421' title='bbox 913 4669 994 4702; x_wconf 79' lang='lat' dir='ltr'>res</span> <span class='ocrx_word' id='word_1_422' title='bbox 1020 4653 1100 4702; x_wconf 84' lang='lat' dir='ltr'>uir</span> <span class='ocrx_word' id='word_1_423' title='bbox 1119 4653 1169 4700; x_wconf 85' lang='lat' dir='ltr'><em>P</em></span> <span class='ocrx_word' id='word_1_424' title='bbox 1271 4648 1336 4702; x_wconf 82' lang='lat'>33</span> <span class='ocrx_word' id='word_1_425' title='bbox 1375 4646 1519 4716; x_wconf 79' lang='lat' dir='ltr'>Lars]</span> <span class='ocrx_word' id='word_1_426' title='bbox 1565 4650 1639 4699; x_wconf 81' lang='lat' dir='ltr'>las</span> <span class='ocrx_word' id='word_1_427' title='bbox 1668 4650 1757 4705; x_wconf 76' lang='grc' dir='ltr'>Γς</span> <span class='ocrx_word' id='word_1_428' title='bbox 1795 4650 1870 4698; x_wconf 79' lang='lat' dir='ltr'>lar</span> <span class='ocrx_word' id='word_1_429' title='bbox 1895 4646 2158 4699; x_wconf 76' lang='lat' dir='ltr'>Putsclzius</span> <span class='ocrx_word' id='word_1_430' title='bbox 2254 4648 2320 4699; x_wconf 78' lang='lat'>34</span> <span class='ocrx_word' id='word_1_431' title='bbox 2359 4649 2453 4715; x_wconf 82' lang='lat' dir='ltr'>lar]</span> <span class='ocrx_word' id='word_1_432' title='bbox 2492 4650 2595 4700; x_wconf 81' lang='lat' dir='ltr'>Nar</span> <span class='ocrx_word' id='word_1_433' title='bbox 2630 4647 2912 4699; x_wconf 71' lang='lat' dir='ltr'>Pulschiue.</span> <span class='ocrx_word' id='word_1_434' title='bbox 2951 4647 3027 4698; x_wconf 80' lang='lat' dir='ltr'>lar</span> 
     </span>
     <span class='ocr_line' id='line_1_43' title="bbox 463 4719 3026 4784; baseline -0 -14"><span class='ocrx_word' id='word_1_435' title='bbox 463 4721 527 4771; x_wconf 82' lang='lat' dir='ltr'>ab</span> <span class='ocrx_word' id='word_1_436' title='bbox 553 4720 645 4770; x_wconf 71' lang='lat' dir='ltr'>hoc</span> <span class='ocrx_word' id='word_1_437' title='bbox 676 4724 782 4771; x_wconf 85' lang='lat' dir='ltr'>loco</span> <span class='ocrx_word' id='word_1_438' title='bbox 818 4724 1027 4773; x_wconf 78' lang='lat' dir='ltr'>alienum</span> <span class='ocrx_word' id='word_1_439' title='bbox 1062 4737 1172 4772; x_wconf 71' lang='lat' dir='ltr'>esse</span> <span class='ocrx_word' id='word_1_440' title='bbox 1204 4719 1530 4784; x_wconf 73' lang='lat' dir='ltr'>perturbatus</span> <span class='ocrx_word' id='word_1_441' title='bbox 1552 4721 1828 4771; x_wconf 75' lang='lat' dir='ltr'>litterarum</span> <span class='ocrx_word' id='word_1_442' title='bbox 1855 4721 2007 4782; x_wconf 82' lang='lat' dir='ltr'>ordo,</span> <span class='ocrx_word' id='word_1_443' title='bbox 2039 4734 2177 4784; x_wconf 81' lang='lat' dir='ltr'>quem</span> <span class='ocrx_word' id='word_1_444' title='bbox 2208 4727 2386 4770; x_wconf 81' lang='lat' dir='ltr'>contra</span> <span class='ocrx_word' id='word_1_445' title='bbox 2411 4721 2560 4782; x_wconf 76' lang='lat' dir='ltr'>fldem</span> <span class='ocrx_word' id='word_1_446' title='bbox 2592 4721 2810 4772; x_wconf 79' lang='lat' dir='ltr'>codicum</span> <span class='ocrx_word' id='word_1_447' title='bbox 2834 4726 3026 4769; x_wconf 74' lang='lat' dir='ltr'>mutare</span> 
     </span>
     <span class='ocr_line' id='line_1_44' title="bbox 460 4789 3026 4853; baseline -0.001 -13"><span class='ocrx_word' id='word_1_448' title='bbox 460 4792 609 4848; x_wconf 77' lang='lat' dir='ltr'>nolui,</span> <span class='ocrx_word' id='word_1_449' title='bbox 645 4792 849 4845; x_wconf 78' lang='lat' dir='ltr'>indicat.</span> <span class='ocrx_word' id='word_1_450' title='bbox 897 4797 1024 4844; x_wconf 73' lang='lat' dir='ltr'>iusto</span> <span class='ocrx_word' id='word_1_451' title='bbox 1060 4799 1221 4842; x_wconf 80' lang='lat' dir='ltr'>autem</span> <span class='ocrx_word' id='word_1_452' title='bbox 1255 4792 1432 4844; x_wconf 78' lang='lat' dir='ltr'>ordine</span> <span class='ocrx_word' id='word_1_453' title='bbox 1456 4792 1685 4843; x_wconf 75' lang='lat' dir='ltr'>restituto</span> <span class='ocrx_word' id='word_1_454' title='bbox 1719 4791 1792 4841; x_wconf 74' lang='lat' dir='ltr'>ila</span> <span class='ocrx_word' id='word_1_455' title='bbox 1821 4789 1976 4840; x_wconf 72' lang='lat' dir='ltr'>scribi</span> <span class='ocrx_word' id='word_1_456' title='bbox 2000 4798 2246 4853; x_wconf 72' lang='lat' dir='ltr'>poterant</span> <span class='ocrx_word' id='word_1_457' title='bbox 2266 4794 2539 4842; x_wconf 71' lang='lat' dir='ltr'>masculina</span> <span class='ocrx_word' id='word_1_458' title='bbox 2559 4792 2771 4852; x_wconf 83' lang='lat' dir='ltr'>nomina,</span> <span class='ocrx_word' id='word_1_459' title='bbox 2805 4804 2863 4840; x_wconf 68' lang='lat' dir='ltr'>aa</span> <span class='ocrx_word' id='word_1_460' title='bbox 2900 4790 3026 4840; x_wconf 80' lang='lat' dir='ltr'>dens</span> 
     </span>
     <span class='ocr_line' id='line_1_45' title="bbox 460 4859 3027 4928; baseline -0 -18"><span class='ocrx_word' id='word_1_461' title='bbox 460 4861 553 4911; x_wconf 88' lang='lat' dir='ltr'>ssos</span> <span class='ocrx_word' id='word_1_462' title='bbox 590 4860 706 4911; x_wconf 81' lang='lat' dir='ltr'>fons</span> <span class='ocrx_word' id='word_1_463' title='bbox 740 4876 866 4927; x_wconf 81' lang='lat' dir='ltr'>grex</span> <span class='ocrx_word' id='word_1_464' title='bbox 893 4864 994 4928; x_wconf 81' lang='lat' dir='ltr'>glis</span> <span class='ocrx_word' id='word_1_465' title='bbox 1029 4863 1104 4913; x_wconf 79' lang='lat' dir='ltr'>lar</span> <span class='ocrx_word' id='word_1_466' title='bbox 1129 4861 1263 4912; x_wconf 82' lang='lat' dir='ltr'>Mars</span> <span class='ocrx_word' id='word_1_467' title='bbox 1292 4877 1437 4913; x_wconf 82' lang='lat' dir='ltr'>mons</span> <span class='ocrx_word' id='word_1_468' title='bbox 1473 4876 1581 4911; x_wconf 81' lang='lat' dir='ltr'>mos</span> <span class='ocrx_word' id='word_1_469' title='bbox 1619 4876 1732 4910; x_wconf 86' lang='lat' dir='ltr'>mus</span> <span class='ocrx_word' id='word_1_470' title='bbox 1769 4875 1879 4910; x_wconf 82' lang='lat' dir='ltr'>mas</span> <span class='ocrx_word' id='word_1_471' title='bbox 1917 4875 2065 4926; x_wconf 82' lang='lat' dir='ltr'>praes</span> <span class='ocrx_word' id='word_1_472' title='bbox 2102 4875 2231 4925; x_wconf 87' lang='lat' dir='ltr'>pons</span> <span class='ocrx_word' id='word_1_473' title='bbox 2266 4877 2360 4927; x_wconf 73' lang='lat' dir='ltr'>pes</span> <span class='ocrx_word' id='word_1_474' title='bbox 2396 4870 2489 4915; x_wconf 76' lang='lat' dir='ltr'>etc.</span> <span class='ocrx_word' id='word_1_475' title='bbox 2600 4869 2675 4911; x_wconf 75' lang='lat' dir='ltr'>est</span> <span class='ocrx_word' id='word_1_476' title='bbox 2711 4873 2762 4926; x_wconf 84' lang='grc' dir='ltr'>ς,</span> <span class='ocrx_word' id='word_1_477' title='bbox 2791 4875 2881 4913; x_wconf 86' lang='lat' dir='ltr'>om.</span> <span class='ocrx_word' id='word_1_478' title='bbox 2919 4859 3027 4910; x_wconf 82' lang='lat' dir='ltr'>PF</span> 
     </span>
    </p>
   </div>
   <div class='ocr_carea' id='block_1_6' title="bbox 2489 4943 2621 5009">
    <p class='ocr_par' dir='ltr' id='par_1_8' title="bbox 2489 4943 2621 5009">
     <span class='ocr_line' id='line_1_46' title="bbox 2489 4943 2621 5009; baseline 0.015 -2"><span class='ocrx_word' id='word_1_479' title='bbox 2489 4943 2621 5009; x_wconf 79' lang='lat'>27*</span> 
     </span>
    </p>
   </div>
  </div>
 </body>
</html>
