3541 5564
1647 373 1792 434 ARS
2886 373 3014 439 379

2624 496 2666 536 p.
2694 485 2810 527 eoae.
2836 486 2888 525 ετ
2915 483 2961 525 Ρ.

435 562 861 630 MenaechmiS,
919 562 1150 621 ‘forte
1206 568 1284 620 ut
1339 561 1644 620 multum
1700 561 2063 639 pluerat’.
2154 581 2220 623 ea
2277 582 2510 643 quoque
2557 582 2707 642 quae
2755 563 3013 624 diximus

435 667 662 726 infinita
707 663 985 724 omnibus
1030 661 1403 742 temporibus
1449 666 1785 724 communia
1830 670 1997 732 sunt,
2045 671 2111 724 ut
2156 664 2410 725 obruere
2456 666 2798 726 incendere.

602 766 851 826 Numeri
907 764 1109 826 verbis
1163 765 1442 826 accidunt
1497 764 1646 835 duo,
1712 765 2031 843 singularis
2088 774 2147 826 et
2201 768 2475 846 pluralis:
2544 769 2896 846 singulariS,
2951 776 3017 828 ut
3040 780 3158 843 384,
3188 781 3213 827 1

435 870 595 947 leg0‚
654 868 931 949 pluraliS,
991 875 1057 927 ut
1110 867 1382 945 legimus.
1472 870 1741 947 quamvis
1796 867 2034 947 quidam
2096 869 2295 930 dicant
2366 878 2632 950 tempore
2686 872 3017 950 praeterito

382 991 407 1029 5
435 973 702 1050 perfecto
747 988 1037 1050 personae
1083 972 1297 1031 tertiae
1346 988 1476 1031 esse
1524 969 1754 1031 dualem
1799 988 2144 1031 numerum:
2196 980 2260 1032 ut
2304 991 2442 1033 ecce
2487 973 2743 1051 legimus
2785 974 3019 1051 legistis

433 1074 707 1151 legerunt
749 1074 1142 1153 praeteritum
1188 1074 1518 1152 perfectum
1566 1080 1656 1133 est
1696 1075 1929 1133 numeri
1973 1072 2250 1152 pluralis;
2296 1075 2495 1153 legere
2541 1082 2738 1135 autem
2783 1075 3015 1136 dualem

434 1195 564 1237 esse
623 1177 858 1246 dicunt,
919 1181 983 1234 ut
1035 1175 1144 1234 hoc
1201 1175 1273 1234 de
1330 1174 1561 1236 duobus
1614 1182 1777 1235 recte
1837 1175 1956 1236 dici
2012 1176 2312 1246 videatur,
2370 1177 2647 1255 legerunt
2701 1185 2897 1238 autem
2944 1178 3015 1238 de

434 1277 729 1357 pluribus.
821 1277 923 1337 sed
969 1277 1122 1338 hanc
1170 1276 1570 1337 adsertionem
1613 1294 1756 1336 usus
1802 1276 2159 1355 inprobavit.
2221 1281 2423 1359 itaque
2470 1299 2540 1340 ex
2588 1280 3016 1341 consuetudine

433 1380 720 1460 pluralem
769 1387 1082 1459 utrumque
1128 1379 1401 1439 dicimus.

361 1500 409 1539 ιο
607 1482 758 1542 Sunt
800 1481 979 1542 verba
1027 1481 1306 1561 pleraque
1352 1500 1462 1561 per
1506 1500 1788 1542 numeros
1825 1478 1837 1564 l
1876 1483 2192 1552 defectiva,
2240 1491 2307 1544 ut
2350 1492 2441 1545 est
2496 1487 2630 1545 laxo
2675 1486 2835 1546 infit:
2902 1504 3017 1545 non

438 1587 597 1644 enim
666 1584 738 1644 ad
801 1583 1203 1662 pluralitatem
1256 1590 1596 1653 transeunt,
1664 1591 1730 1644 ut
1784 1585 2005 1644 saciant
2058 1586 2312 1647 faximus
2367 1594 2468 1647 aut
2523 1588 2727 1648 insitis
2819 1593 3017 1648 utrum

438 1694 633 1748 autem
679 1687 943 1746 vicissim
989 1688 1109 1746 sint
1161 1685 1412 1765 pluralia
1457 1694 1685 1746 tantum
1733 1685 1945 1757 verba,
1993 1705 2145 1767 quae
2190 1689 2253 1748 in
2300 1687 2661 1766 singularem
2706 1708 3020 1750 numerum

439 1808 555 1849 non
603 1794 937 1856 transeant,
984 1787 1243 1848 nondum
1289 1790 1549 1868 repperi.

608 1891 864 1968 Figurae
911 1889 1227 1951 verborum
1275 1898 1415 1951 sunt
1458 1891 1638 1961 duae,
1698 1891 1947 1970 simplex
2003 1898 2064 1951 et
2117 1894 2439 1972 conposita.
2531 1901 2629 1955 aut
2674 1896 2834 1955 enim
2880 1896 3020 1955 sim·
3047 1907 3078 1954 3

367 2011 415 2051 15
441 1993 618 2073 plicia
674 1999 814 2053 sunt
866 1991 1072 2061 verba,
1133 2000 1201 2052 ut
1257 1992 1482 2062 scribo,
1541 1999 1642 2053 aut
1697 1996 2032 2072 conposita,
2098 2002 2163 2054 ut
2217 1995 2512 2056 describo.
2603 2003 3019 2075 conponuntur

442 2104 635 2156 autem
681 2094 860 2155 verba
906 2095 1100 2154 modis
1142 2100 1457 2174 quattuor,
1505 2101 1570 2155 ut
1614 2102 1847 2156 ceterae
1891 2102 2095 2175 partes
2156 2099 2474 2158 orationis:
2535 2116 2607 2157 cx
2654 2097 2885 2159 duobus
2928 2100 3020 2158 in-

441 2199 656 2276 tegriS,
703 2203 770 2256 ut
815 2196 1157 2275 proscribo;
1206 2216 1274 2256 ex
1323 2197 1556 2258 duobus
1600 2199 1925 2277 corruptiS,
1974 2206 2039 2258 ut
2082 2200 2343 2270 sufficio;
2390 2218 2463 2259 ex
2507 2201 2742 2278 integro
2788 2207 2847 2261 et
2890 2218 3020 2260 cor-

440 2306 647 2379 rupto,
695 2307 762 2359 ut
806 2300 1040 2369 refici03
1090 2317 1160 2359 ex
1206 2307 1487 2379 corrupto
1533 2307 1593 2360 et
1635 2302 1901 2379 integro,
1950 2307 2014 2360 ut
2060 2302 2297 2361 suffero.
2379 2311 2795 2381 conponuntur
2841 2304 3022 2361 etiam

441 2419 512 2462 ex
557 2400 861 2481 pluribus,
921 2407 988 2460 ut
1040 2419 1398 2480 reconpono.
1487 2402 1632 2463 illud
1678 2410 1876 2463 autem
1932 2404 1995 2462 in
2042 2402 2287 2463 dubium
2332 2421 2448 2464 non
2495 2405 2681 2474 venit,
2739 2404 3020 2484 pleraque

367 2525 417 2563 ρο
446 2503 622 2564 verba
669 2522 787 2565 non
845 2521 1018 2583 posse
1065 2506 1349 2583 conponi,
1408 2511 1475 2564 ut
1530 2507 1622 2564 aio
1678 2523 1930 2585 quaeso,
2002 2511 2062 2563 ct
2113 2505 2395 2585 pleraque
2453 2524 2662 2566 rursus
2716 2506 3021 2584 conposita

444 2607 739 2686 simplicia
796 2607 927 2666 fieri
985 2625 1102 2667 non
1159 2625 1364 2686 posse,
1424 2624 1491 2667 ea
1537 2606 1797 2676 scilicet,
1844 2624 1995 2686 quae
2042 2613 2143 2666 aut
2187 2626 2257 2667 ex
2304 2606 2534 2668 duobus
2577 2609 2879 2686 corruptis
2923 2613 3025 2667 aut

444 2716 603 2769 certe
650 2726 720 2768 ex
765 2711 1096 2789 posteriore
1144 2716 1425 2790 corrupto
1470 2716 1914 2789 conponuntur,
1962 2715 2029 2768 ut
2072 2709 2302 2769 sufficio
2347 2710 2571 2769 reficio.

612 2811 886 2891 Plerique
944 2812 1227 2873 adserunt
1280 2831 1409 2872 esse
1465 2812 1644 2873 verba
1698 2831 1808 2892 per
1850 2813 2073 2890 figuras
2116 2812 2434 2881 defectiva,
2484 2818 2548 2872 ut
2591 2811 2829 2890 impleo.
2921 2810 3023 2871 sed

445 2914 557 2974 hoc
603 2912 924 2973 absurdum
953 2914 1216 2982 videtur,
1264 2932 1396 2975 cum
1429 2933 1602 2976 omne
1645 2913 1920 2984 verbum,
1969 2917 2019 2974 si
2078 2916 2333 2994 conponi
2379 2932 2494 2974 non
2541 2916 2760 2993 possit,
2807 2912 3026 2973 habeat

371 3035 420 3075 ‘25
447 3016 692 3093 figuram
739 3015 1098 3093 simplicem;
1157 3018 1204 3077 si
1261 3035 1401 3077 vero
1460 3019 1833 3097 conpositum
1891 3019 1997 3086 sit,
2056 3015 2273 3077 habeat
2327 3017 2576 3093 liguram
2635 3017 3023 3095 conpositam,

449 3134 640 3196 neque
687 3117 768 3176 sit
811 3117 1023 3188 ullum,
1070 3118 1224 3198 qnod
1271 3137 1386 3180 non
1433 3127 1534 3179 aut
1577 3119 1827 3199 simplex
1873 3125 1974 3179 aut
2028 3120 2400 3198 conpositum
2457 3117 2578 3178 dici
2638 3135 2881 3178 necesse
2927 3118 3022 3185 sit,

452 3221 565 3279 nisi
611 3220 762 3279 forte
808 3237 944 3280 cum
988 3219 1232 3281 alterius
1274 3224 1464 3301 partis
1508 3224 1838 3302 conpositio
1879 3220 1970 3280 vel
2015 3223 2247 3298 integra
2290 3219 2381 3279 vel
2412 3226 2693 3299 corrupta
2725 3226 3024 3298 appareat,

450 3321 702 3381 alterius
746 3324 987 3381 omnino
1032 3340 1149 3383 non
1196 3330 1385 3392 extet,
1433 3329 1499 3382 ut
1544 3330 1635 3382 est
1678 3323 1792 3383 hoc
1836 3325 2032 3402 ipsum
2079 3322 2295 3402 impleo
2341 3329 2443 3382 aut
2485 3324 2733 3402 impero.

617 3424 911 3484 Personae
967 3424 1168 3486 verbis
1226 3424 1533 3485 accidunt:
1591 3444 1798 3486 earum
1854 3427 2172 3485 varietates
2226 3430 2362 3485 sunt
2418 3433 2569 3494 treS,
2626 3443 2776 3504 quae
2821 3425 3032 3502 figuris
3056 3438 3119 3488 18

373 3526 767 3587 noverhorum
814 3526 1280 3604 distinguuntur.
1341 3529 1532 3607 prima
1581 3536 1671 3588 est
1715 3545 1867 3607 quae
1913 3527 2085 3596 dicit,
2133 3525 2295 3604 lego,
2343 3525 2600 3586 secunda
2645 3528 2740 3586 cui
2787 3525 3026 3594 dicitur,

447 3629 625 3706 legis,
674 3630 850 3689 tertia
896 3629 968 3688 de
1015 3649 1129 3709 qua
1175 3630 1426 3698 dicitur,
1471 3629 1646 3707 legit;
1694 3647 1845 3709 quae
1878 3628 2193 3689 distantiae
2239 3627 2454 3707 plurali
2500 3645 2732 3707 quoque
2781 3645 3029 3688 numero

449 3737 782 3792 servantur.
873 3749 1009 3791 nam
1066 3732 1260 3810 prima
1315 3750 1571 3811 persona
1617 3739 1736 3800 est.
1786 3749 1919 3792 cum
1967 3730 2188 3791 dicitur
2231 3730 2513 3808 legimus,
2561 3729 2847 3799 secunda,
2895 3735 3029 3789 ‘cum

449 3835 670 3894 dicitur
717 3832 946 3910 legitiS‚
995 3836 1206 3903 tertia,
1256 3851 1388 3894 cum
1437 3835 1658 3895 dicitur
1702 3834 1928 3912 legunt.
1991 3838 2129 3893 sunt
2171 3833 2460 3913 quaedam
2489 3831 2669 3893 verba
2715 3850 2866 3911 quae
2913 3850 3030 3891 nou

399 3971 406 3976 -
449 3955 555 4015 per
601 3953 807 3995 omnes
851 3953 1136 4014 personas
1180 3936 1341 3997 ssecti
1386 3944 1668 4016 possunt,
1717 3955 1905 4017 eaque
1938 3935 2026 3995 vel
2058 3937 2312 4015 primam
2356 3953 2669 4014 personam
2712 3933 3032 3994 indicativo

377 4056 426 4095 35
453 4038 626 4098 modo
673 4038 873 4097 statim
919 4055 1036 4097 non
1081 4037 1332 4108 habent,
1379 4047 1446 4099 ut
1489 4041 1651 4109 inlit3
1698 4040 1809 4109 vel,
1858 4040 1909 4099 si
1954 4040 2209 4117 primam
2253 4037 2476 4098 habent
2519 4037 2788 4097 sollemni
2833 4035 3035 4095 littera

591 4310 616 4361 1
660 4306 734 4375 ut]
779 4319 826 4358 et
858 4310 924 4360 M
1060 4326 1117 4360 ea
1156 4325 1356 4374 quoque
1394 4310 1588 4360 infinita
1628 4325 1756 4374 quae
1794 4310 2019 4361 diximus
2059 4309 2107 4357 B
2143 4323 2315 4359 eorum
2357 4324 2455 4371 quc
2496 4308 2687 4358 infinita
2726 4308 2949 4358 diximus
2986 4308 3033 4357 L

452 4395 512 4430 ea
547 4396 747 4443 quoque
797 4396 926 4442 quae
963 4380 1189 4430 diximus
1231 4380 1485 4429 infinitiuo
1519 4381 1582 4429 M
1720 4383 1752 4428 2
1793 4380 2107 4444 temporibus
2142 4394 2233 4429 om.
2270 4377 2385 4428 BL
2522 4379 2556 4429 8
2601 4378 2934 4429 assertionem
2975 4378 3039 4427 M

452 4451 696 4500 rationem
738 4450 849 4498 BL
995 4451 1059 4501 13
1099 4466 1196 4501 non
1227 4458 1488 4500 transeunt
1519 4450 1632 4499 BL
1776 4449 1838 4499 15
1871 4449 2093 4498 discribo
2128 4448 2313 4499 BML
2457 4448 2519 4499 16
2552 4450 2638 4500 llll
2679 4448 2843 4497 modis
2881 4446 2942 4495 M

455 4518 520 4571 18
560 4529 931 4583 componuntur
968 4530 1134 4571 autem
1173 4536 1238 4569 ex
1274 4521 1505 4586 pluribus
1538 4520 1589 4568 B
1616 4528 1970 4584 conponuntur
2006 4527 2171 4567 autem
2199 4535 2265 4569 ex
2295 4519 2621 4584 conpluribus
2648 4520 2696 4568 L
2727 4531 3038 4582 componun·

453 4601 533 4638 tur
562 4604 626 4638 ex
666 4589 892 4653 pluribus
931 4590 994 4640 M
1131 4592 1196 4641 21
1238 4605 1337 4641 non
1378 4604 1527 4652 posse
1561 4596 1609 4638 et
1643 4605 1701 4637 ea
1732 4589 1783 4639 B
1822 4589 1958 4637 nullo
1997 4588 2147 4638 modo
2187 4603 2340 4655 posse
2379 4598 2427 4638 et
2463 4604 2523 4638 ea
2556 4589 2679 4639 ML
2714 4588 2850 4637 nullo
2887 4587 3034 4637 modo

457 4674 608 4724 posse
645 4673 705 4707 ea
731 4657 1008 4710 sichardus
1182 4676 1246 4710 ex
1283 4662 1482 4709 duabus
1514 4659 1764 4724 corruptis
1801 4658 1913 4709 BL
1949 4674 2014 4708 ex
2048 4659 2248 4709 duobus
2284 4674 2422 4711 corr.
2464 4675 2528 4708 ex
2565 4659 2762 4707 duobus
2804 4658 2870 4708 M

453 4730 522 4777 22
559 4738 790 4793 corrupta
826 4730 948 4778 ΒΜ
984 4742 1212 4795 correpta
1249 4731 1294 4778 Ι,
1437 4729 1606 4779 reficio
1643 4743 1904 4792 superse-r.
1945 4733 2016 4780 al.
2047 4746 2178 4783 man.
2221 4728 2321 4778 nisi
2355 4728 2564 4778 redeant
2596 4729 2661 4778 ad
2699 4729 3033 4794 integritatem

453 4798 504 4847 B
644 4799 713 4848 26
750 4814 910 4861 neque
947 4804 1013 4849 sit
1044 4800 1200 4850 ullum
1246 4801 1380 4864 quod
1415 4801 1494 4849 uel
1535 4814 1626 4848 nec
1666 4814 1763 4848 non
1802 4807 1888 4847 aut
1926 4799 1976 4847 B
2015 4814 2177 4862 neque
2217 4799 2281 4848 sit
2318 4799 2475 4849 ullum
2517 4800 2750 4862 (uerbum
2789 4800 2909 4851 add.
2948 4798 3037 4854 M)

455 4868 590 4932 quod
630 4883 719 4917 nec
753 4877 838 4917 aut
869 4869 991 4918 ML

2434 4929 2445 4939 ’
2499 4952 2632 5014 25*
