3541 5564
1608 352 1749 414 Ans
2841 346 2963 412 391

443 477 479 504 c.
504 466 545 505 9.
575 464 635 504 10.
2615 471 2657 512 p.
2688 460 2835 498 12-14
2867 458 2913 500 Β.

395 551 454 603 et
497 547 813 628 ‘conque
873 540 1371 602 tubernalem'
1431 559 1541 619 pro
1595 538 2109 609 contubernalem,
2169 559 2283 619 quo
2338 540 2602 600 Lucilius
2657 542 2718 600 in
2777 547 2966 599 metro

395 645 607 706 crebro
664 646 868 706 utitur.
959 643 1060 703 sed
1117 661 1227 720 ego
1282 641 1540 703 arbitror
1600 641 1735 702 ideo
1802 642 2112 721 plerosque
2167 642 2280 702 hoc
2335 645 2496 702 inter
2551 641 2968 721 metaplasmos

395 766 512 808 non
556 748 882 825 recepisse,
930 746 1069 824 quia
1111 764 1232 805 non
1276 745 1348 804 de
1388 762 1501 804 una
1533 745 1815 804 orationis
1858 751 2025 822 parte
2070 745 2216 804 haec
2261 744 2654 805 consideratio
2700 752 2963 823 putetur.

394 868 528 909 nam
575 849 719 909 duas
763 855 964 927 partes
1009 865 1139 907 esse
1187 847 1391 907 dicunt
1446 865 1564 907 non
1610 853 1669 905 et
1710 846 1858 915 ulla,
1903 830 2045 906 item
2090 854 2212 906 tres
2264 854 2463 926 partes
2514 865 2644 907 esse
2703 845 2966 907 subiecta

342 958 454 1010 set
509 948 752 1030 sepitem
811 956 872 1008 et
925 949 1121 1008 trioni.
1212 948 1314 1008 sed
1371 951 1472 1028 qui
1530 948 1976 1027 metaplasmum
2023 955 2261 1026 putant,
2319 948 2520 1008 dicunt
2563 949 2741 1008 unius
2783 948 2969 1027 partis

394 1052 864 1112 consideratione
911 1050 1081 1110 aliter
1125 1051 1465 1111 enuntiatae
1512 1050 1961 1128 metaplasmum
2007 1051 2250 1110 factum.
2339 1068 2474 1110 nam
2520 1049 2717 1110 videre
2764 1049 2967 1109 dicunt

395 1173 456 1213 se
501 1171 679 1213 unam
735 1159 966 1231 partem
1024 1153 1332 1221 orationiS,
1389 1152 1450 1211 id
1496 1162 1586 1211 est
1630 1152 1819 1222 nulla,
1866 1152 2035 1213 aliter
2081 1154 2473 1221 enuntiatam:
2520 1154 2660 1212 item
2709 1159 2966 1231 septem-

393 1257 645 1316 trionem
693 1255 1075 1334 compositam
1123 1273 1252 1313 esse
1297 1254 1455 1314 illam
1503 1255 1769 1333 quidem,
1821 1262 2019 1315 tamen
2063 1263 2294 1334 partem
2340 1273 2516 1315 unam
2566 1254 2736 1314 aliter
2781 1271 2966 1312 cnun-

392 1360 623 1425 tiatam;
672 1356 940 1417 similiter
985 1363 1045 1415 et
1087 1355 1592 1417 contubernalem.

319 1477 369 1516 ιο
566 1459 650 1519 Ad
708 1459 853 1518 haec
909 1459 1104 1517 omnia
1158 1476 1308 1537 quae
1366 1476 1544 1537 supra
1599 1459 1853 1520 diximus
1908 1460 2055 1520 haec
2110 1459 2497 1520 ammonenda
2544 1458 2766 1529 habe0,
2814 1456 2970 1537 quod

398 1562 746 1641 plerumque
804 1561 887 1619 sic.
944 1560 1138 1620 littera
1196 1559 1564 1621 subtrabitur
1620 1580 1727 1640 per
1776 1561 2219 1641 metaplasmum
2267 1570 2367 1621 aut
2412 1562 2695 1631 adicitur,
2744 1568 2810 1620 ut
2855 1577 2970 1619 non

396 1662 582 1723 solum
631 1663 688 1722 in
735 1680 806 1721 eo
851 1662 1074 1729 littera,
1123 1662 1225 1721 sed
1272 1670 1331 1721 et
1375 1661 1595 1742 syllaba
1627 1664 1731 1732 sit,
1779 1663 1958 1723 veluti
2005 1671 2096 1723 est
2125 1666 2350 1724 omitte.
2411 1681 2545 1723 nam
2594 1682 2629 1722 o
2674 1670 2733 1723 et
2776 1663 2969 1723 littera

396 1770 455 1822 et
500 1762 720 1842 syllaba
766 1770 883 1831 est,
931 1771 1106 1842 atque
1155 1763 1326 1822 aliter
1371 1783 1433 1823 se
1479 1763 1590 1823 hoc
1637 1764 1844 1834 babet,
1893 1784 2069 1845 quam
2101 1784 2233 1825 cum
2281 1766 2531 1825 dicimus
2575 1771 2815 1842 gnatum
2862 1782 2971 1842 pro

395 1872 550 1924 nato,
639 1867 780 1923 item
836 1864 979 1925 illud
1036 1872 1156 1934 est,
1219 1864 1376 1945 quod
1431 1866 1514 1924 sic
1568 1866 1917 1947 plerumque
1964 1868 2160 1928 littera
2205 1868 2603 1937 subtrahitur,
2650 1874 2714 1927 ut
2762 1885 2869 1945 per
2913 1866 2970 1925 id

321 1984 370 2023 15
395 1975 454 2026 et
500 1966 855 2046 syllabarum
902 1967 1180 2027 damnum
1228 1970 1355 2035 siat,
1403 1974 1467 2028 ut
1497 1974 1586 2027 est
1618 1976 1941 2048 repostum.
2004 1989 2139 2030 nam
2185 1969 2322 2030 licet
2367 1969 2554 2029 solum
2603 1969 2969 2029 subtractum

397 2071 471 2129 sit
515 2069 561 2138 i,
612 2076 787 2149 atque
844 2087 962 2129 non
1018 2076 1085 2128 ut
1142 2068 1390 2148 syllaba,
1452 2070 1554 2129 sed
1602 2077 1669 2129 ut
1724 2071 1949 2140 littera,
2009 2078 2206 2132 tamen
2242 2079 2597 2132 ‘remanente
2643 2071 2757 2131 illic
2806 2090 2834 2129 s
2876 2070 2970 2129 lit-

395 2179 553 2240 tera,
601 2189 752 2250 quae
808 2172 868 2229 in
925 2171 1232 2249 complexu
1291 2171 1549 2250 syllabae
1597 2180 1753 2241 erat,
1802 2173 2106 2252 trisyllaba
2151 2193 2291 2253 pars
2335 2174 2618 2234 orationis
2662 2174 2815 2232 sacta
2861 2160 2970 2240 est',

394 2291 543 2352 quae
591 2279 721 2332 erat
775 2276 1053 2351 quattuor
1110 2272 1484 2351 syllabarum.
1577 2275 1717 2334 item
1776 2275 2126 2354 plerumque
2175 2276 2462 2336 dictiones
2505 2282 2670 2344 sunt,
2720 2274 2792 2334 de
2839 2275 2972 2352 qui·

395 2375 507 2435 bus
551 2374 827 2435 contendi
874 2381 1065 2453 potest
1123 2376 1282 2434 inter
1328 2375 1741 2454 metaplasmos
1798 2396 1958 2447 esse,
2007 2396 2141 2437 cum
2187 2396 2303 2438 non
2350 2380 2492 2445 sint,
2540 2385 2606 2437 ut
2650 2394 2785 2436 cum
2831 2375 2973 2434 dicit

316 2496 369 2534 20
395 2476 605 2556 aliquis
649 2477 837 2537 honos
882 2476 1085 2545 arbOS,
1135 2477 1365 2538 videtur
1410 2478 1675 2538 ultimam
1722 2477 1978 2539 litteram
2021 2481 2354 2539 mutavisse.
2416 2480 2520 2539 sed
2566 2479 2677 2538 hoc
2723 2496 2840 2537 non
2886 2484 2975 2535 est

395 2579 841 2657 metaplasmuS,
890 2580 1026 2658 quia
1071 2585 1131 2637 et
1184 2578 1372 2639 honos
1418 2588 1477 2640 et
1522 2580 1699 2640 arbos
1743 2588 1803 2641 et
1847 2581 2035 2641 honor
2079 2588 2139 2641 et
2183 2580 2363 2640 arbor
2407 2581 2733 2641 secundum
2779 2580 2971 2640 latini-

393 2683 531 2741 tatis
574 2681 837 2759 regulam
884 2688 1084 2741 rectus
1131 2699 1327 2741 sermo
1374 2690 1481 2743 est.
1573 2683 1760 2743 simile
1809 2690 1898 2742 est
1943 2691 2027 2752 et,
2077 2701 2209 2743 cum
2257 2683 2397 2743 dicit
2450 2685 2584 2762 quis
2627 2680 2975 2760 lapidicinas

396 2791 456 2843 et
499 2785 874 2864 lapicidinas:
923 2785 983 2843 in
1014 2790 1267 2864 utroque
1300 2786 1457 2845 enim
1489 2785 1910 2863 metaplasmus
1954 2806 2071 2847 non
2118 2793 2208 2846 est
2252 2804 2360 2865 per
2401 2786 2971 2853 transmutationem,

395 2889 672 2964 quoniam
716 2892 1033 2965 utrumque
1079 2894 1241 2947 certa
1290 2886 1639 2966 etymologia
1686 2896 1847 2948 recte
1895 2896 1955 2948 et
1998 2889 2176 2948 latine
2224 2888 2460 2948 dicitur.

320 3005 370 3043 25
569 2983 575 3066 l
625 2987 793 3047 Nunc
838 2989 953 3048 iam
999 2989 1216 3068 quibus
1261 2988 1450 3048 modis
1495 2989 1901 3050 barbarismus
1938 2994 2067 3076 fiat,
2122 2992 2529 3068 tempestivius
2572 2989 2969 3068 proferemus,

396 3089 457 3148 in
513 3108 629 3167 quo
685 3090 959 3168 equidem
1014 3109 1132 3151 non
1187 3091 1463 3151 imitabor
1518 3110 1620 3151 eos
1675 3093 2027 3171 scriptores,
2096 3093 2197 3171 qui
2255 3091 2524 3172 exempla
2586 3091 2761 3150 huius
2816 3091 2973 3150 modi

397 3190 671 3251 vitiorum
727 3191 799 3251 de
857 3194 1201 3253 auctoritate
1258 3193 1573 3253 lectionum
1634 3194 1775 3254 dare
1823 3193 2169 3265 voluerunt;
2227 3213 2343 3274 quo
2389 3213 2456 3255 ea
2502 3195 2775 3253 vitiorum
2821 3194 2971 3253 sacta

396 3299 486 3352 est
531 3294 826 3362 consusi0,
887 3302 949 3354 ut
994 3313 1181 3374 paene
1241 3296 1356 3354 iam
1404 3313 1578 3355 nemo
1633 3296 1965 3374 intellegat,
2025 3297 2165 3375 quid
2212 3294 2619 3356 barbarismus
2678 3297 2782 3365 sit,
2831 3295 2973 3374 quid

394 3393 834 3473 metaplasmus.
938 3414 1073 3456 nam
1129 3397 1478 3476 plerumque
1537 3397 1634 3457 alii
1690 3405 1865 3477 atque
1926 3397 2054 3465 alii,
2114 3398 2413 3458 interdum
2474 3398 2655 3458 iidem
2710 3398 2854 3476 ipsi,
2917 3403 2976 3456 et

318 3513 368 3552 30
397 3495 849 3576 metaplasmum
897 3506 956 3558 et
987 3497 1419 3559 barbarismum
1470 3499 1735 3560 dicentes
1780 3499 2044 3560 eiusdem
2088 3499 2359 3560 lectionis
2389 3507 2639 3560 utuntur
2670 3499 2973 3578 exempliS,

394 3617 581 3679 eoque
629 3607 840 3660 cuncta
873 3601 1259 3661 confundunt.
1322 3619 1430 3661 nos
1476 3602 1743 3681 exempla
1790 3603 1967 3662 huius
2011 3602 2169 3661 modi
2216 3602 2515 3670 dabimuS,
2564 3620 2713 3680 quae
2760 3603 2818 3661 in
2865 3618 2975 3660 usu

393 3701 610 3762 cotidie
657 3702 1023 3781 loquentium
1082 3703 1550 3764 animadvertere
1608 3723 1952 3783 possumuS,
2013 3705 2063 3763 si
2108 3704 2282 3783 paulo
2327 3724 2394 3765 ea
2440 3705 2731 3763 curiosius
2776 3703 2975 3764 audia-

393 3822 542 3864 mus.
634 3804 888 3864 diximus
931 3822 1039 3883 per
1084 3805 1472 3865 adiectionem
1520 3806 1751 3889 litterae
1799 3806 2054 3886 syllabae
2100 3809 2384 3886 temporis
2428 3813 2708 3867 accentus
2753 3807 2975 3884 aspira-

393 3908 569 3966 tionis
612 3906 745 3966 fieri
789 3887 1248 3967 barbarismum.
1339 3926 1447 3987 per
1492 3908 1883 3969 adiectionem
1930 3909 2163 3969 litterae
2212 3910 2295 3968 sic
2340 3910 2433 3978 fit,
2483 3916 2547 3969 ut
2591 3909 2776 3987 siquis
2821 3908 2977 3968 dicat

532 4095 557 4145 1
602 4095 825 4143 Lucilius
865 4095 1133 4144 Cramerus
1168 4105 1214 4145 et
1256 4095 1496 4145 Hertzius
1539 4095 1723 4159 ephem.
1763 4097 1918 4159 antiq.
1963 4097 2188 4159 (Zuchr.
2232 4096 2279 4158 f.
2317 4093 2709 4157 Alter-thamam.)
2748 4112 2799 4144 a.
2843 4094 2975 4146 1845

387 4181 440 4228 p.
473 4165 576 4216 398
611 4165 770 4214 lucius
812 4164 874 4212 M
1041 4164 1100 4214 ll
1158 4165 1408 4214 adiecitur
1447 4166 1512 4214 M
1686 4166 1749 4216 16
1790 4167 2024 4229 sortasse
2069 4166 2241 4229 utique
2293 4179 2390 4214 non
2440 4165 2635 4228 syllaba
2664 4168 2771 4218 ,sed
2811 4165 2972 4214 littera

2468 4229 2495 4269 ι·

393 4283 679 4334 remanente
701 4311 763 4322 -—
786 4294 910 4347 erat,
938 4295 1103 4334 tamen
1130 4286 1392 4348 trisyllaba
1499 4289 1565 4336 22
1591 4287 1755 4336 simile
1782 4294 1857 4335 est
1884 4295 1938 4334 ut
1966 4302 2077 4335 cum
2103 4285 2161 4334 M
2263 4243 2562 4350 lapidicin‘as
2592 4296 2640 4335 et
2678 4243 2974 4351 lapicidings

391 4354 455 4402 M
593 4357 658 4405 25
697 4356 1041 4404 barbarismus
1079 4358 1377 4420 tempestius
1417 4357 1724 4421 proferimus
1770 4357 2031 4418 adscripto
2068 4359 2117 4404 in
2153 4371 2314 4419 mar-9.
2369 4357 2673 4419 oportunius
2713 4357 2790 4402 uel
2839 4371 2973 4404 sere-

393 4429 506 4473 nius
547 4425 640 4474 M.-
670 4426 1018 4475 barbarismus
1050 4434 1356 4489 temperetur
1389 4426 1544 4476 edidit
1585 4426 1918 4490 Beqtevnannus
2022 4426 2090 4474 26
2121 4426 2364 4473 emitabor
2402 4425 2466 4472 M
2557 4425 2622 4473 27
2664 4439 2762 4488 quo
2800 4439 2970 4474 eorum

393 4495 569 4542 uitium
611 4494 794 4543 factum
848 4504 924 4545 est
966 4505 1017 4544 ut
1055 4497 1291 4544 confusae
1331 4509 1459 4559 pene
1495 4494 1561 4544 M
1594 4511 1692 4558 quo
1732 4510 1905 4543 eorum
1954 4495 2074 4542 vitio
2113 4494 2244 4543 facta
2292 4505 2367 4541 est
2405 4492 2637 4543 confusio
2677 4495 2974 4544 Cramer-us:

393 4564 477 4626 qui
514 4578 685 4612 eorum
717 4566 893 4614 uitium
923 4564 1107 4614 factum
1146 4574 1222 4613 est
1257 4574 1308 4614 ut
1338 4564 1550 4614 confuse
1589 4579 1717 4628 pene
1755 4565 1852 4612 iam
1893 4579 2039 4613 nemo
2079 4565 2330 4627 intelligat
2362 4565 2495 4626 quod
2538 4563 2882 4613 barbarismus
2921 4565 2974 4612 nt

393 4634 528 4694 quod
568 4635 924 4698 metaplasmus
966 4636 1186 4686 Clemens
1326 4635 1395 4686 30
1436 4635 1802 4683 barbarismum
1842 4634 2037 4683 hisdem
2078 4633 2300 4684 Clemens
2336 4634 2705 4682 barbarismum
2747 4635 2970 4684 eiusdem

393 4701 484 4753 M.-
516 4712 565 4750 ει
602 4705 983 4768 metaplasmum
1026 4714 1074 4754 et
1109 4705 1478 4754 barbarismum
1518 4705 1741 4753 eiusdem
1770 4704 1997 4753 lectionis
2025 4714 2227 4753 tuentur
2264 4703 2514 4767 exemplis
2550 4703 2880 4754 Buttmannns

391 4771 458 4821 32
499 4787 770 4835 possumus
804 4777 846 4823 si
890 4776 1041 4839 paulo
1080 4791 1137 4824 ea
1175 4775 1407 4823 curiosus
1451 4775 1715 4823 audiamus
1756 4775 1976 4822 Clemens
2022 4774 2278 4840 possimus
2316 4774 2357 4820 si
2398 4774 2550 4838 paulo
2597 4775 2847 4824 curiosius
2884 4789 2969 4824 au·

393 4842 592 4890 «liumus
621 4859 681 4891 ea
722 4845 782 4891 M
