3541 5564
1068 338 1467 399 EXCERPTA
1513 337 1858 399 PARlSlNA
1911 337 2282 399 xvn-xlx
2835 335 2956 399 621

2563 459 2605 500 p.
2633 447 2832 488 εγω-59
2859 446 2906 487 1‘.

391 548 532 607 ergo
586 545 735 609 quae
795 529 857 587 in
911 545 983 606 μι
1038 535 1253 585 exeunt
1309 534 1533 587 mutant
1587 516 1658 605 μι
1714 528 1775 586 in
1829 544 1962 604 μην
2017 533 2076 584 et
2115 526 2360 604 'passiva
2405 528 2645 593 faciunt,
2705 522 2958 606 λέγοιμι

390 630 726 710 λεγοίμην.
817 647 966 708 quae
1015 646 1152 688 vero
1196 629 1255 687 in
1300 638 1397 706 ην·
1431 634 1665 695 exeunt,
1711 648 1758 707 μ
1805 631 2170 688 interserunt
2213 637 2272 686 et
2316 631 2377 688 in
2425 632 2719 707 passivum
2769 635 2957 688 trans-

389 741 549 801 eunt,
596 729 858 810 τίθείην
903 728 1234 809 τιθείμην,
1281 725 1542 808 διδοίην
1574 725 1901 809 διδοίμην.
1960 731 2171 791 Graeci
2217 743 2386 790 omne
2437 739 2667 810 tempus
2711 733 2958 810 optativi

389 833 545 894 modi
602 835 790 893 maius
846 831 1069 909 syllaba
1124 832 1449 908 proferunt,
1500 830 1507 908 Ι
1556 851 1729 909 quam
1776 832 1887 891 suit
1949 834 2010 892 in
2054 832 2404 900 indicativo,
2463 833 2632 892 ποιῶ
2680 839 2956 913 ποιοῖμι,

337 951 361 989 5
387 933 717 1014 πεποίηκα
747 928 1196 1012 πεποιήκοιμι,
1243 928 1498 1011 ποιήσω
1530 927 1898 1013 ποιήσοιμιε
1948 936 2201 995 aoriston
2236 937 2394 995 enim
2426 918 2755 1013 praetereo,
2804 934 2957 1013 quod

356 1020 647 1098 ¹latinitas
700 1037 911 1125 nescit.
1000 1034 1135 1093 ideo
1200 1027 1417 1115 ἡβῷμι
1474 1044 1531 1093 et
1587 1028 1874 1114 ἡβώοιμι
1930 1037 2082 1115 apud
2142 1038 2398 1097 Graecos
2469 1037 2751 1114 legimuS‚
2821 1039 2958 1114 quia

386 1149 634 1220 propter
689 1139 1091 1199 necessarium
1147 1143 1522 1212 augmentum
1581 1136 1840 1214 syllabae
1888 1130 2018 1197 ἀπὸ
2064 1139 2184 1198 τοῦ
2228 1132 2369 1218 ἡβῶ
2428 1142 2488 1198 tit
2532 1131 2781 1218 ἡβῷμι,
2849 1135 2961 1197 καὶ

386 1236 515 1302 άπὸ
575 1240 695 1301 τοῦ
751 1232 948 1319 ἡβώω
1008 1242 1072 1299 tit
1127 1232 1430 1318 ἡβώοιμι.
1532 1257 1702 1298 omne
1757 1239 1909 1317 apud
1970 1241 2223 1300 Graecos
2282 1243 2604 1320 optativum
2659 1242 2959 1316 singulare

387 1343 565 1404 habet
608 1344 736 1403 sine
783 1341 966 1402 dubio
1012 1343 1073 1405 in
1118 1340 1476 1419 paenultima
1523 1340 1955 1420 diphthongum
1999 1360 2148 1422 quae
2196 1361 2300 1421 per
2346 1361 2368 1399 ι
2412 1343 2782 1421 componitur,
2852 1339 2960 1401 λε’-

298 1462 347 1499 ιο
385 1465 568 1525 γοιμι
609 1440 931 1524 γράψοιμι
976 1441 1212 1520 σταιήν
1255 1438 1468 1521 δοίην.
1544 1442 1701 1503 unde
1747 1450 1806 1502 et
1851 1442 2234 1522 ΗΒΩΙΜΙ,
2281 1452 2414 1522 post
2451 1462 2502 1503 ω
2549 1443 2867 1504 ascribitur
2901 1458 2959 1522 ἰ,

386 1567 459 1607 ne
506 1549 634 1606 sine
680 1547 787 1607 hac
832 1544 1014 1603 vocali
1061 1544 1303 1622 optativi
1347 1545 1706 1621 paenultima
1750 1548 2107 1624 proseratur.
2184 1565 2396 1623 graeca
2441 1565 2588 1624 quae
2636 1548 2695 1606 in
2740 1566 2813 1625 μι
2858 1564 2957 1604 ex-

386 1658 529 1708 eunt
573 1668 597 1707 ι
641 1647 913 1708 ultimum
960 1648 1023 1705 in
1070 1664 1143 1705 εν
1187 1653 1415 1705 mutant
1470 1653 1529 1705 et
1572 1650 1717 1706 liunt
1775 1647 2046 1727 pluralia,
2110 1654 2361 1726 ποιοῐμι
2408 1654 2735 1727 ποιοῖμεν,
2792 1644 2958 1725 γρά-

387 1768 578 1829 φοιμι
607 1745 1001 1828 γράφοιμεν.
1061 1766 1298 1826 semper
1328 1749 1480 1827 apud
1515 1748 1770 1809 Graecos
1819 1747 2063 1827 pluralis
2108 1752 2299 1827 prima
2344 1768 2596 1827 persona
2643 1758 2742 1809 aut
2784 1767 2959 1809 unam

387 1851 644 1911 vocalem
689 1849 865 1911 habet
910 1852 969 1910 in
1013 1849 1371 1928 paenultima
1418 1852 1897 1929 praecedentem,
1957 1859 2021 1910 ut
2065 1850 2384 1930 σταίημεν
2429 1849 2812 1929 νυγείημεν,
2859 1859 2961 1910 aut

311 1971 361 2008 ιε
386 1953 558 2020 duas,
617 1960 683 2011 ut
737 1947 1042 2031 λέγοιμεν
1096 1945 1492 2031 γράφοιμεν.
1584 1955 1685 2012 sed
1746 1955 1949 2031 priora
1995 1954 2109 2013 tine
2155 1959 2377 2012 mutato
2421 1955 2483 2011 in
2529 1965 2657 2011 σαν
2723 1955 2958 2013 tertiam

384 2072 697 2134 personam
745 2054 817 2113 de
864 2074 925 2113 se
971 2055 1255 2121 efficiunt,
1303 2057 1609 2131 sequentia
1642 2074 1783 2114 vero
1827 2074 1872 2133 μ
1918 2054 2218 2115 subtracto
2250 2054 2406 2113 idem
2441 2055 2683 2123 faciunt,
2731 2055 2955 2133 σταίη-

384 2177 508 2237 μεν
555 2157 905 2235 σταίησαν,
965 2150 1269 2233 λέγοιμεν
1328 2152 1606 2233 λέγοιεν.
1696 2158 1924 2235 passiva
1971 2156 2328 2215 Graecorum
2375 2175 2523 2234 quae
2578 2158 2640 2216 in
2684 2176 2816 2235 μην
2860 2176 2959 2215 ex-

386 2267 527 2319 eunt
582 2259 731 2319 hanc
789 2260 976 2336 ipsam
1034 2255 1318 2335 syllabam
1375 2260 1436 2317 in
1494 2278 1529 2317 o
1589 2266 1817 2319 mutant
1872 2268 1929 2318 et
1973 2258 2290 2318 secundam
2335 2276 2648 2336 personam
2717 2261 2957 2327 faciunt,

385 2358 699 2440 ποιοίμην
742 2366 986 2437 ποιοῖο,
1033 2358 1417 2439 γραφοίμην
1460 2356 1779 2439 γράφωσι
1828 2380 1976 2440 quae
2025 2379 2163 2419 vero
2209 2363 2267 2419 in
2315 2379 2420 2438 ην,
2467 2379 2508 2419 ν
2556 2361 2614 2419 in
2660 2372 2701 2419 6
2733 2369 2957 2420 mutant

308 2481 361 2519 κο
387 2473 446 2523 et
491 2465 717 2523 faciunt
771 2462 1120 2531 secundam,
1168 2460 1405 2542 σταίην
1451 2463 1711 2542 σταίης,
1768 2459 1962 2541 δοίην
2019 2459 2219 2541 δοίης.
2313 2464 2436 2539 ipsa
2499 2480 2635 2520 vero
2703 2463 2957 2522 secunda

387 2584 658 2645 persona,
706 2566 757 2624 si
802 2566 864 2623 in
910 2582 945 2622 o
992 2566 1132 2631 exit,
1181 2564 1341 2623 addit
1385 2584 1421 2623 τ
1467 2574 1526 2624 et
1570 2566 1713 2626 lacit
1757 2567 1989 2625 tertiam
2065 2570 2280 2623 ποιοῖο
2317 2569 2616 2639 ποιοῖτο,
2671 2557 2959 2641 γράφοιο

384 2661 739 2745 γράφοιτο;
790 2683 937 2744 quae
987 2667 1050 2724 in
1095 2678 1136 2724 σ
1180 2666 1409 2734 desinit,
1458 2666 1567 2726 hoc
1612 2669 1829 2735 amittit
1874 2675 1930 2725 et
1978 2668 2117 2726 facit
2160 2667 2413 2733 tertiam,
2473 2664 2700 2743 σταίης
2745 2665 2958 2743 σταίη,

386 2764 571 2846 δοίης
615 2763 783 2847 δοίη.

555 2869 636 2928 De
696 2871 927 2929 infinito
983 2871 1174 2965 modp.
1278 2873 1571 2932 infinitum
1629 2873 1898 2940 modum,
1956 2890 2129 2951 quem
2187 2863 2667 2950 άπαρέμφατον
2733 2871 2956 2940 dicunt,
2989 2897 3079 2943 161
3109 2895 3169 2946 V.

312 2992 361 3030 25
390 2971 629 3051 quidam
676 2973 1034 3033 Graecorum
1080 2975 1238 3033 inter
1286 2974 1461 3034 verba
1510 2992 1822 3034 numerare
1870 2974 2209 3040 noluerunt,
2269 2974 2405 3051 qnia
2474 2972 2690 3032 nullius
2736 2968 2956 3050 ἐγκλί-

389 3087 556 3144 σεως
611 3073 854 3133 verbum
913 3074 1092 3134 verbo
1159 3076 1405 3135 alterius
1472 3079 1738 3136 iunctum
1799 3077 1981 3135 eflicit
2048 3092 2286 3135 sensum
2354 3071 2508 3153 (quis
2577 3076 2733 3134 enim
2803 3075 2960 3134 dir-at

381 3173 753 3255 βουλοίμην
796 3172 990 3253 λέγω,
1037 3173 1290 3256 λέγοιμι
1334 3171 1681 3255 βούλομαι,
1726 3172 2052 3256 γράφοιμι
2112 3173 2319 3256 τρέχω
2337 3177 2411 3254 ‘?);
2469 3176 2953 3254 aparemphatum

391 3296 526 3336 vero
572 3296 702 3337 cum
750 3278 1016 3356 quolibet
1046 3279 1219 3338 modo
1246 3280 1514 3338 iunctum
1545 3281 1686 3338 facit
1716 3298 1974 3346 sensum,
2019 3274 2200 3352 θέλω
2244 3273 2557 3356 γράφειν,
2602 3274 2763 3337 θέλε
2791 3273 2956 3356 γρά-

390 3396 580 3456 φειν,
639 3371 759 3438 ἐὰν
813 3375 992 3439 θέλω
1051 3375 1363 3458 γράφειν,
1412 3377 1473 3440 εί
1512 3377 1778 3459 θέλοιμι
1831 3377 2139 3458 γράφειν.
2231 3379 2506 3439 similiter
2550 3386 2608 3438 et
2653 3379 2805 3456 apud
2849 3379 2958 3438 La-

312 3497 362 3536 30
392 3481 547 3540 tinos
592 3480 713 3541 dici
759 3501 872 3541 nou
932 3489 1124 3559 potest
1185 3482 1359 3542 velim
1405 3482 1621 3551 scribo,
1670 3482 1916 3542 debeam
1970 3501 2143 3541 curre
2202 3490 2262 3540 et
2315 3480 2551 3540 similia.
2640 3480 2959 3558 dicuntque

389 3582 734 3642 adverbium
791 3601 921 3642 esse
980 3586 1192 3660 magiS,
1252 3586 1393 3662 quia
1447 3585 1770 3653 inlinitum,
1843 3586 1995 3643 sieut
2040 3583 2414 3652 adverbium,
2476 3584 2860 3661 praeponitur
2905 3591 2964 3642 et

387 3686 760 3763 postponitur
805 3683 1009 3752 verbo,
1055 3690 1119 3743 ut
1161 3681 1398 3763 γράφω
1445 3684 1684 3763 καλαῖς,
1734 3685 1739 3764 1
1792 3680 2007 3757 καλῶς
2049 3680 2311 3764 γράφω,
2358 3684 2556 3744 scribo
2591 3684 2760 3751 bene,
2808 3682 2959 3743 bene

385 3784 611 3854 scribe,
670 3780 1002 3865 ἑλληνιστὶ
1061 3782 1485 3866 διαλέγομαι,
1533 3783 1918 3867 διαλέγομαι
1963 3782 2325 3865 έλληνιστί,
2374 3787 2555 3847 latine
2602 3786 2828 3864 loquor,
2876 3785 2959 3844 lo-

385 3906 533 3968 quor
591 3888 802 3956 latine;
860 3889 939 3947 ita
998 3895 1058 3947 et
1108 3888 1248 3957 hoe,
1304 3883 1486 3950 θέλω
1542 3885 1858 3968 γράφειν,
1903 3884 2192 3966 γράφειν
2233 3883 2441 3964 θέλω,
2502 3888 2627 3947 volo
2673 3887 2958 3954 seribere,

306 4011 357 4050 ³5
385 3989 653 4050 scribere
700 3988 846 4058 volo,
897 3985 1253 4068 ἐπίσταμαι
1297 3985 1577 4069 τρέχειν,
1623 3985 1885 4069 τρέχειν
1932 3987 2311 4068 ἐπίσταμαι,
2372 3992 2494 4049 scio
2551 3991 2736 4068 loqui,
2801 3989 2959 4068 loqui

384 4094 526 4152 scio.
592 4111 703 4152 nec
750 4093 966 4152 mirum
1012 4094 1194 4161 aiunt,
1242 4111 1372 4151 eum
1404 4092 1584 4151 multa
1633 4091 1910 4152 adverbia
1958 4100 2274 4150 nascantur
2319 4111 2350 4150 a
2397 4092 2616 4159 verbiS,
2664 4092 2772 4150 boe
2817 4111 2959 4170 quo-

384 4214 498 4273 que
524 4174 619 4254 'ex
669 4193 849 4254 verbo
894 4213 1021 4253 esse
1068 4195 1420 4273 profectum.
1479 4196 1527 4254 si
1562 4196 1721 4253 enim
1753 4188 2066 4272 έλληνίζω
2103 4187 2443 4271 ἑλληνιστί
2470 4195 2610 4252 facit
2640 4202 2699 4251 et
2730 4188 2961 4273 κάμνω

383 4288 647 4375 άκμητί,
695 4315 802 4356 eur
848 4314 963 4355 non
1013 4305 1074 4361 et
1116 4289 1245 4356 άπὸ
1289 4289 1412 4356 τοῦ
1454 4289 1694 4374 γράφω
1741 4303 2016 4356 nascatur
2062 4293 2406 4354 adverbium
2451 4289 2777 4372 γράφειν’(
2850 4293 2960 4353 hoc

384 4400 564 4458 etiam
620 4398 871 4458 addunt:
929 4399 979 4457 si
1035 4396 1109 4457 ab
1167 4417 1237 4457 eo
1282 4398 1435 4476 quod
1483 4406 1573 4457 est
1614 4392 1858 4477 γράφω
1903 4416 2034 4456 cum
2081 4397 2147 4456 tit
2188 4391 2504 4474 γράφων,
2553 4399 2669 4456 iam
2715 4395 2959 4455 verbum

307 4517 503 4559 4onon
560 4499 807 4570 dicitur,
865 4499 970 4559 sed
1026 4501 1433 4578 participium,
1492 4503 1631 4579 quia
1687 4500 1953 4560 ultimam
2011 4505 2194 4558 mutat
2250 4504 2309 4557 et
2363 4515 2677 4576 personam
2724 4500 2959 4565 amittit,

524 4687 584 4734 12
621 4684 701 4749 εν]
736 4704 810 4751 ην
832 4688 883 4736 Ρ
1014 4683 1301 4750 ποιοῖμεν]
1339 4701 1611 4752 ποιοιμην
1638 4688 1688 4736 Ρ
1825 4689 1887 4735 13
1912 4677 2252 4763 γράφοιμεν]
2280 4699 2609 4749 γραφοιμην
2635 4685 2680 4733 Ρ
2819 4686 2881 4734 15
2908 4696 2960 4733 ut

386 4752 656 4818 λεγοιμην
679 4770 1011 4819 γραφοιμην
1037 4756 1084 4803 P
1221 4757 1282 4804 16
1307 4752 1606 4819 σταίημεν]
1635 4769 1921 4820 σταιημην
1946 4755 1994 4803 Ρ
2109 4756 2167 4803 17
2195 4751 2474 4818 λεγοιμεν]
2504 4753 2777 4819 λεγοιμην
2805 4753 2849 4801 Ρ

384 4822 449 4896 27
475 4821 857 4889 paremphatum
884 4824 933 4872 P
1065 4824 1131 4873 30
1154 4838 1295 4871 curre
1319 4840 1353 4888 p
1378 4839 1578 4872 currere
1601 4824 1652 4872 P
