3541 5564
1624 360 1768 424 Ans
2860 354 2986 421 375

2596 480 2638 521 p.
2667 469 2783 508 2061.
2809 467 2859 507 62
2886 467 2933 510 P.

414 561 607 612 tamen
653 553 751 631 qui
800 550 947 613 dicit
989 554 1083 612 sac
1126 558 1435 631 properat,
1493 560 1561 611 ut
1604 552 1688 612 ait
1732 549 1966 619 Celsus;
2024 549 2126 608 ille
2174 549 2352 608 etiam
2397 550 2617 608 morari
2663 550 2833 616 sinit,
2882 549 2983 626 qui

412 655 559 714 dicit
602 655 804 713 facito.
893 655 1092 733 itaque
1150 661 1216 713 ut
1271 655 1578 732 praeteriti
1640 653 1928 730 temporis
1974 649 2187 728 triplex
2232 651 2419 709 forma
2468 661 2588 719 est,
2635 652 2721 710 sic
2766 653 2825 710 in
2874 649 2983 709 hoc

410 757 595 816 futuri
643 755 950 834 duplicem
997 756 1223 815 dicunt.
1286 757 1581 834 optativus
1625 753 1833 814 modus
1880 754 1990 813 hoc
2034 753 2342 833 proprium
2386 751 2594 820 habet,
2643 753 2798 832 quod
2844 770 2982 810 con-

411 859 631 917 iunctis
675 856 1051 935 temporibus
1083 856 1434 918 declinatur.
1497 874 1781 935 praesens
1826 857 1985 915 enim
2031 861 2090 914 et
2146 855 2533 932 praeteritum
2586 855 2982 933 inperfectum

359 971 384 1009 5
416 960 692 1020 similiter
737 959 937 1027 effert,
994 966 1063 1018 ut
1105 960 1328 1019 utinam
1374 959 1664 1036 legerem}
1724 959 1867 1017 item
1912 957 2301 1036 praeteritum
2346 954 2677 1034 perfectum
2723 962 2782 1015 et
2824 955 2983 1034 plus-

410 1061 925 1141 quamperfectum
969 1060 1251 1121 similiter
1295 1062 1495 1130 effert,
1554 1068 1619 1120 ut
1661 1061 1888 1119 utinam
1932 1058 2232 1134 legissem.
2323 1058 2731 1117 coniunctivus
2777 1057 2985 1117 modus

411 1164 602 1222 currit
647 1181 753 1241 per
797 1165 991 1223 omnia
1039 1172 1324 1242 tempora.
1412 1163 1518 1223 sed
1575 1179 1982 1241 quaecum-que
2040 1167 2179 1219 sunt
2234 1160 2478 1238 optativi
2524 1157 2731 1226 verba,
2781 1159 2984 1219 eadem

412 1272 472 1324 et
517 1266 878 1324 coniunctivi
923 1272 1090 1333 sunt,
1141 1272 1205 1324 ut
1248 1267 1331 1325 ait
1373 1265 1719 1334 Palaemon;
1779 1270 1838 1322 at
1880 1281 2029 1340 quae
2076 1263 2466 1331 coniunctivi,
2513 1280 2629 1320 non
2676 1261 2879 1320 eadem
2927 1267 2986 1319 et

412 1369 679 1446 optativi.
771 1367 1024 1427 dicimus
1090 1369 1250 1426 enim
1305 1385 1437 1426 cum
1495 1368 1726 1435 secero,
1797 1384 1929 1424 cum
1984 1364 2218 1441 legero;
2276 1383 2391 1424 non
2451 1364 2705 1423 dicimus
2760 1364 2984 1422 utinam

337 1482 387 1519 10
415 1472 643 1538 secero,
694 1471 920 1530 utinam
976 1469 1196 1546 legero.
1287 1474 1431 1531 item
1487 1471 1547 1528 in
1595 1470 1803 1529 activis
1848 1468 2285 1526 coniunctivum
2330 1466 2567 1525 modum
2612 1467 2673 1524 in
2720 1473 2984 1544 tempore

413 1571 615 1631 futuro
661 1571 956 1650 duplicem
1005 1572 1242 1641 dicunt;
1290 1571 1542 1631 dicimus
1576 1572 1734 1630 enim
1782 1588 1916 1629 cum
1961 1568 2149 1646 legam
2195 1574 2255 1627 et
2298 1587 2430 1628 cum
2463 1567 2696 1644 legero:
2746 1569 2806 1626 in
2853 1586 2984 1645 pas-

414 1674 554 1733 sivis
613 1691 752 1733 vero
811 1673 1017 1733 eodem
1074 1672 1247 1733 modo
1304 1680 1363 1732 et
1416 1680 1680 1750 tempore
1738 1671 2065 1749 triplicem;
2123 1669 2374 1730 dicimus
2421 1671 2578 1729 enim
2623 1686 2756 1729 eum
2801 1669 2984 1745 legar,

418 1774 699 1835 ulteriore
746 1793 878 1834 cum
924 1775 1111 1835 lectus
1157 1793 1287 1845 ero,
1335 1776 1480 1835 item
1511 1775 1626 1835 alio
1670 1774 1955 1834 ulteriore
2002 1792 2134 1833 cum
2179 1773 2366 1833 lectus
2409 1773 2599 1832 fuero.
2662 1772 2987 1830 infinitivus

414 1876 655 1945 moduS,
695 1872 705 1957 1
745 1894 922 1956 quem
969 1885 1028 1936 et
1072 1884 1426 1956 perpetuum
1472 1876 1711 1956 quidam
1757 1884 1996 1945 vocant,
2054 1876 2203 1935 hanc
2261 1875 2700 1934 distinctionem
2745 1873 2985 1951 recipit.

342 1992 391 2031 15
421 1997 555 2039 nam
598 1979 658 2038 id
704 1980 859 2058 quod
909 1979 1142 2039 videtur
1185 1981 1518 2058 praesentis
1575 1981 1862 2058 temporis
1918 1979 2180 2056 speciem
2240 1978 2507 2055 proferre
2566 1993 2984 2054 usquequaque

419 2081 725 2140 confusum
783 2087 901 2149 est,
961 2083 1116 2141 sicut
1172 2083 1288 2140 iam
1346 2081 1635 2151 diximuS‚
1693 2081 1913 2158 legere.
2002 2079 2218 2157 legisse
2265 2088 2459 2138 autem
2505 2085 2566 2136 et
2612 2078 2830 2137 lectum
2872 2078 2983 2145 ire,

417 2184 682 2261 quamvis
738 2191 798 2266 gt
854 2184 981 2261 ipsa
1038 2202 1285 2243 numero
1339 2184 1733 2262 personisque
1793 2182 2138 2241 indistincta
2205 2182 2352 2248 sint,
2426 2188 2614 2245 tamen
2684 2179 2985 2238 delinitam

415 2286 676 2362 speciem
746 2292 1078 2363 temporum
1147 2293 1368 2345 tenent.
1457 2286 1611 2343 scire
1668 2301 1810 2343 sane
1880 2282 2197 2351 debemus,
2256 2284 2412 2342 sicut
2479 2289 2612 2341 ante
2670 2284 2786 2340 iam
2841 2281 2983 2349 dixi,

415 2387 570 2464 quod
615 2386 856 2465 quidam
902 2385 1340 2465 inpersonalem
1371 2385 1609 2446 modum
1640 2385 1931 2453 adiciunt,
1980 2384 2083 2444 sed
2128 2384 2284 2444 hunc
2329 2403 2436 2443 nos
2481 2403 2595 2443 non
2642 2384 2985 2461 accipimuS,

338 2505 389 2543 20
416 2490 692 2567 quoniam
755 2487 934 2548 verba
995 2488 1399 2567 inpersonalia
1455 2486 1779 2566 generibus
1834 2488 2059 2547 rectius
2115 2486 2503 2564 adplicantur.
2592 2485 2737 2545 haec
2806 2487 2987 2561 igitur

413 2589 590 2668 paulo
635 2590 812 2650 latius
857 2590 1211 2650 insinuanda
1257 2590 1518 2659 credidi,
1584 2596 1648 2649 ut
1691 2588 2033 2669 qualitatem
2078 2606 2226 2667 quae
2270 2587 2452 2648 verbo
2497 2588 2712 2647 accidit
2754 2587 2988 2646 facilius

414 2692 763 2768 intellegere
797 2709 1133 2769 possemuS,
1182 2693 1233 2751 si
1264 2692 1473 2757 horum
1505 2691 1815 2751 modorum
1859 2692 2255 2770 proprietates
2300 2693 2565 2768 cognitas
2610 2689 2985 2749 haberemus

415 2796 475 2853 in
521 2794 615 2854 his
661 2796 819 2853 enim
865 2794 1120 2873 qualitas
1166 2813 1314 2873 quae
1359 2794 1540 2855 verbo
1586 2794 1805 2854 accidit
1849 2796 2169 2854 constituta
2215 2802 2323 2854 est.
2412 2813 2483 2852 ex
2529 2812 2645 2872 quo
2686 2801 2850 2853 recte
2899 2795 2986 2852 in-

412 2895 659 2975 probata
717 2903 809 2955 est
864 2914 1069 2956 eorum
1126 2897 1367 2967 divisio,
1426 2899 1525 2977 qui
1581 2897 1788 2957 modos
1846 2896 1950 2956 hos
1995 2899 2153 2956 inter
2197 2895 2526 2956 accidentia
2574 2894 2756 2954 verbo
2802 2895 2985 2955 adnu-

337 3014 386 3053 25
413 2997 729 3057 meraudos
775 3015 905 3056 esse
952 2997 1260 3068 dixerunt,
1310 3018 1443 3059 cum
1489 3002 1551 3059 in
1596 2984 1690 3060 his
1735 2998 1987 3078 qualitas
2045 3001 2172 3078 ipsa
2218 3006 2519 3068 versetur;
2575 2999 2752 3057 sicuti
2797 2998 2986 3076 quali-

412 3107 504 3158 tas
548 3117 698 3178 quae
746 3101 972 3159 nomini
1028 3102 1245 3161 accidit
1300 3120 1368 3161 ex
1426 3120 1495 3160 eo
1549 3107 1881 3180 spectatur,
1941 3100 2095 3180 quod
2153 3109 2251 3160 aut
2295 3102 2538 3179 propria
2583 3108 2684 3159 aut
2728 3100 2985 3179 appella-

417 3203 532 3260 tiva
579 3208 718 3261 sunt
761 3203 1029 3271 nomina,
1079 3222 1270 3282 neque
1317 3212 1510 3263 tamen
1558 3205 1872 3282 quisquam
1918 3204 2225 3282 proprium
2274 3209 2374 3262 aut
2418 3201 2835 3280 appellativum
2881 3221 2984 3260 no-

412 3304 558 3363 mini
617 3303 766 3363 dixit
822 3303 1125 3373 acc-idere,
1184 3323 1317 3364 cum
1375 3306 1435 3364 in
1495 3304 1589 3364 his
1646 3306 1795 3383 ipsis
1852 3305 2104 3383 qualitas
2160 3305 2261 3365 illa
2307 3323 2455 3384 quae
2501 3306 2726 3364 nomini
2772 3304 2986 3365 accidit

412 3413 707 3466 cernatur.

337 3541 387 3579 30
583 3522 731 3583 Item
777 3523 1097 3584 verborum
1142 3525 1460 3586 latinorum
1506 3525 1757 3605 qualitas
1807 3523 1974 3600 (narn
2020 3534 2080 3585 et
2124 3529 2184 3586 in
2231 3526 2325 3585 his
2371 3526 2567 3586 deficit
2611 3544 2819 3603 graeca
2867 3527 2978 3587 lin·
3005 3537 3120 3598 381,
3147 3538 3211 3585 26

412 3623 544 3706 gua)
594 3626 1007 3685 consideratur
1053 3629 1115 3685 in
1162 3629 1397 3698 formis,
1447 3647 1591 3706 quas
1637 3629 1856 3688 formas
1901 3628 2140 3706 quidam
2185 3631 2510 3705 generibus
2554 3628 2644 3688 vel
2688 3631 2982 3706 signitica-

411 3727 675 3787 tionibus
733 3745 914 3806 prave
972 3727 1290 3807 adplicant.
1381 3731 1566 3789 forma
1636 3736 1828 3789 autem
1896 3729 2210 3789 verborum
2273 3731 2459 3808 prima
2492 3732 2712 3809 'specie
2770 3731 2984 3809 duplex

413 4010 647 4066 properat
687 4001 838 4050 ML:
867 4001 958 4050 sed
994 4009 1049 4051 ut
1085 4001 1155 4049 ait
1186 4000 1361 4051 Celsus
1402 4004 1487 4065 qui
1529 4003 1650 4052 dicit
1689 4003 1768 4053 sac
1797 4002 1878 4052 hic
1915 4010 2167 4067 properat.
2212 4002 2297 4051 ille
2330 4002 2477 4052 etiam
2511 4017 2701 4053 moram
2739 4004 2861 4051 sinit
2895 4004 2981 4065 qui

411 4073 534 4120 dicit
571 4071 722 4120 facito
761 4072 927 4121 codex
959 4072 1225 4120 Parisinus
1265 4072 1394 4122 7491
1557 4074 1577 4123 1
1624 4087 1814 4122 moram
1845 4073 1967 4122 sinit
2001 4073 2065 4121 M
2219 4072 2249 4122 3
2291 4073 2422 4136 quod
2459 4073 2508 4121 in
2545 4073 2825 4122 coniunctis
2861 4080 2982 4120 tem-

412 4141 618 4206 poribus
650 4141 700 4189 B
738 4142 872 4204 quod
910 4143 956 4189 in
995 4141 1277 4190 coniunctis
1315 4143 1556 4208 temporis
1587 4145 1634 4193 L
1775 4143 1806 4191 5
1845 4142 2076 4191 similitor
2114 4140 2279 4191 adfert
2316 4141 2380 4190 M
2413 4143 2563 4191 simul
2603 4143 2876 4192 effertBL

411 4207 655 4276 legerem]
703 4226 930 4275 gererem
970 4210 1033 4258 M
1170 4211 1202 4260 6
1238 4212 1533 4277 simpliciter
1566 4212 1729 4262 adfert
1759 4211 1866 4261 BL
1905 4211 2062 4260 ecfert
2101 4211 2164 4258 M
2303 4210 2564 4277 legissem]
2608 4214 2881 4278 gessissem
2922 4210 2985 4260 M

549 4281 579 4329 7
619 4281 759 4328 uerbi
795 4281 860 4330 M
995 4282 1028 4331 8
1064 4281 1418 4331 coniunctatiui
1448 4289 1502 4331 ut
1535 4283 1604 4332 ait
1633 4281 1754 4330 ML
1862 4282 2093 4347 palemon
2123 4282 2187 4330 M
2218 4282 2454 4346 palemon
2490 4285 2537 4332 L
2676 4289 2824 4344 atque
2860 4296 2981 4330 con-

412 4350 675 4399 iunctatiui
718 4350 834 4401 ML
874 4352 1012 4414 atqui
1051 4351 1352 4400 coniunctiui
1391 4352 1671 4402 Siehardns
1777 4363 1876 4398 uon
1911 4351 2086 4398 eadem
2115 4360 2308 4400 suntet
2345 4352 2392 4400 L
2423 4366 2485 4400 ne
2525 4351 2699 4400 eadem
2735 4361 2781 4399 et
2819 4351 2881 4399 M

415 4419 480 4470 10
516 4421 888 4470 coniunctatiuo
924 4425 1009 4472 mo
1037 4423 1101 4473 L.
1138 4417 1364 4481 sortasse
1402 4421 1720 4470 coniunctiuo
1750 4420 1898 4468 modo
1930 4421 1978 4467 in
2018 4428 2244 4485 tempore
2271 4419 2439 4469 futuro
2477 4420 2730 4486 duplicem
2768 4421 2979 4470 sormam

412 4505 526 4538 esse
560 4490 736 4537 dicunt
877 4493 940 4541 14
982 4506 1127 4554 quem
1164 4501 1464 4556 perpetuum
1508 4505 1567 4539 eo
1606 4489 1738 4552 quod
1779 4490 1999 4552 speciem
2039 4504 2183 4539 suam
2223 4504 2319 4538 non
2360 4499 2515 4538 mutet
2553 4490 2754 4552 quidam
2800 4499 2981 4539 uocant

412 4565 690 4617 Sichardus
865 4571 928 4621 15
967 4569 1192 4635 proferre
1229 4570 1280 4619 B
1311 4564 1456 4629 {dere
1493 4570 1541 4618 L
1575 4568 1742 4632 §ferre
1783 4566 1847 4616 M
2021 4567 2085 4617 16
2121 4569 2249 4616 sicut
2301 4568 2400 4615 iam
2448 4569 2670 4617 diximus
2706 4570 2982 4620 Sic-hardus

414 4637 542 4684 sicut
570 4636 721 4683 etiam
752 4637 973 4688 diximus
1011 4641 1057 4689 li
1074 4638 1189 4689 ML
1337 4637 1399 4688 18
1430 4636 1574 4701 sane]
1619 4649 1783 4685 tamen
1814 4638 1860 4685 B
1998 4637 2067 4687 20
2105 4633 2315 4700 rectius]
2358 4638 2524 4700 potius
2562 4639 2625 4687 M
2760 4641 2827 4687 22
2865 4655 2982 4704 pos-

414 4707 573 4755 simus
611 4705 793 4756 BML
933 4710 1257 4758 habuerimus
1295 4709 1356 4758 M
1490 4710 1555 4757 27
1595 4723 1756 4769 neque
1790 4715 1981 4755 tantum
2018 4708 2230 4770 quisque
2265 4707 2316 4755 B
2353 4723 2444 4755 nec
2475 4717 2644 4757 tamen
2681 4710 2896 4772 quisque
2932 4711 2979 4759 L

552 4773 621 4823 28
646 4776 873 4826 accidere
909 4780 1031 4829 dicit
1058 4779 1125 4829 M
1226 4779 1442 4843 qualitas
1477 4777 1757 4843 (superser.
1789 4776 1900 4840 illa)
1935 4792 2065 4840 quae
2105 4777 2294 4828 nomini
2327 4778 2509 4828 accidit
2536 4779 2596 4828 M
2627 4793 2754 4843 quae
2787 4780 2980 4829 nomini

413 4845 594 4895 accidit
631 4846 844 4910 qualitas
881 4848 965 4897 illa
1000 4850 1112 4899 BL
