3541 5564
613 325 735 390 158
762 285 769 292 ’
1472 426 1478 432 .
1748 330 2057 394 pompm

660 449 703 489 p.
735 438 906 476 140—42
937 436 977 476 1..

613 523 893 577 extraneo
937 518 1175 595 generi,
1225 517 1325 578 sed
1371 525 1597 578 tautum
1632 517 1809 579 modo
1841 527 2077 590 nostro,
2125 529 2191 581 ut
2233 522 2283 580 si
2330 521 2488 581 dicas
2531 522 2753 602 ‘equus
2798 522 3201 584 velocissimus

612 627 697 678 est
743 623 1097 699 equorum’;
1145 627 1263 680 non
1296 639 1541 699 possum
1573 620 1773 681 dicere
1817 620 2040 700 ‘equus
2085 620 2484 684 velocissimus
2514 626 2780 684 canum'.
2843 643 2954 704 per
2988 621 3199 704 su‘per-

608 717 847 780 lativum
892 727 1117 780 tantum
1166 721 1343 781 modo
1388 729 1595 782 nostro
1641 725 1848 800 generi
1892 723 2302 802 praeferimur.

371 833 583 889 407,29
778 822 861 882 De
907 841 1154 884 numero
1199 824 1532 900 quaesitum
1581 832 1685 884 est.
1778 827 2191 904 conparativus
2247 826 2463 904 gradus
2519 829 2612 887 cui
2672 846 2920 888 numero
2977 831 3197 889 servit?

370 901 580 1018 23:¹5}ss
609 926 1021 1002 conparativus
1074 927 1340 1002 iungitur
1396 944 1645 986 numero
1700 926 1984 1003 singulari
2044 935 2102 988 et
2165 928 2411 1007 plurali,
2482 929 2713 990 doctior
2774 929 2906 1000 illo,
2966 929 3251 992 doctiora

477 1005 489 1029 '
605 1023 750 1093 illis;
800 1028 1018 1106 ‘equus
1066 1026 1323 1088 velocior
1369 1037 1457 1088 est
1502 1027 1803 1090 canibus’.
1890 1027 2282 1107 superlativus
2328 1047 2467 1092 vero
2513 1030 2724 1121 plurali
2773 1050 3025 1095 numero
3071 1041 3199 1093 tan-

608 1134 728 1186 tum
785 1130 996 1198 servit,
1053 1137 1117 1189 ut
1171 1136 1311 1207 puta
1371 1133 1601 1208 ‘equus
1658 1129 2061 1191 velocissimus
2117 1137 2473 1211 equorum’;
2533 1151 2651 1193 non
2710 1151 2948 1212 possum
2996 1133 3197 1195 dicere

530 1285 538 1295 ,
608 1231 832 1313 ‘equus
889 1229 1288 1292 velocissimus
1345 1234 1533 1311 equi'.
1627 1243 1686 1292 et
1736 1250 1803 1292 re
1849 1250 1983 1292 vera
2042 1235 2100 1293 in
2146 1253 2212 1294 re
2259 1253 2408 1313 quae
2452 1234 2751 1295 individua
2798 1244 2886 1296 est
2930 1245 3200 1298 servatur

610 1329 757 1390 haec
800 1330 1033 1409 regula;
1083 1334 1132 1393 si
1175 1352 1272 1394 res
1315 1332 1414 1394 illa
1461 1332 1757 1394 individua
1804 1342 1892 1393 est
1935 1335 2316 1404 naturaliter,
2365 1354 2580 1397 servas.
2673 1336 2978 1398 hominem
3023 1357 3196 1401 num·

610 1433 746 1509 quid
816 1441 983 1512 potes
1050 1434 1348 1496 dividere?
1416 1453 1447 1494 e
1515 1438 1811 1497 contrario
1878 1436 2113 1515 plebem
2182 1437 2416 1506 dividis;
2485 1457 2723 1518 possum
2795 1457 2938 1518 ergo
2997 1439 3269 1504 dicerem

609 1534 1022 1596 ‘stultissimus
1081 1544 1168 1596 est
1221 1535 1463 1615 plebis'.
1556 1536 1728 1616 plebs
1784 1536 1923 1598 licet
1968 1541 2042 1599 sit
2088 1540 2322 1599 numeri
2369 1538 2710 1618 singularis,
2760 1549 2956 1619 potest
2997 1549 3194 1603 tamen

609 1656 734 1697 esse
781 1638 1013 1698 dividua
1070 1646 1129 1698 et
1184 1646 1381 1718 potest
1424 1640 1693 1718 recipere
1737 1638 2026 1718 pluralem
2075 1658 2408 1701 numerum.
2498 1640 2784 1702 habemus
2827 1643 2888 1703 in
2935 1643 3196 1722 Vergilio

609 1739 1064 1800 ‘fortissime
1121 1741 1363 1818 gentis
1421 1739 1759 1819 Tydide'.
1853 1741 2209 1803 fortissimus
2264 1742 2656 1822 superlativus
2711 1751 2826 1814 est,
2903 1762 3050 1822 gens
3108 1755 3198 1807 est

609 1843 841 1902 numeri
898 1839 1241 1919 singularis,
1300 1840 1402 1902 sed
1462 1850 1658 1903 tamen
1708 1852 1796 1904 est
1839 1842 2142 1905 intellectu
2191 1843 2448 1924 pluralis.
2538 1845 2931 1924 superlativus
2976 1846 3196 1925 gradus

606 1941 780 2003 debet
823 1943 1060 2023 quidem
1107 1945 1268 2022 iungi
1314 1951 1538 2005 tantum
1575 1940 1584 2025 Ι
1621 1963 1869 2006 numero
1915 1944 2158 2025 plurali,
2214 1946 2318 2008 sed
2367 1949 2627 2027 exceptis
2672 1947 2786 2009 illis
2830 1948 3190 2018 nominibus,
3225 1978 3271 2017 ις.

604 2063 755 2124 quae
799 2052 939 2105 sunt
983 2047 1387 2107 enuntiatione
1434 2044 1784 2123 singularia,
1818 2047 2123 2109 intellectu
2169 2048 2435 2128 pluralia.
2498 2050 2549 2110 si
2596 2052 2753 2110 enim
2799 2051 2907 2111 ista
2955 2052 3192 2111 nomina

606 2147 825 2206 fuerint
883 2140 1116 2228 [etiam]
1180 2149 1579 2209 enuntiatione
1635 2148 1983 2227 singularia,
2030 2149 2334 2211 intellectu
2378 2149 2655 2230 pluralia,
2705 2153 2969 2230 iungitur
3015 2155 3190 2214 etiam

606 2250 875 2325 genetivo
922 2230 1236 2330 singulari,
1282 2256 1349 2310 ut
1392 2251 1546 2330 apud
1592 2253 1789 2330 ipsum
1834 2250 2159 2328 Vergilium
2207 2254 2540 2314 invenimus
2585 2251 2697 2314 alio
2743 2252 2875 2314 loco
2936 2254 3192 2316 ‘ditis-

606 2352 838 2411 simus
894 2354 1109 2429 agri’.
1202 2371 1343 2430 ager
1397 2354 1607 2432 recipit
1663 2353 2029 2414 divisionem.
2121 2373 2255 2415 nam
2323 2354 2574 2416 dicimus
2639 2374 2781 2434 ager
2838 2356 3187 2436 Campanusz,

603 2453 705 2512 sed
754 2456 958 2533 utique
1001 2456 1062 2514 in
1108 2453 1427 2534 Campania
1472 2474 1588 2516 non
1636 2474 1788 2516 unus
1833 2474 1974 2534 ager
2019 2463 2136 2525 est,
2185 2456 2290 2516 sed
2337 2457 2533 2524 multi;
2583 2456 2881 2527 similiter,
2929 2460 2981 2519 si
3026 2459 3188 2519 dicas
3212 2488 3268 2524 ευ

604 2572 745 2632 ager
777 2555 1037 2626 Siculus„
1086 2573 1226 2634 ager
1258 2556 1529 2618 Gallicus
1589 2560 1721 2618 ideo
1766 2558 2091 2619 ditissimus
2135 2560 2263 2636 agri
2310 2559 2577 2620 dicimus.
2656 2558 2928 2621 similiter
2976 2559 3188 2622 Roma*

602 2675 745 2716 num
812 2675 1024 2735 genus:
1096 2657 1209 2718 hoc
1274 2658 1603 2720 Romanum
1669 2679 1855 2738 genus
1922 2663 2154 2720 numeri
2222 2669 2309 2721 est
2372 2661 2607 2740 quidem
2662 2661 3016 2740 singulariS,
3085 2661 3187 2723 sed

604 2766 800 2820 tamen
847 2759 1150 2822 intellectu
1196 2759 1441 2840 plurale.
1515 2761 1649 2822 ideo
1696 2763 1757 2823 in
1805 2762 2066 2824 historiis
2110 2764 2443 2825 invenimus
2491 2763 2836 2824 ‘Romani
2879 2766 3188 2842 generis

604 2861 1211 2933 disertissimus’,
1271 2864 1690 2925 disertissimus
1749 2865 1922 2927 buius
1966 2865 2215 2925 Romani
2272 2868 2526 2944 generis.
2620 2883 2762 2945 ergo
2815 2886 2883 2927 ea
2928 2868 3183 2937 nomina,

603 2982 751 3043 quae
798 2966 1200 3026 enuntiatione
1245 2976 1381 3026 sunt
1424 2966 1769 3045 singularia,
1818 2965 2117 3028 intellectu
2149 2966 2425 3046 pluralia,
2473 2975 2722 3047 possunt
2751 2968 2823 3029 ad
2854 2987 2916 3029 se
2950 2968 3185 3030 trahere
3209 2997 3266 3035 εἴ»

604 3066 775 3128 etiam
823 3085 1138 3127 numerum
1184 3065 1489 3146 pluralem.

772 3167 898 3239 Quo
953 3168 1128 3230 modo
1200 3172 1638 3249 conparativum
1698 3167 1955 3232 diximus
2010 3172 2152 3250 poni
2205 3190 2315 3251 pro
2370 3173 2650 3251 positivo,
2709 3174 2794 3235 sic
2850 3174 3183 3234 invenimus

603 3271 870 3340 nomina,
928 3278 993 3330 ut
1044 3273 1172 3351 ipse
1229 3272 1619 3352 superlativus
1662 3275 1946 3352 positivus
1992 3274 2093 3342 sit,
2154 3258 2320 3334 ut'in
2367 3272 2464 3335 tali
2512 3273 2869 3344 elocutione,
2919 3274 3185 3355 luppiter

603 3374 864 3453 optimus
919 3375 1224 3436 maximus,
1314 3377 1573 3454 optimus
1630 3384 1688 3436 et
1746 3377 2032 3436 maximus
2086 3376 2429 3455 superlativi
2472 3384 2638 3445 sunt;
2699 3376 2802 3437 sed
2849 3385 3048 3438 tamen
3094 3379 3186 3438 isti

602 3473 941 3555 superlativi
998 3494 1116 3536 non
1174 3475 1365 3538 solum
1428 3476 1769 3557 superlativi
1833 3496 1949 3537 non
2018 3485 2182 3547 sunt,
2253 3478 2355 3539 sed
2414 3497 2524 3539 nec
2579 3480 2972 3558 conparativi,
3023 3476 3032 3559 Ι
3080 3478 3179 3540 sed
3207 3512 3260 3546 m·

602 3585 830 3638 tantum
880 3577 1054 3639 modo
1101 3580 1347 3657 positivi.
1441 3599 1555 3659 qna
1600 3581 1867 3640 ratione?
1914 3580 2075 3659 quia,
2126 3581 2175 3640 si
2222 3589 2377 3640 esset
2420 3579 2687 3661 luppiter
2732 3598 2886 3642 unus
2932 3588 2991 3640 et
3037 3579 3184 3642 alter

605 3686 827 3739 tantum
878 3706 912 3737 κ
979 3681 1120 3741 item
1178 3680 1328 3741 bene
1387 3681 1749 3749 diceremus,
1810 3682 1860 3742 si
1918 3689 2118 3742 essent
2174 3691 2293 3743 tres
2337 3682 2520 3743 loveS.
2611 3702 2744 3744 cum
2789 3690 2988 3744 autem
3032 3700 3183 3744 unus

603 3782 708 3852 sit,
757 3799 872 3860 qua
917 3785 1338 3863 conparatione
1383 3783 1810 3863 praeferimus?
1869 3801 2010 3862 ergo
2056 3783 2303 3844 dicimus
2346 3782 2479 3845 illos
2522 3786 2738 3863 gradus
2783 3804 2891 3864 pro
2936 3786 3182 3865 positivo

603 3902 756 3945 esse.
822 3884 984 3945 vides
1031 3903 1174 3964 ergo
1221 3888 1498 3965 quoniam
1546 3883 1734 3946 malae
1782 3892 1918 3946 sunt
1961 3885 2097 3946 illae
2145 3885 2508 3948 elocutiones
2555 3894 2613 3947 et
2656 3896 2859 3949 curtae
2906 3895 2967 3947 et
3009 3888 3180 3948 semi·

601 3985 841 4066 plenae,
906 4005 1048 4065 quas
1102 3997 1330 4067 ponunt
1383 3986 1718 4048 scholastici
1775 3989 1834 4048 in
1881 3986 2262 4057 dictionibus,
2321 3989 2424 4050 sed
2469 3992 2585 4050 iam
2629 4007 2738 4069 per
2783 3989 3080 4050 licentiam
3127 3996 3183 4050 et
3206 4022 3258 4058 35,

739 4196 769 4243 4
808 4193 880 4243 De
912 4208 1120 4243 numero
1162 4209 1255 4244 om.
1286 4192 1341 4252 0,
1375 4193 1641 4254 titulisoco
1678 4191 1987 4255 adscriptum
2023 4200 2100 4243 est
2134 4194 2184 4242 in
2223 4194 2271 4243 B
2413 4192 2479 4244 10
2517 4191 2715 4259 plebem
2755 4193 2957 4244 diuides
2993 4194 3044 4243 A

604 4262 666 4313 13
705 4262 1007 4314 fortissimae
1048 4264 1114 4313 C:
1154 4265 1312 4328 Vera.
1348 4262 1474 4312 Aen.
1517 4262 1533 4310 1
1571 4261 1642 4311 96
1738 4277 1901 4327 genus
1937 4279 2073 4314 corr.
2105 4265 2273 4329 gentis
2313 4263 2360 4312 Α
2465 4264 2624 4330 tytide
2659 4263 2831 4314 ABG
2973 4264 3036 4315 17
3070 4266 3177 4314 iun-

599 4348 788 4398 guntur
824 4335 973 4383 eiiam
1012 4333 1178 4383 ABG
1316 4333 1381 4383 ls
1417 4334 1656 4398 genetiuo
1695 4332 1943 4398 singulari
1981 4343 2029 4382 et
2063 4335 2300 4383 ablatiuis
2335 4334 2539 4383 casibus
2581 4344 2632 4383 ut
2668 4334 2803 4400 apud
2843 4334 2893 4383 A
3034 4336 3177 4385 ditis-

599 4400 782 4469 simus]
837 4405 995 4468 Verq.
1038 4404 1169 4454 Aen.
1215 4405 1231 4452 1
1268 4401 1371 4454 343
1541 4404 1609 4453 20
1648 4417 1779 4452 unns
1814 4418 1906 4456 om.
1947 4404 2015 4465 A,
2055 4405 2177 4453 add.
2214 4402 2283 4453 a*
2424 4405 2487 4454 21
2526 4404 2639 4455 ideo
2679 4421 2771 4457 om.
2804 4405 2978 4454 ABG
3114 4402 3178 4453 26

602 4489 861 4524 numerum
898 4475 1140 4539 pluralem
1180 4474 1553 4523 Lindemannus
1583 4487 1846 4522 numerum
1876 4473 2186 4540 singularem
2216 4474 2388 4524 8011.-
2422 4477 2621 4524 lieumm
2654 4475 2870 4524 sedecim
2905 4475 3023 4536 ser-e
3055 4476 3176 4523 litte-

597 4561 770 4594 rarum
802 4544 952 4594 habet
982 4543 1031 4591 A
1172 4546 1240 4593 28
1278 4551 1329 4591 ut
1364 4544 1474 4607 ipse
1511 4544 1622 4608 posi
1647 4544 1760 4593 iuus
1795 4546 2138 4608 superlatiuus
2176 4546 2243 4594 sit
2279 4542 2442 4593 ABG
2543 4543 2606 4594 31
2647 4545 2850 4594 uberius
2884 4546 3178 4606 expos-adue

596 4618 794 4664 videtur
818 4617 1186 4676 lyr-annuntiem,
1213 4614 1409 4677 quando
1444 4616 1813 4677 comparativus
1840 4614 2017 4664 melior
2056 4623 2103 4665 ec
2141 4615 2321 4674 maior,
2356 4616 2555 4678 quando
2583 4617 2920 4678 superlativus
2956 4617 3176 4680 optimus

597 4694 647 4735 et
686 4686 935 4733 maximus
964 4686 1028 4733 de
1064 4683 1184 4735 Iove
1215 4687 1367 4733 locum
1400 4683 1625 4737 liaberet.
1675 4687 1847 4749 itaque
1878 4686 2103 4734 lacunam
2141 4684 2373 4736 indicavi.
2418 4694 2634 4735 ceterum
2667 4684 2865 4735 brevius
2896 4684 3055 4736 scribi
3082 4698 3176 4749 po-

595 4763 730 4805 terae
763 4757 863 4814 ica,
914 4754 1033 4819 quia
1064 4753 1106 4804 si
1144 4768 1243 4805 non
1280 4763 1413 4804 esset
1450 4756 1674 4821 luppiter
1719 4769 1853 4803 unus
1888 4762 1935 4803 et
1971 4755 2098 4804 alter
2137 4764 2350 4817 tantum,
2389 4754 2441 4803 id
2475 4766 2551 4804 est
2587 4757 2631 4806 si
2669 4765 2840 4805 essent
2876 4764 2979 4804 tres
3018 4754 3173 4815 loves,

596 4825 724 4873 bene
758 4825 1042 4875 diceremus
