3541 5564
490 245 616 311 352
1582 240 1986 303 CONSENTII

543 368 586 410 p.
612 356 727 397 2034.
754 354 805 395 35
831 353 878 395 P.

491 437 647 517 quod
692 454 803 496 nec
848 452 956 513 per
1002 451 1206 493 omnes
1250 450 1421 491 casus
1466 438 1587 500 eat,
1647 438 1704 489 et
1761 448 1871 509 per
1925 448 2071 508 quos
2115 430 2275 490 vadit
2318 449 2493 490 unam
2538 437 2766 490 tantum
2814 430 3062 491 inclina-

493 542 715 601 tionem
761 544 982 605 servet,
1031 536 1454 595 nominativum
1512 534 1911 593 accusativum
1956 534 2311 602 vocativum,
2370 539 2436 593 ut
2492 533 2602 593 hoc
2658 535 2839 593 virus».
2929 551 3064 593 nam

497 661 673 704 unam
719 640 1168 700 inclinationem
1211 635 1388 696 habet
1435 644 1494 696 61
1539 647 1772 696 ceteros
1816 654 1988 695 casus
2030 655 2147 695 non
2192 633 2393 695 habet.
2484 635 2679 696 simile
2737 644 2827 696 est
2872 638 2963 697 135
3007 644 3065 696 61

495 716 681 805 nefas.
773 745 913 802 item
970 739 1328 818 regulariter
1385 745 1590 798 tenere
1647 737 1932 798 debemus
1987 738 2142 816 quod
2200 737 2456 817 pluralia
2514 740 2774 799 cuiusvis
2829 740 3068 816 generis

498 848 733 907 nomina
792 861 982 922 neque
1039 844 1216 902 unius
1272 859 1463 919 neque
1511 844 2061 901 omnium-casuum
2107 858 2236 901 esse
2281 848 2546 920 possunt.
2638 841 2791 901 unde
2850 860 2917 901 ea
2964 852 3119 901 no-5

498 952 657 1010 mina
703 965 855 1026 quae
904 944 1125 1005 nullam
1170 943 1546 1003 inflexionem
1594 962 1787 1022 neque
1833 962 1940 1021 per
1985 962 2265 1003 numeros
2295 962 2485 1022 neque
2516 961 2626 1022 per
2670 962 2889 1021 genera
2934 962 3069 1004 sen-

497 1054 654 1111 tiunt
713 1056 910 1128 aptota
950 1053 1421 1124 nuncupantur,
1491 1052 1554 1104 ut
1620 1054 1709 1105 est
1776 1046 1934 1122 frugi
1991 1044 2162 1105 nihili
2220 1064 2475 1124 nequam
2534 1064 2739 1124 nugas,
2829 1045 2900 1105 de
2955 1064 3070 1124 qua

500 1154 688 1213 forma
735 1158 871 1210 sunt
928 1150 1125 1209 omnia
1183 1149 1419 1207 nomina
1480 1147 1816 1207 litterarum
1872 1155 1930 1206 et
1985 1149 2221 1207 nomina
2279 1166 2660 1209 numerorum
2718 1168 2750 1208 a
2796 1156 3072 1228 quattuor

503 1274 686 1335 35336
732 1253 804 1313 ad
850 1258 1117 1310 centum:
1187 1269 1322 1310 nam
1379 1248 1451 1308 ab
1511 1268 1627 1309 nno
1684 1268 1869 1329 usque
1929 1249 2001 1310 ad
2059 1256 2182 1309 tres
2226 1269 2332 1329 per
2377 1269 2581 1311 omnes
2624 1270 2796 1311 casus
2839 1252 3073 1310 numeri

502 1358 906 1423 declinantur,
954 1356 1098 1414 item
1141 1372 1174 1412 a
1219 1353 1488 1412 ducentis
1535 1360 1592 1412 et
1637 1351 1920 1431 deinceps
1966 1359 2203 1430 praeter
2246 1352 2439 1423 mille,
2487 1353 2644 1432 quod
2686 1360 2926 1433 aptoton
2959 1360 3066 1412 est.
3101 1366 3150 1404 ιο

504 1478 612 1520 366
658 1458 767 1518 hae
826 1456 985 1516 solae
1033 1456 1346 1515 varietates
1402 1457 1464 1513 in
1522 1453 1865 1514 nominibus
1910 1456 2314 1514 inveniuntur.
2401 1474 2540 1515 nam
2596 1462 2734 1516 suut,
2786 1455 3077 1535 quaedam

505 1563 741 1623 nomina
795 1577 1045 1640 quorum
1101 1559 1497 1617 nominativus
1551 1574 1722 1615 casus
1777 1559 1837 1616 in
1895 1574 2006 1616 usu
2050 1575 2165 1616 non
2211 1563 2329 1625 est,
2377 1564 2441 1616 ut
2486 1559 2676 1636 siquis
2720 1558 2875 1618 dicat
2920 1557 3077 1617 hunc

503 1665 783 1731 laterem,
830 1661 981 1721 hanc
1027 1660 1352 1727 dicionem,
1413 1660 1840 1718 nominativum
1897 1660 2027 1718 eius
2071 1678 2389 1738 numquam
2437 1662 2718 1720 inveniet.
2808 1662 2953 1719 item
2998 1660 3077 1718 si-

506 1768 640 1846 quis
695 1766 851 1824 dicat
911 1762 1077 1830 talis,
1147 1761 1324 1820 huius
1384 1760 1644 1820 nominis
1699 1762 2026 1837 genitivum
2085 1764 2147 1821 in
2202 1780 2314 1821 usu
2370 1780 2487 1821 non
2543 1780 2673 1822 esse
2733 1763 3077 1841 perspiciet.

507 1869 790 1947 deinceps
845 1869 896 1927 si
954 1864 1304 1941 diligentius
1361 1865 1641 1931 rimetur,
1692 1864 2069 1923 invenientur
2115 1882 2222 1943 per
2265 1883 2471 1924 omnes
2515 1882 2687 1925 casus
2731 1865 2910 1924 multa
2958 1858 3077 1939 nol·
3107 1874 3157 1913 15

508 1973 666 2031 mina
711 1970 996 2035 delicere,
1043 1968 1105 2026 in
1151 1973 1380 2025 tantum
1426 1973 1489 2025 ut
1532 1983 1653 2024 non
1697 1983 1808 2043 per
1854 1966 2148 2043 singulos,
2197 1966 2300 2026 sed
2347 1967 2549 2045 plures
2591 1985 2761 2027 casus
2805 1966 3083 2026 deficiant

509 2073 927 2150 interdumque
975 2071 1151 2129 unius
1195 2076 1420 2128 tantum
1456 2086 1627 2127 casus
1658 2069 2077 2144 significationi
2111 2070 2400 2138 serviant,
2448 2077 2514 2129 ut
2559 2068 2728 2139 tabo,
2775 2066 3082 2129 ‘infecit

509 2173 775 2255 pabula
821 2172 1060 2241 taho’;
1108 2180 1166 2232 61
1210 2155 1466 2250 sponte,=
1494 2171 1760 2248 quamvis
1806 2178 1865 2230 et
1909 2172 2137 2249 spontis
2182 2171 2398 2231 lectum
2442 2173 2538 2231 sit.
2627 2173 2689 2231 in
2744 2189 2859 2249 quo
2903 2172 3084 2231 etiam

508 2277 658 2338 illud
706 2294 917 2336 novum
962 2277 1190 2344 inveni,
1238 2283 1302 2334 ut
1346 2274 1697 2353 plerumque
1744 2273 1991 2332 alterius
2036 2291 2206 2334 casus
2250 2274 2498 2333 sormam
2546 2274 2942 2334 nominativus
2985 2293 3084 2333 oc-

511 2352 716 2458 cupet,
776 2380 1141 2457 incipiatque
1199 2377 1406 2436 deesse
1453 2375 1555 2434 ille
1601 2393 1800 2444 casuS,
1859 2377 2029 2434 cuius
2072 2376 2321 2435 formam
2368 2377 2765 2436 nominativus
2808 2374 3081 2445 obtinuit,
3111 2385 3163 2424 2⁰

512 2489 576 2541 ut
621 2482 796 2541 31135.
882 2482 1089 2559 311336
1135 2479 1234 2540 hic
1280 2478 1432 2538 alius
1475 2496 1648 2537 casus
1693 2485 1783 2537 est
1828 2479 2254 2547 nominativus;
2301 2477 2478 2537 huius
2523 2477 2676 2539 alius
2720 2478 2920 2539 dicere
2965 2497 3086 2539 non

513 2601 853 2664 possumus,
913 2590 971 2641 et
1027 2583 1161 2641 ideo
1214 2588 1378 2641 caret
1431 2581 1691 2657 genitivo
1749 2572 1927 2640 etiam
1969 2579 2083 2640 hoc
2127 2598 2362 2640 nomen.
2451 2581 2595 2640 item
2652 2589 2785 2642 sunt
2829 2583 3083 2649 nomina,

515 2703 665 2765 quae
721 2703 853 2744 cum
911 2683 1370 2744 declinationem
1425 2700 1541 2741 non
1598 2680 1881 2751 habeant,
1952 2681 2214 2742 diversos
2269 2690 2467 2742 tamen
2523 2702 2723 2753 casuS,
2793 2685 2904 2743 etsi
2970 2702 3086 2743 non

517 2806 756 2856 omneS,
805 2786 1236 2864 significatione
1284 2793 1759 2865 repraesentant,
1808 2792 1874 2845 ut
1920 2786 2114 2845 nefas:
2160 2787 2653 2862 significationem
2697 2786 2939 2848 exhibet
2982 2805 3085 2846 no-

517 2890 811 2957 minativi,
859 2889 1106 2947 ‘nefas
1150 2906 1332 2966 quae
1378 2890 1604 2948 triste
1651 2890 1964 2966 piaret';
2011 2888 2153 2948 item
2198 2889 2547 2957 accusativi,
3114 2912 3167 2951 25

821 2990 952 3050 illa
998 2990 1207 3051 dolos
1251 2990 1644 3070 dirumque
1691 2991 1906 3050 nefas
1952 2992 2025 3049 in
2070 2997 2378 3068 pectore
2424 2999 2703 3060 versat3

519 3096 663 3154 item
709 3093 976 3161 vocativi,
1029 3100 1089 3151 ut
1133 3110 1241 3171 pro
1288 3093 1472 3152 36135.
1548 3093 1828 3153 similiter
1873 3094 2052 3153 etiam
2095 3093 2182 3152 135
2226 3110 2430 3152 omnes
2474 3092 2578 3153 has
2621 3112 2863 3152 casuum
2906 3095 3091 3171 signi-

519 3196 823 3255 ficationes
879 3193 1139 3254 exhibet.
1228 3195 1343 3254 tale
1401 3202 1486 3255 est
1545 3203 1604 3255 ct
1660 3197 1721 3254 in
1778 3194 1995 3274 plurali
2053 3213 2318 3263 numero,
2380 3202 2442 3254 ut
2488 3198 2700 3256 maria:
2747 3215 2866 3256 non
2909 3195 3093 3255 habet

520 3298 639 3358 nisi
703 3303 828 3356 tres
892 3314 1083 3356 casus,
1171 3299 1370 3356 evenit
1429 3297 1727 3358 interdum
1786 3298 1965 3357 etiam
2020 3299 2303 3367 varietas,
2366 3306 2427 3357 ut
2485 3299 2546 3357 in
2601 3298 2799 3377 aliquo
2857 3300 3091 3358 nomine

662 3484 687 3532 l
727 3497 875 3532 unam
914 3484 1015 3532 taffi
1054 3482 1429 3533 inclinationem
1460 3483 1524 3533 M
1643 3486 1676 3533 2
1713 3491 1881 3532 servet
1913 3510 1983 3519 -—
2010 3483 2043 3535 3
2076 3483 2446 3533 inclinationem
2475 3499 2566 3538 om.
2605 3484 2667 3532 M
2768 3485 2802 3534 8
2838 3494 2887 3534 61
2924 3486 3093 3534 omnia

523 3566 846 3601 numerorum
885 3553 937 3602 B
967 3560 1014 3601 et
1048 3567 1367 3603 numerorum
1406 3554 1468 3602 M
1639 3553 1673 3603 9
1706 3555 1896 3602 numeri
1933 3570 2027 3608 om.
2061 3553 2124 3601 M
2297 3555 2361 3604 10
2397 3565 2444 3604 61
2481 3555 2724 3619 deinceps
2764 3571 2856 3607 om.
2897 3556 2961 3604 M

529 3624 585 3674 ll
625 3623 897 3672 uarietates
932 3624 982 3671 in
1023 3623 1257 3673 omnibus
1296 3624 1347 3673 B
1384 3625 1436 3671 in
1470 3622 1705 3672 omnibus
1737 3624 2007 3672 uarietates
2047 3624 2111 3672 M
2285 3625 2348 3674 13
2383 3625 2642 3674 decionem
2676 3624 2737 3673 M
2877 3626 2939 3675 14
2978 3640 3095 3689 per-

523 3693 705 3757 spiciat
734 3692 798 3741 M
970 3694 1038 3744 15
1076 3693 1370 3758 diligentius
1408 3701 1769 3741 rememoretur
1801 3694 2127 3742 inueniuntur
2163 3694 2227 3742 M
2398 3694 2463 3745 16
2500 3694 2715 3743 delicere
2750 3702 2937 3742 tantum
2977 3693 3101 3744 BM

523 3762 738 3813 deficere
776 3770 941 3812 tamen
977 3761 1257 3813 Sichardus
1429 3762 1670 3811 deticiunt
1707 3762 1772 3810 M
1936 3763 1999 3812 17
2029 3764 2257 3812 seruiunt
2294 3763 2418 3814 ΒΜ
2557 3764 2776 3812 inficiant
2806 3762 2886 3813 B.-
2932 3766 3092 3825 Ver-9.

518 3847 694 3898 ¹qeory.
728 3832 790 3881 111
829 3832 928 3883 481
1060 3831 1124 3882 18
1163 3833 1397 3897 quamuis
1424 3834 1621 3898 spontis
1658 3830 1724 3878 M
1840 3831 1902 3881 19
1936 3841 2147 3896 occupet
2177 3842 2230 3881 31
2266 3833 2575 3897 incipiatque
2611 3833 2674 3882 M
2806 3833 2876 3884 23
2912 3834 3099 3884 habent

527 3903 590 3951 M
727 3902 793 3949 24
831 3902 1039 3951 exhibet
1073 3903 1369 3950 nominatiui
1398 3902 1645 3964 nefasque
1682 3901 1822 3950 triste
1859 3903 2020 3966 piaret
2056 3903 2173 3950 item
2212 3903 2484 3952 accusatiui
2523 3903 2609 3951 illa
2649 3902 2791 3952 dolos
2828 3904 3098 3965 dirumque

526 3971 671 4021 36135
710 3972 830 4019 item
877 3973 1173 4022 nominatiui
1213 3980 1267 4019 ut
1317 3986 1408 4036 pro
1457 3973 1599 4020 36135
1636 3973 1685 4020 B
1728 3970 1934 4021 exhibet
1985 3973 2287 4022 accusatiui:
2339 3971 2426 4020 illa
2461 3973 2607 4024 dolos
2648 3973 2916 4035 dirumque
2955 3973 3099 4023 nefas

526 4043 673 4090 item:
726 4041 870 4090 nefas
913 4056 1011 4105 quo
1050 4043 1191 4091 triste
1231 4041 1410 4105 piaret.
1450 4043 1569 4091 item
1610 4042 1932 4102 nominatim,
1972 4052 2054 4102 ut,
2090 4056 2182 4106 pro
2218 4041 2362 4091 nefas
2397 4044 2663 4094 Putaclzius
2800 4045 3099 4094 nominatiui

525 4113 637 4177 ipse
665 4111 807 4160 36135
845 4113 943 4160 iam
982 4113 1122 4161 triste
1159 4112 1321 4174 piaret
1346 4111 1424 4164 M.
1463 4111 1716 4162 excidzkse
1752 4112 1946 4161 videtur
1981 4114 2257 4174 exemplum
2285 4114 2567 4163 nominativi
2599 4129 2779 4174 meua,
2830 4118 2977 4179 quale
3023 4122 3100 4164 est

531 4182 728 4232 Lucani
754 4182 991 4231 Pharsal.
1019 4181 1036 4228 1
1075 4180 1143 4230 36
1179 4181 1371 4230 scelera
1409 4183 1518 4246 ipsa
1550 4180 1795 4245 nefasque
1823 4181 1918 4232 hac
1952 4182 2184 4232 mercede
2222 4182 2419 4246 placent
2452 4187 2531 4234 vel
2562 4184 2618 4232 V
2615 4199 2719 4248 erg.
2746 4184 2875 4233 Aen.
2912 4185 2950 4233 ll
2977 4183 3101 4242 658,

527 4252 953 4317 significationem
992 4248 1195 4299 exhibet
1225 4250 1520 4301 nominativi
1557 4252 1834 4301 accusativi
1872 4261 1921 4302 et
1958 4252 2193 4314 vocativi,
2232 4254 2526 4302 nominativi
2552 4269 2588 4297 ιι-
2619 4255 2896 4303 accusativi
2931 4253 3101 4303 ‘nefas

530 4336 658 4384 3336
694 4322 838 4370 triste
872 4321 1056 4384 piaret'
1091 4319 1281 4385 (Very.
1319 4320 1447 4371 Aen.
1489 4323 1529 4370 ll
1564 4319 1716 4387 184),
1755 4321 1874 4370 item
1911 4323 2184 4372 accusativi
2219 4322 2327 4371 ‘illa
2363 4323 2508 4373 dolos
2550 4323 2817 4385 dirumque
2865 4323 3010 4374 36135
3048 4323 3098 4371 in

528 4399 730 4455 pectore
769 4393 959 4440 versat’
995 4390 1189 4456 (Ver-9.
1217 4390 1353 4440 Aen.
1392 4392 1482 4440 1111
1522 4390 1679 4454 563),
1721 4392 1936 4441 vocativi
1976 4397 2090 4458 ‘pto
2127 4392 2318 4452 nefas’,
2354 4394 2432 4442 vel
2467 4393 2667 4443 brevius
2702 4394 2808 4457 ita,
2844 4394 3104 4459 significa-

528 4462 716 4510 tionem
765 4459 972 4510 exhibet
1020 4461 1314 4510 nominativi
1349 4478 1385 4509 ⁴*
1431 4463 1549 4512 item
1599 4462 1871 4512 accusativi
1910 4462 2017 4512 ‘illa
2053 4462 2197 4512 dolos
2226 4489 2295 4498 —
2331 4466 2541 4525 versat’‚
2587 4461 2757 4514 ‘nefas
2792 4479 2923 4527 quae
2959 4463 3101 4512 triste

530 4531 735 4595 piaret’,
774 4532 892 4579 item
931 4531 1149 4580 vocativi
1183 4536 1296 4596 ‘pro
1335 4531 1520 4584 36135’.
1630 4533 1695 4580 ’27
1735 4539 1791 4580 31
1826 4547 1854 4581 o
1896 4546 1984 4595 pro
2013 4533 2154 4582 36135
2180 4533 2509 4596 similiterque
2546 4532 2694 4581 etiam
2733 4534 2800 4584 M
2902 4534 2971 4584 28
3002 4533 3101 4581 tale

530 4609 607 4650 651
644 4601 695 4649 in
730 4600 959 4665 pluribus
998 4610 1050 4650 nt
1083 4602 1258 4652 maria.
1322 4604 1490 4651 euenit
1538 4601 1789 4651 interdum
1839 4604 1991 4651 etiam
2036 4604 2255 4653 uarietas
2302 4603 2368 4652 M
2408 4602 2507 4651 tale
2549 4610 2626 4651 651
2664 4603 2715 4650 13
2768 4602 2997 4666 pluribus
3050 4603 3102 4651 in

532 4668 713 4730 plurali
751 4685 959 4719 numero
997 4685 1097 4721 non
1139 4670 1291 4719 habet
1322 4671 1421 4719 nisi
1461 4680 1562 4721 tres
1599 4686 1749 4721 casus
1781 4672 2032 4722 interdum
2069 4673 2221 4723 etiam
2260 4674 2479 4722 uarietas
2514 4681 2589 4720 est
2626 4672 2706 4722 B:
2743 4674 2813 4736 cl',
2853 4674 3011 4725 Diona.
3043 4687 3099 4736 p.

532 4737 652 4799 309,
689 4738 757 4788 20
894 4740 963 4791 29
995 4738 1185 4806 aliquo]
1229 4740 1356 4788 alico
1387 4740 1450 4788 M
2730 4775 2733 4778 .
