<?xml version="1.0" encoding="UTF-8"?>
<!DOCTYPE html PUBLIC "-//W3C//DTD XHTML 1.0 Transitional//EN"
    "http://www.w3.org/TR/xhtml1/DTD/xhtml1-transitional.dtd">
<html xmlns="http://www.w3.org/1999/xhtml" xml:lang="en" lang="en">
 <head>
  <title>
</title>
<meta http-equiv="Content-Type" content="text/html;charset=utf-8" />
  <meta name='ocr-system' content='tesseract 3.04.00' />
  <meta name='ocr-capabilities' content='ocr_page ocr_carea ocr_par ocr_line ocrx_word'/>
</head>
<body>
  <div class='ocr_page' id='page_1' title='image "./grammaticilatin10keilgoog_0377.png"; bbox 0 0 3541 5564; ppageno 0'>
   <div class='ocr_carea' id='block_1_1' title="bbox 331 349 2981 3694">
    <p class='ocr_par' dir='ltr' id='par_1_1' title="bbox 1620 349 2981 515">
     <span class='ocr_line' id='line_1_1' title="bbox 1620 349 2981 415; baseline -0.002 0"><span class='ocrx_word' id='word_1_1' title='bbox 1620 353 1761 415; x_wconf 79' lang='lat' dir='ltr'>ARS</span> <span class='ocrx_word' id='word_1_2' title='bbox 2853 349 2981 414; x_wconf 85' lang='lat'>369</span> 
     </span>
     <span class='ocr_line' id='line_1_2' title="bbox 2136 460 2923 515; baseline -0.005 -11"><span class='ocrx_word' id='word_1_3' title='bbox 2136 476 2142 483; x_wconf 87' lang='lat'><strong>·</strong></span> <span class='ocrx_word' id='word_1_4' title='bbox 2588 474 2629 515; x_wconf 84' lang='lat' dir='ltr'>p.</span> <span class='ocrx_word' id='word_1_5' title='bbox 2659 462 2773 500; x_wconf 69' lang='lat'>2054.</span> <span class='ocrx_word' id='word_1_6' title='bbox 2800 461 2851 500; x_wconf 87' lang='lat'>55</span> <span class='ocrx_word' id='word_1_7' title='bbox 2879 460 2923 500; x_wconf 83' lang='grc' dir='ltr'>Ρ.</span> 
     </span>
    </p>

    <p class='ocr_par' dir='ltr' id='par_1_2' title="bbox 409 544 2980 923">
     <span class='ocr_line' id='line_1_3' title="bbox 409 544 2977 626; baseline 0.001 -23"><span class='ocrx_word' id='word_1_8' title='bbox 409 556 498 607; x_wconf 88' lang='lat' dir='ltr'>est</span> <span class='ocrx_word' id='word_1_9' title='bbox 543 549 755 625; x_wconf 76' lang='lat' dir='ltr'>‘pasco</span> <span class='ocrx_word' id='word_1_10' title='bbox 799 551 857 604; x_wconf 82' lang='lat' dir='ltr'>te</span> <span class='ocrx_word' id='word_1_11' title='bbox 904 546 974 606; x_wconf 90' lang='lat' dir='ltr'>ad</span> <span class='ocrx_word' id='word_1_12' title='bbox 1020 545 1373 626; x_wconf 86' lang='lat' dir='ltr'>prandium’</span> <span class='ocrx_word' id='word_1_13' title='bbox 1432 552 1492 604; x_wconf 88' lang='lat' dir='ltr'>et</span> <span class='ocrx_word' id='word_1_14' title='bbox 1545 548 1790 625; x_wconf 74' lang='lat' dir='ltr'>‘pascor</span> <span class='ocrx_word' id='word_1_15' title='bbox 1835 565 1867 606; x_wconf 92' lang='lat' dir='ltr'>a</span> <span class='ocrx_word' id='word_1_16' title='bbox 1914 552 1967 605; x_wconf 89' lang='lat' dir='ltr'>te</span> <span class='ocrx_word' id='word_1_17' title='bbox 2015 546 2085 605; x_wconf 89' lang='lat' dir='ltr'>ad</span> <span class='ocrx_word' id='word_1_18' title='bbox 2132 544 2502 624; x_wconf 87' lang='lat' dir='ltr'>prandium&#39;,</span> <span class='ocrx_word' id='word_1_19' title='bbox 2561 547 2678 605; x_wconf 89' lang='lat' dir='ltr'>erit</span> <span class='ocrx_word' id='word_1_20' title='bbox 2722 545 2977 605; x_wconf 81' lang='lat' dir='ltr'>activum</span> 
     </span>
     <span class='ocr_line' id='line_1_4' title="bbox 409 648 2976 729; baseline -0.002 -19"><span class='ocrx_word' id='word_1_21' title='bbox 409 659 467 710; x_wconf 93' lang='lat' dir='ltr'>et</span> <span class='ocrx_word' id='word_1_22' title='bbox 511 651 837 729; x_wconf 89' lang='lat' dir='ltr'>passivum,</span> <span class='ocrx_word' id='word_1_23' title='bbox 885 652 1040 710; x_wconf 88' lang='lat' dir='ltr'>sicut</span> <span class='ocrx_word' id='word_1_24' title='bbox 1084 656 1176 710; x_wconf 89' lang='lat' dir='ltr'>est</span> <span class='ocrx_word' id='word_1_25' title='bbox 1218 650 1543 729; x_wconf 76' lang='lat' dir='ltr'>‘pascite</span> <span class='ocrx_word' id='word_1_26' title='bbox 1590 649 1812 709; x_wconf 83' lang='lat' dir='ltr'>hoves</span> <span class='ocrx_word' id='word_1_27' title='bbox 1858 651 2135 728; x_wconf 88' lang='lat' dir='ltr'>pueri&#39;.</span> <span class='ocrx_word' id='word_1_28' title='bbox 2198 650 2339 709; x_wconf 86' lang='lat' dir='ltr'>item</span> <span class='ocrx_word' id='word_1_29' title='bbox 2384 648 2820 727; x_wconf 86' lang='lat' dir='ltr'>inspiciendum</span> <span class='ocrx_word' id='word_1_30' title='bbox 2867 655 2976 714; x_wconf 91' lang='lat' dir='ltr'>est,</span> 
     </span>
     <span class='ocr_line' id='line_1_5' title="bbox 409 751 2980 832; baseline -0.002 -19"><span class='ocrx_word' id='word_1_31' title='bbox 409 772 579 821; x_wconf 88' lang='lat' dir='ltr'>num,</span> <span class='ocrx_word' id='word_1_32' title='bbox 637 759 704 812; x_wconf 88' lang='lat' dir='ltr'>ut</span> <span class='ocrx_word' id='word_1_33' title='bbox 748 753 1040 813; x_wconf 81' lang='lat' dir='ltr'>incertum</span> <span class='ocrx_word' id='word_1_34' title='bbox 1084 771 1270 830; x_wconf 83' lang='lat' dir='ltr'>genus</span> <span class='ocrx_word' id='word_1_35' title='bbox 1316 753 1638 821; x_wconf 73' lang='lat' dir='ltr'>efficiatur,</span> <span class='ocrx_word' id='word_1_36' title='bbox 1698 770 1936 832; x_wconf 88' lang='lat' dir='ltr'>semper</span> <span class='ocrx_word' id='word_1_37' title='bbox 1990 770 2020 812; x_wconf 90' lang='lat' dir='ltr'>r</span> <span class='ocrx_word' id='word_1_38' title='bbox 2079 751 2276 811; x_wconf 88' lang='lat' dir='ltr'>littera</span> <span class='ocrx_word' id='word_1_39' title='bbox 2324 753 2541 811; x_wconf 82' lang='lat' dir='ltr'>inserat</span> <span class='ocrx_word' id='word_1_40' title='bbox 2584 752 2876 829; x_wconf 79' lang='lat' dir='ltr'>passivam</span> <span class='ocrx_word' id='word_1_41' title='bbox 2923 757 2980 809; x_wconf 90' lang='lat' dir='ltr'>et</span> 
     </span>
     <span class='ocr_line' id='line_1_6' title="bbox 409 851 2979 923; baseline -0.002 -8"><span class='ocrx_word' id='word_1_42' title='bbox 409 855 864 915; x_wconf 83' lang='lat' dir='ltr'>declinationem</span> <span class='ocrx_word' id='word_1_43' title='bbox 910 862 969 915; x_wconf 89' lang='lat' dir='ltr'>et</span> <span class='ocrx_word' id='word_1_44' title='bbox 1011 855 1411 923; x_wconf 90' lang='lat' dir='ltr'>intellectum,</span> <span class='ocrx_word' id='word_1_45' title='bbox 1460 873 1532 914; x_wconf 89' lang='lat' dir='ltr'>an</span> <span class='ocrx_word' id='word_1_46' title='bbox 1577 862 1845 915; x_wconf 88' lang='lat' dir='ltr'>mutuum</span> <span class='ocrx_word' id='word_1_47' title='bbox 1892 855 2004 914; x_wconf 90' lang='lat' dir='ltr'>hoc</span> <span class='ocrx_word' id='word_1_48' title='bbox 2049 857 2155 922; x_wconf 89' lang='lat' dir='ltr'>sit,</span> <span class='ocrx_word' id='word_1_49' title='bbox 2216 860 2280 913; x_wconf 91' lang='lat' dir='ltr'>ut</span> <span class='ocrx_word' id='word_1_50' title='bbox 2325 860 2384 911; x_wconf 89' lang='lat' dir='ltr'>et</span> <span class='ocrx_word' id='word_1_51' title='bbox 2426 852 2660 912; x_wconf 88' lang='lat' dir='ltr'>sublata</span> <span class='ocrx_word' id='word_1_52' title='bbox 2707 870 2736 910; x_wconf 93' lang='lat' dir='ltr'>r</span> <span class='ocrx_word' id='word_1_53' title='bbox 2780 851 2979 911; x_wconf 88' lang='lat' dir='ltr'>littera</span> 
     </span>
    </p>

    <p class='ocr_par' dir='ltr' id='par_1_3' title="bbox 331 952 2981 3694">
     <span class='ocr_line' id='line_1_7' title="bbox 356 952 2981 1036; baseline -0.002 -18"><span class='ocrx_word' id='word_1_54' title='bbox 356 971 382 1009; x_wconf 80' lang='lat'>5</span> <span class='ocrx_word' id='word_1_55' title='bbox 409 960 596 1018; x_wconf 82' lang='lat' dir='ltr'>activa</span> <span class='ocrx_word' id='word_1_56' title='bbox 642 956 963 1016; x_wconf 80' lang='lat' dir='ltr'>declinatio</span> <span class='ocrx_word' id='word_1_57' title='bbox 1009 965 1068 1016; x_wconf 90' lang='lat' dir='ltr'>et</span> <span class='ocrx_word' id='word_1_58' title='bbox 1111 958 1198 1016; x_wconf 85' lang='lat' dir='ltr'>vis</span> <span class='ocrx_word' id='word_1_59' title='bbox 1243 956 1575 1017; x_wconf 88' lang='lat' dir='ltr'>inducatur.</span> <span class='ocrx_word' id='word_1_60' title='bbox 1664 963 1809 1036; x_wconf 92' lang='lat' dir='ltr'>puto</span> <span class='ocrx_word' id='word_1_61' title='bbox 1866 963 2062 1017; x_wconf 90' lang='lat' dir='ltr'>tamen</span> <span class='ocrx_word' id='word_1_62' title='bbox 2123 957 2319 1016; x_wconf 90' lang='lat' dir='ltr'>omnia</span> <span class='ocrx_word' id='word_1_63' title='bbox 2376 955 2520 1015; x_wconf 88' lang='lat' dir='ltr'>haec</span> <span class='ocrx_word' id='word_1_64' title='bbox 2566 952 2744 1013; x_wconf 82' lang='lat' dir='ltr'>verba</span> <span class='ocrx_word' id='word_1_65' title='bbox 2791 955 2981 1031; x_wconf 86' lang='lat' dir='ltr'>magis</span> 
     </span>
     <span class='ocr_line' id='line_1_8' title="bbox 407 1055 2978 1140; baseline -0.002 -21"><span class='ocrx_word' id='word_1_66' title='bbox 407 1060 696 1120; x_wconf 79' lang='lat' dir='ltr'>neutralia</span> <span class='ocrx_word' id='word_1_67' title='bbox 748 1057 952 1139; x_wconf 86' lang='lat' dir='ltr'>[quam</span> <span class='ocrx_word' id='word_1_68' title='bbox 1010 1058 1392 1140; x_wconf 84' lang='lat' dir='ltr'>deponentia]</span> <span class='ocrx_word' id='word_1_69' title='bbox 1454 1061 1644 1138; x_wconf 88' lang='lat' dir='ltr'>prima</span> <span class='ocrx_word' id='word_1_70' title='bbox 1689 1062 1919 1120; x_wconf 87' lang='lat' dir='ltr'>ratione</span> <span class='ocrx_word' id='word_1_71' title='bbox 1977 1066 2037 1118; x_wconf 92' lang='lat' dir='ltr'>et</span> <span class='ocrx_word' id='word_1_72' title='bbox 2091 1060 2477 1138; x_wconf 84' lang='lat' dir='ltr'>supervenire</span> <span class='ocrx_word' id='word_1_73' title='bbox 2523 1056 2593 1118; x_wconf 87' lang='lat' dir='ltr'>ad</span> <span class='ocrx_word' id='word_1_74' title='bbox 2639 1055 2978 1116; x_wconf 87' lang='lat' dir='ltr'>similitudi-</span> 
     </span>
     <span class='ocr_line' id='line_1_9' title="bbox 405 1149 2980 1242; baseline -0.001 -18"><span class='ocrx_word' id='word_1_75' title='bbox 405 1180 543 1224; x_wconf 85' lang='lat' dir='ltr'>nem</span> <span class='ocrx_word' id='word_1_76' title='bbox 589 1162 1002 1223; x_wconf 86' lang='lat' dir='ltr'>declinationis</span> <span class='ocrx_word' id='word_1_77' title='bbox 1056 1170 1115 1221; x_wconf 92' lang='lat' dir='ltr'>et</span> <span class='ocrx_word' id='word_1_78' title='bbox 1171 1161 1506 1222; x_wconf 89' lang='lat' dir='ltr'>intellectus</span> <span class='ocrx_word' id='word_1_79' title='bbox 1561 1164 1780 1241; x_wconf 81' lang='lat' dir='ltr'>passivi</span> <span class='ocrx_word' id='word_1_80' title='bbox 1840 1181 1949 1242; x_wconf 93' lang='lat' dir='ltr'>per</span> <span class='ocrx_word' id='word_1_81' title='bbox 2007 1161 2264 1222; x_wconf 86' lang='lat' dir='ltr'>litteram</span> <span class='ocrx_word' id='word_1_82' title='bbox 2322 1180 2372 1219; x_wconf 92' lang='lat' dir='ltr'>r.</span> <span class='ocrx_word' id='word_1_83' title='bbox 2462 1161 2608 1219; x_wconf 81' lang='lat' dir='ltr'>itein</span> <span class='ocrx_word' id='word_1_84' title='bbox 2652 1149 2844 1219; x_wconf 84' lang='lat' dir='ltr'>simile</span> <span class='ocrx_word' id='word_1_85' title='bbox 2891 1168 2980 1221; x_wconf 87' lang='lat' dir='ltr'>cst</span> 
     </span>
     <span class='ocr_line' id='line_1_10' title="bbox 407 1261 2979 1343; baseline -0.001 -20"><span class='ocrx_word' id='word_1_86' title='bbox 407 1267 670 1334; x_wconf 83' lang='lat' dir='ltr'>incesso,</span> <span class='ocrx_word' id='word_1_87' title='bbox 719 1263 874 1343; x_wconf 91' lang='lat' dir='ltr'>quod</span> <span class='ocrx_word' id='word_1_88' title='bbox 921 1272 1010 1324; x_wconf 90' lang='lat' dir='ltr'>est</span> <span class='ocrx_word' id='word_1_89' title='bbox 1042 1266 1326 1332; x_wconf 86' lang='lat' dir='ltr'>activum,</span> <span class='ocrx_word' id='word_1_90' title='bbox 1376 1282 1510 1323; x_wconf 90' lang='lat' dir='ltr'>cum</span> <span class='ocrx_word' id='word_1_91' title='bbox 1554 1263 1705 1324; x_wconf 87' lang='lat' dir='ltr'>dicis</span> <span class='ocrx_word' id='word_1_92' title='bbox 1752 1266 2048 1341; x_wconf 79' lang='lat' dir='ltr'>‘regina</span> <span class='ocrx_word' id='word_1_93' title='bbox 2092 1263 2175 1323; x_wconf 90' lang='lat' dir='ltr'>ad</span> <span class='ocrx_word' id='word_1_94' title='bbox 2221 1261 2578 1340; x_wconf 86' lang='lat' dir='ltr'>templum</span> <span class='ocrx_word' id='word_1_95' title='bbox 2622 1263 2979 1323; x_wconf 86' lang='lat' dir='ltr'>incessit’</span> 
     </span>
     <span class='ocr_line' id='line_1_11' title="bbox 409 1347 2979 1449; baseline 0 -25"><span class='ocrx_word' id='word_1_96' title='bbox 409 1384 515 1445; x_wconf 90' lang='lat' dir='ltr'>pro</span> <span class='ocrx_word' id='word_1_97' title='bbox 581 1366 822 1427; x_wconf 88' lang='lat' dir='ltr'>incedit.</span> <span class='ocrx_word' id='word_1_98' title='bbox 915 1368 973 1426; x_wconf 91' lang='lat' dir='ltr'>in</span> <span class='ocrx_word' id='word_1_99' title='bbox 1039 1366 1149 1427; x_wconf 87' lang='lat' dir='ltr'>hac</span> <span class='ocrx_word' id='word_1_100' title='bbox 1218 1367 1646 1443; x_wconf 74' lang='lat' dir='ltr'>significatione</span> <span class='ocrx_word' id='word_1_101' title='bbox 1714 1366 1978 1427; x_wconf 90' lang='lat' dir='ltr'>additum</span> <span class='ocrx_word' id='word_1_102' title='bbox 2036 1385 2066 1449; x_wconf 74' lang='lat' dir='ltr'>r</span> <span class='ocrx_word' id='word_1_103' title='bbox 2121 1385 2236 1425; x_wconf 91' lang='lat' dir='ltr'>non</span> <span class='ocrx_word' id='word_1_104' title='bbox 2294 1365 2434 1425; x_wconf 79' lang='lat' dir='ltr'>facit</span> <span class='ocrx_word' id='word_1_105' title='bbox 2490 1347 2816 1442; x_wconf 79' lang='lat' dir='ltr'>passivum:</span> <span class='ocrx_word' id='word_1_106' title='bbox 2863 1382 2979 1424; x_wconf 91' lang='lat' dir='ltr'>non</span> 
     </span>
     <span class='ocr_line' id='line_1_12' title="bbox 332 1465 2980 1547; baseline 0.001 -25"><span class='ocrx_word' id='word_1_107' title='bbox 332 1483 383 1523; x_wconf 90' lang='lat'>10</span> <span class='ocrx_word' id='word_1_108' title='bbox 410 1471 570 1528; x_wconf 89' lang='lat' dir='ltr'>enim</span> <span class='ocrx_word' id='word_1_109' title='bbox 627 1470 896 1528; x_wconf 88' lang='lat' dir='ltr'>incessor</span> <span class='ocrx_word' id='word_1_110' title='bbox 951 1486 1058 1547; x_wconf 89' lang='lat' dir='ltr'>pro</span> <span class='ocrx_word' id='word_1_111' title='bbox 1114 1468 1359 1529; x_wconf 88' lang='lat' dir='ltr'>inccdor</span> <span class='ocrx_word' id='word_1_112' title='bbox 1416 1468 1605 1538; x_wconf 82' lang='lat' dir='ltr'>dicaS,</span> <span class='ocrx_word' id='word_1_113' title='bbox 1653 1469 1755 1530; x_wconf 90' lang='lat' dir='ltr'>sed</span> <span class='ocrx_word' id='word_1_114' title='bbox 1802 1488 1910 1547; x_wconf 91' lang='lat' dir='ltr'>pro</span> <span class='ocrx_word' id='word_1_115' title='bbox 1954 1468 2187 1547; x_wconf 87' lang='lat' dir='ltr'>pulsor,</span> <span class='ocrx_word' id='word_1_116' title='bbox 2236 1470 2349 1535; x_wconf 64' lang='lat' dir='ltr'>cui,</span> <span class='ocrx_word' id='word_1_117' title='bbox 2377 1468 2796 1545; x_wconf 83' lang='lat' dir='ltr'>significationi</span> <span class='ocrx_word' id='word_1_118' title='bbox 2842 1465 2980 1526; x_wconf 90' lang='lat' dir='ltr'>sub·-</span> 
     </span>
     <span class='ocr_line' id='line_1_13' title="bbox 405 1569 2981 1649; baseline -0.001 -19"><span class='ocrx_word' id='word_1_119' title='bbox 405 1570 588 1631; x_wconf 89' lang='lat' dir='ltr'>latum</span> <span class='ocrx_word' id='word_1_120' title='bbox 632 1589 663 1629; x_wconf 89' lang='lat'>1·</span> <span class='ocrx_word' id='word_1_121' title='bbox 705 1571 887 1631; x_wconf 87' lang='lat' dir='ltr'>faciet</span> <span class='ocrx_word' id='word_1_122' title='bbox 918 1570 1185 1630; x_wconf 85' lang='lat' dir='ltr'>eiusdem</span> <span class='ocrx_word' id='word_1_123' title='bbox 1215 1571 1519 1632; x_wconf 89' lang='lat' dir='ltr'>interdum</span> <span class='ocrx_word' id='word_1_124' title='bbox 1551 1573 2000 1649; x_wconf 82' lang='lat' dir='ltr'>significationis</span> <span class='ocrx_word' id='word_1_125' title='bbox 2032 1573 2314 1639; x_wconf 85' lang='lat' dir='ltr'>activum,</span> <span class='ocrx_word' id='word_1_126' title='bbox 2362 1589 2497 1630; x_wconf 78' lang='lat' dir='ltr'>nani</span> <span class='ocrx_word' id='word_1_127' title='bbox 2540 1572 2734 1649; x_wconf 88' lang='lat' dir='ltr'>ipsum</span> <span class='ocrx_word' id='word_1_128' title='bbox 2780 1569 2981 1629; x_wconf 84' lang='lat' dir='ltr'>dicere</span> 
     </span>
     <span class='ocr_line' id='line_1_14' title="bbox 407 1672 2979 1754; baseline 0 -23"><span class='ocrx_word' id='word_1_129' title='bbox 407 1691 524 1732; x_wconf 89' lang='lat' dir='ltr'>non</span> <span class='ocrx_word' id='word_1_130' title='bbox 570 1672 819 1742; x_wconf 87' lang='lat' dir='ltr'>desinit,</span> <span class='ocrx_word' id='word_1_131' title='bbox 877 1674 1181 1733; x_wconf 84' lang='lat' dir='ltr'>incessere</span> <span class='ocrx_word' id='word_1_132' title='bbox 1227 1693 1336 1752; x_wconf 90' lang='lat' dir='ltr'>pro</span> <span class='ocrx_word' id='word_1_133' title='bbox 1379 1675 1639 1754; x_wconf 88' lang='lat' dir='ltr'>pulsare.</span> <span class='ocrx_word' id='word_1_134' title='bbox 1730 1681 1868 1734; x_wconf 88' lang='lat' dir='ltr'>sunt</span> <span class='ocrx_word' id='word_1_135' title='bbox 1922 1676 2100 1734; x_wconf 88' lang='lat' dir='ltr'>etiam</span> <span class='ocrx_word' id='word_1_136' title='bbox 2146 1672 2325 1732; x_wconf 87' lang='lat' dir='ltr'>verba</span> <span class='ocrx_word' id='word_1_137' title='bbox 2373 1674 2635 1733; x_wconf 82' lang='lat' dir='ltr'>incertae</span> <span class='ocrx_word' id='word_1_138' title='bbox 2682 1673 2979 1749; x_wconf 85' lang='lat' dir='ltr'>significa-</span> 
     </span>
     <span class='ocr_line' id='line_1_15' title="bbox 405 1774 2981 1856; baseline -0.001 -21"><span class='ocrx_word' id='word_1_139' title='bbox 405 1775 584 1836; x_wconf 89' lang='lat' dir='ltr'>tionis</span> <span class='ocrx_word' id='word_1_140' title='bbox 629 1774 720 1834; x_wconf 88' lang='lat' dir='ltr'>vel</span> <span class='ocrx_word' id='word_1_141' title='bbox 766 1775 1027 1853; x_wconf 83' lang='lat' dir='ltr'>ambigui</span> <span class='ocrx_word' id='word_1_142' title='bbox 1084 1778 1324 1853; x_wconf 86' lang='lat' dir='ltr'>generis</span> <span class='ocrx_word' id='word_1_143' title='bbox 1381 1779 1540 1837; x_wconf 89' lang='lat' dir='ltr'>inter</span> <span class='ocrx_word' id='word_1_144' title='bbox 1595 1776 1887 1836; x_wconf 87' lang='lat' dir='ltr'>neutralia</span> <span class='ocrx_word' id='word_1_145' title='bbox 1944 1785 2000 1837; x_wconf 88' lang='lat' dir='ltr'>et</span> <span class='ocrx_word' id='word_1_146' title='bbox 2046 1776 2434 1856; x_wconf 80' lang='lat' dir='ltr'>deponentia,</span> <span class='ocrx_word' id='word_1_147' title='bbox 2482 1785 2547 1834; x_wconf 90' lang='lat' dir='ltr'>ut</span> <span class='ocrx_word' id='word_1_148' title='bbox 2590 1774 2808 1834; x_wconf 89' lang='lat' dir='ltr'>tondeo</span> <span class='ocrx_word' id='word_1_149' title='bbox 2852 1774 2981 1834; x_wconf 89' lang='lat' dir='ltr'>lavo</span> 
     </span>
     <span class='ocr_line' id='line_1_16' title="bbox 406 1876 2977 1958; baseline 0 -22"><span class='ocrx_word' id='word_1_150' title='bbox 406 1876 634 1937; x_wconf 79' lang='lat' dir='ltr'>fabrico</span> <span class='ocrx_word' id='word_1_151' title='bbox 679 1879 859 1956; x_wconf 89' lang='lat' dir='ltr'>punio</span> <span class='ocrx_word' id='word_1_152' title='bbox 903 1896 1151 1938; x_wconf 88' lang='lat' dir='ltr'>munero</span> <span class='ocrx_word' id='word_1_153' title='bbox 1194 1880 1388 1958; x_wconf 90' lang='lat' dir='ltr'>partio</span> <span class='ocrx_word' id='word_1_154' title='bbox 1433 1878 1649 1958; x_wconf 87' lang='lat' dir='ltr'>populo</span> <span class='ocrx_word' id='word_1_155' title='bbox 1693 1878 1961 1939; x_wconf 85' lang='lat' dir='ltr'>adsentio</span> <span class='ocrx_word' id='word_1_156' title='bbox 1993 1878 2167 1939; x_wconf 90' lang='lat' dir='ltr'>adulo</span> <span class='ocrx_word' id='word_1_157' title='bbox 2197 1878 2355 1938; x_wconf 87' lang='lat' dir='ltr'>lucto</span> <span class='ocrx_word' id='word_1_158' title='bbox 2401 1894 2626 1954; x_wconf 86' lang='lat' dir='ltr'>auguro</span> <span class='ocrx_word' id='word_1_159' title='bbox 2669 1885 2727 1935; x_wconf 86' lang='lat' dir='ltr'>et</span> <span class='ocrx_word' id='word_1_160' title='bbox 2759 1884 2977 1936; x_wconf 89' lang='lat' dir='ltr'>cetera.</span> 
     </span>
     <span class='ocr_line' id='line_1_17' title="bbox 331 1977 2979 2049; baseline -0 -11"><span class='ocrx_word' id='word_1_161' title='bbox 331 1992 381 2032; x_wconf 75' lang='lat'>1⁵</span> <span class='ocrx_word' id='word_1_162' title='bbox 408 1979 550 2039; x_wconf 89' lang='lat' dir='ltr'>haec</span> <span class='ocrx_word' id='word_1_163' title='bbox 596 1981 792 2040; x_wconf 88' lang='lat' dir='ltr'>omnia</span> <span class='ocrx_word' id='word_1_164' title='bbox 839 1979 948 2040; x_wconf 91' lang='lat' dir='ltr'>sub</span> <span class='ocrx_word' id='word_1_165' title='bbox 994 1981 1199 2041; x_wconf 88' lang='lat' dir='ltr'>eadem</span> <span class='ocrx_word' id='word_1_166' title='bbox 1258 1984 1312 2040; x_wconf 85' lang='lat' dir='ltr'>vi</span> <span class='ocrx_word' id='word_1_167' title='bbox 1370 1990 1428 2041; x_wconf 92' lang='lat' dir='ltr'>et</span> <span class='ocrx_word' id='word_1_168' title='bbox 1486 1984 1546 2041; x_wconf 92' lang='lat' dir='ltr'>in</span> <span class='ocrx_word' id='word_1_169' title='bbox 1592 2001 1622 2041; x_wconf 98' lang='lat' dir='ltr'>r</span> <span class='ocrx_word' id='word_1_170' title='bbox 1667 1980 1865 2041; x_wconf 90' lang='lat' dir='ltr'>littera</span> <span class='ocrx_word' id='word_1_171' title='bbox 1922 1982 2237 2049; x_wconf 83' lang='lat' dir='ltr'>finiuntur,</span> <span class='ocrx_word' id='word_1_172' title='bbox 2297 1988 2363 2039; x_wconf 89' lang='lat' dir='ltr'>ut</span> <span class='ocrx_word' id='word_1_173' title='bbox 2418 1978 2668 2040; x_wconf 91' lang='lat' dir='ltr'>tondeor</span> <span class='ocrx_word' id='word_1_174' title='bbox 2725 1985 2784 2038; x_wconf 91' lang='lat' dir='ltr'>et</span> <span class='ocrx_word' id='word_1_175' title='bbox 2840 1977 2979 2038; x_wconf 85' lang='lat' dir='ltr'>reli-</span> 
     </span>
     <span class='ocr_line' id='line_1_18' title="bbox 407 2080 2978 2162; baseline -0.001 -21"><span class='ocrx_word' id='word_1_176' title='bbox 407 2101 539 2160; x_wconf 89' lang='lat' dir='ltr'>qua.</span> <span class='ocrx_word' id='word_1_177' title='bbox 646 2090 820 2161; x_wconf 87' lang='lat' dir='ltr'>atque</span> <span class='ocrx_word' id='word_1_178' title='bbox 886 2083 1161 2143; x_wconf 86' lang='lat' dir='ltr'>omnibus</span> <span class='ocrx_word' id='word_1_179' title='bbox 1237 2083 1331 2142; x_wconf 91' lang='lat' dir='ltr'>his</span> <span class='ocrx_word' id='word_1_180' title='bbox 1406 2082 1608 2142; x_wconf 82' lang='lat' dir='ltr'>verbis</span> <span class='ocrx_word' id='word_1_181' title='bbox 1683 2091 1951 2160; x_wconf 86' lang='lat' dir='ltr'>tempora</span> <span class='ocrx_word' id='word_1_182' title='bbox 2024 2085 2475 2162; x_wconf 86' lang='lat' dir='ltr'>participiorum</span> <span class='ocrx_word' id='word_1_183' title='bbox 2543 2080 2816 2141; x_wconf 91' lang='lat' dir='ltr'>accidunt</span> <span class='ocrx_word' id='word_1_184' title='bbox 2889 2082 2978 2139; x_wconf 89' lang='lat' dir='ltr'>in-</span> 
     </span>
     <span class='ocr_line' id='line_1_19' title="bbox 406 2183 2979 2263; baseline -0.001 -18"><span class='ocrx_word' id='word_1_185' title='bbox 406 2184 639 2245; x_wconf 87' lang='lat' dir='ltr'>terdum</span> <span class='ocrx_word' id='word_1_186' title='bbox 695 2202 883 2263; x_wconf 90' lang='lat' dir='ltr'>paene</span> <span class='ocrx_word' id='word_1_187' title='bbox 942 2187 1166 2253; x_wconf 89' lang='lat' dir='ltr'>omnia,</span> <span class='ocrx_word' id='word_1_188' title='bbox 1224 2192 1427 2263; x_wconf 89' lang='lat' dir='ltr'>utpote</span> <span class='ocrx_word' id='word_1_189' title='bbox 1485 2203 1617 2244; x_wconf 81' lang='lat' dir='ltr'>curn</span> <span class='ocrx_word' id='word_1_190' title='bbox 1674 2183 1933 2245; x_wconf 88' lang='lat' dir='ltr'>liberum</span> <span class='ocrx_word' id='word_1_191' title='bbox 1989 2188 2066 2245; x_wconf 87' lang='lat' dir='ltr'>sit</span> <span class='ocrx_word' id='word_1_192' title='bbox 2111 2184 2185 2245; x_wconf 83' lang='lat' dir='ltr'>ab</span> <span class='ocrx_word' id='word_1_193' title='bbox 2231 2184 2515 2245; x_wconf 85' lang='lat' dir='ltr'>utralibet</span> <span class='ocrx_word' id='word_1_194' title='bbox 2561 2183 2979 2244; x_wconf 88' lang='lat' dir='ltr'>declinationis</span> 
     </span>
     <span class='ocr_line' id='line_1_20' title="bbox 406 2282 2976 2368; baseline -0.001 -22"><span class='ocrx_word' id='word_1_195' title='bbox 406 2287 605 2364; x_wconf 82' lang='lat' dir='ltr'>specie</span> <span class='ocrx_word' id='word_1_196' title='bbox 659 2288 975 2364; x_wconf 88' lang='lat' dir='ltr'>participia</span> <span class='ocrx_word' id='word_1_197' title='bbox 1030 2294 1411 2365; x_wconf 88' lang='lat' dir='ltr'>praesumpta</span> <span class='ocrx_word' id='word_1_198' title='bbox 1466 2287 1746 2346; x_wconf 86' lang='lat' dir='ltr'>formare.</span> <span class='ocrx_word' id='word_1_199' title='bbox 1837 2290 1916 2346; x_wconf 90' lang='lat' dir='ltr'>ita</span> <span class='ocrx_word' id='word_1_200' title='bbox 1976 2306 2007 2347; x_wconf 89' lang='lat' dir='ltr'>a</span> <span class='ocrx_word' id='word_1_201' title='bbox 2056 2282 2068 2368; x_wconf 77' lang='grc' dir='ltr'>Ι</span> <span class='ocrx_word' id='word_1_202' title='bbox 2119 2289 2312 2365; x_wconf 85' lang='lat' dir='ltr'>partio</span> <span class='ocrx_word' id='word_1_203' title='bbox 2376 2288 2640 2366; x_wconf 88' lang='lat' dir='ltr'>partiens</span> <span class='ocrx_word' id='word_1_204' title='bbox 2707 2284 2976 2352; x_wconf 87' lang='lat' dir='ltr'>fundum,</span> 
     </span>
     <span class='ocr_line' id='line_1_21' title="bbox 407 2387 2980 2467; baseline -0.001 -20"><span class='ocrx_word' id='word_1_205' title='bbox 407 2390 735 2467; x_wconf 85' lang='lat' dir='ltr'>partiturus</span> <span class='ocrx_word' id='word_1_206' title='bbox 779 2387 1057 2458; x_wconf 80' lang='lat' dir='ltr'>fundum,</span> <span class='ocrx_word' id='word_1_207' title='bbox 1106 2406 1137 2447; x_wconf 92' lang='lat' dir='ltr'>a</span> <span class='ocrx_word' id='word_1_208' title='bbox 1182 2390 1412 2466; x_wconf 87' lang='lat' dir='ltr'>partior</span> <span class='ocrx_word' id='word_1_209' title='bbox 1456 2390 1710 2467; x_wconf 89' lang='lat' dir='ltr'>partitus</span> <span class='ocrx_word' id='word_1_210' title='bbox 1753 2389 2033 2459; x_wconf 79' lang='lat' dir='ltr'>fundum3</span> <span class='ocrx_word' id='word_1_211' title='bbox 2092 2391 2236 2449; x_wconf 88' lang='lat' dir='ltr'>item</span> <span class='ocrx_word' id='word_1_212' title='bbox 2294 2409 2326 2448; x_wconf 90' lang='lat' dir='ltr'>a</span> <span class='ocrx_word' id='word_1_213' title='bbox 2370 2407 2618 2449; x_wconf 86' lang='lat' dir='ltr'>munero</span> <span class='ocrx_word' id='word_1_214' title='bbox 2663 2406 2980 2448; x_wconf 90' lang='lat' dir='ltr'>munerans</span> 
     </span>
     <span class='ocr_line' id='line_1_22' title="bbox 331 2490 2978 2568; baseline 0 -22"><span class='ocrx_word' id='word_1_215' title='bbox 331 2498 856 2558; x_wconf 66' lang='lat' dir='ltr'>somuneraturus,</span> <span class='ocrx_word' id='word_1_216' title='bbox 904 2510 936 2551; x_wconf 89' lang='lat' dir='ltr'>a</span> <span class='ocrx_word' id='word_1_217' title='bbox 980 2509 1262 2550; x_wconf 90' lang='lat' dir='ltr'>muneror</span> <span class='ocrx_word' id='word_1_218' title='bbox 1307 2499 1671 2551; x_wconf 72' lang='lat' dir='ltr'>muneratus.</span> <span class='ocrx_word' id='word_1_219' title='bbox 1733 2493 1876 2550; x_wconf 86' lang='lat' dir='ltr'>item</span> <span class='ocrx_word' id='word_1_220' title='bbox 1921 2492 2056 2551; x_wconf 86' lang='lat' dir='ltr'>novi</span> <span class='ocrx_word' id='word_1_221' title='bbox 2101 2493 2340 2568; x_wconf 84' lang='lat' dir='ltr'>generis</span> <span class='ocrx_word' id='word_1_222' title='bbox 2382 2490 2629 2551; x_wconf 79' lang='lat' dir='ltr'>verbum</span> <span class='ocrx_word' id='word_1_223' title='bbox 2674 2499 2763 2550; x_wconf 90' lang='lat' dir='ltr'>est</span> <span class='ocrx_word' id='word_1_224' title='bbox 2807 2491 2978 2558; x_wconf 76' lang='lat' dir='ltr'>facio,</span> 
     </span>
     <span class='ocr_line' id='line_1_23' title="bbox 409 2593 2981 2672; baseline -0 -19"><span class='ocrx_word' id='word_1_225' title='bbox 409 2595 489 2654; x_wconf 87' lang='lat' dir='ltr'>ita</span> <span class='ocrx_word' id='word_1_226' title='bbox 539 2601 601 2653; x_wconf 89' lang='lat' dir='ltr'>ut</span> <span class='ocrx_word' id='word_1_227' title='bbox 646 2595 911 2653; x_wconf 88' lang='lat' dir='ltr'>incertae</span> <span class='ocrx_word' id='word_1_228' title='bbox 956 2595 1409 2670; x_wconf 84' lang='lat' dir='ltr'>significationis</span> <span class='ocrx_word' id='word_1_229' title='bbox 1455 2595 1564 2662; x_wconf 89' lang='lat' dir='ltr'>sit,</span> <span class='ocrx_word' id='word_1_230' title='bbox 1615 2600 1811 2652; x_wconf 88' lang='lat' dir='ltr'>utrum</span> <span class='ocrx_word' id='word_1_231' title='bbox 1857 2593 1969 2652; x_wconf 89' lang='lat' dir='ltr'>hoc</span> <span class='ocrx_word' id='word_1_232' title='bbox 2015 2593 2283 2653; x_wconf 88' lang='lat' dir='ltr'>neutrale</span> <span class='ocrx_word' id='word_1_233' title='bbox 2328 2595 2554 2672; x_wconf 87' lang='lat' dir='ltr'>potius,</span> <span class='ocrx_word' id='word_1_234' title='bbox 2603 2612 2677 2653; x_wconf 90' lang='lat' dir='ltr'>an</span> <span class='ocrx_word' id='word_1_235' title='bbox 2722 2594 2981 2652; x_wconf 84' lang='lat' dir='ltr'>activum</span> 
     </span>
     <span class='ocr_line' id='line_1_24' title="bbox 407 2695 2979 2775; baseline 0 -22"><span class='ocrx_word' id='word_1_236' title='bbox 407 2714 535 2755; x_wconf 90' lang='lat' dir='ltr'>esse</span> <span class='ocrx_word' id='word_1_237' title='bbox 582 2695 871 2755; x_wconf 73' lang='lat' dir='ltr'>videatur,</span> <span class='ocrx_word' id='word_1_238' title='bbox 961 2714 1097 2755; x_wconf 88' lang='lat' dir='ltr'>nam</span> <span class='ocrx_word' id='word_1_239' title='bbox 1152 2697 1201 2755; x_wconf 85' lang='lat' dir='ltr'>si</span> <span class='ocrx_word' id='word_1_240' title='bbox 1259 2696 1512 2757; x_wconf 87' lang='lat' dir='ltr'>formam</span> <span class='ocrx_word' id='word_1_241' title='bbox 1568 2695 1939 2765; x_wconf 87' lang='lat' dir='ltr'>consideres,</span> <span class='ocrx_word' id='word_1_242' title='bbox 1996 2695 2154 2775; x_wconf 88' lang='lat' dir='ltr'>quod</span> <span class='ocrx_word' id='word_1_243' title='bbox 2208 2704 2449 2774; x_wconf 88' lang='lat' dir='ltr'>accepta</span> <span class='ocrx_word' id='word_1_244' title='bbox 2494 2714 2525 2754; x_wconf 92' lang='lat' dir='ltr'>r</span> <span class='ocrx_word' id='word_1_245' title='bbox 2568 2695 2818 2773; x_wconf 85' lang='lat' dir='ltr'>latinum</span> <span class='ocrx_word' id='word_1_246' title='bbox 2862 2712 2979 2753; x_wconf 91' lang='lat' dir='ltr'>non</span> 
     </span>
     <span class='ocr_line' id='line_1_25' title="bbox 407 2797 2978 2878; baseline -0.002 -22"><span class='ocrx_word' id='word_1_247' title='bbox 407 2805 495 2858; x_wconf 89' lang='lat' dir='ltr'>est</span> <span class='ocrx_word' id='word_1_248' title='bbox 563 2799 780 2866; x_wconf 83' lang='lat' dir='ltr'>sacior,</span> <span class='ocrx_word' id='word_1_249' title='bbox 854 2797 1090 2858; x_wconf 85' lang='lat' dir='ltr'>videtur</span> <span class='ocrx_word' id='word_1_250' title='bbox 1143 2799 1412 2858; x_wconf 89' lang='lat' dir='ltr'>neutrale</span> <span class='ocrx_word' id='word_1_251' title='bbox 1469 2817 1619 2858; x_wconf 87' lang='lat' dir='ltr'>esse.</span> <span class='ocrx_word' id='word_1_252' title='bbox 1711 2807 1768 2858; x_wconf 91' lang='lat' dir='ltr'>at</span> <span class='ocrx_word' id='word_1_253' title='bbox 1824 2817 2032 2859; x_wconf 88' lang='lat' dir='ltr'>rursus</span> <span class='ocrx_word' id='word_1_254' title='bbox 2086 2801 2362 2878; x_wconf 82' lang='lat' dir='ltr'>quoniam</span> <span class='ocrx_word' id='word_1_255' title='bbox 2419 2800 2716 2877; x_wconf 87' lang='lat' dir='ltr'>passivum</span> <span class='ocrx_word' id='word_1_256' title='bbox 2781 2797 2978 2865; x_wconf 83' lang='lat' dir='ltr'>habet,</span> 
     </span>
     <span class='ocr_line' id='line_1_26' title="bbox 407 2900 2981 2980; baseline 0 -23"><span class='ocrx_word' id='word_1_257' title='bbox 407 2907 599 2978; x_wconf 87' lang='lat' dir='ltr'>potest</span> <span class='ocrx_word' id='word_1_258' title='bbox 655 2900 773 2960; x_wconf 90' lang='lat' dir='ltr'>dici</span> <span class='ocrx_word' id='word_1_259' title='bbox 832 2901 1104 2960; x_wconf 74' lang='lat' dir='ltr'>activum.</span> <span class='ocrx_word' id='word_1_260' title='bbox 1196 2902 1492 2979; x_wconf 84' lang='lat' dir='ltr'>passivum</span> <span class='ocrx_word' id='word_1_261' title='bbox 1560 2902 1690 2960; x_wconf 88' lang='lat' dir='ltr'>eius</span> <span class='ocrx_word' id='word_1_262' title='bbox 1754 2909 1846 2960; x_wconf 88' lang='lat' dir='ltr'>est</span> <span class='ocrx_word' id='word_1_263' title='bbox 1900 2903 1995 2960; x_wconf 80' lang='lat' dir='ltr'>iio.</span> <span class='ocrx_word' id='word_1_264' title='bbox 2086 2909 2145 2960; x_wconf 92' lang='lat' dir='ltr'>et</span> <span class='ocrx_word' id='word_1_265' title='bbox 2200 2903 2624 2980; x_wconf 84' lang='lat' dir='ltr'>cuiuscumque</span> <span class='ocrx_word' id='word_1_266' title='bbox 2679 2901 2981 2979; x_wconf 88' lang='lat' dir='ltr'>passivum</span> 
     </span>
     <span class='ocr_line' id='line_1_27' title="bbox 331 3001 2978 3081; baseline 0.001 -23"><span class='ocrx_word' id='word_1_267' title='bbox 331 3019 381 3058; x_wconf 80' lang='lat'>25</span> <span class='ocrx_word' id='word_1_268' title='bbox 408 3009 601 3071; x_wconf 75' lang='lat' dir='ltr'>extat,</span> <span class='ocrx_word' id='word_1_269' title='bbox 658 3020 775 3080; x_wconf 89' lang='lat' dir='ltr'>quo</span> <span class='ocrx_word' id='word_1_270' title='bbox 818 3001 992 3062; x_wconf 89' lang='lat' dir='ltr'>modo</span> <span class='ocrx_word' id='word_1_271' title='bbox 1049 3011 1242 3081; x_wconf 91' lang='lat' dir='ltr'>potest</span> <span class='ocrx_word' id='word_1_272' title='bbox 1295 3005 1552 3063; x_wconf 88' lang='lat' dir='ltr'>activum</span> <span class='ocrx_word' id='word_1_273' title='bbox 1598 3022 1716 3062; x_wconf 91' lang='lat' dir='ltr'>non</span> <span class='ocrx_word' id='word_1_274' title='bbox 1762 3003 1998 3081; x_wconf 80' lang='lat' dir='ltr'>putari?</span> <span class='ocrx_word' id='word_1_275' title='bbox 2053 3003 2158 3062; x_wconf 84' lang='lat' dir='ltr'>sed</span> <span class='ocrx_word' id='word_1_276' title='bbox 2202 3004 2389 3080; x_wconf 86' lang='lat' dir='ltr'>figura</span> <span class='ocrx_word' id='word_1_277' title='bbox 2434 3002 2776 3063; x_wconf 88' lang='lat' dir='ltr'>ultimarum</span> <span class='ocrx_word' id='word_1_278' title='bbox 2820 3001 2978 3061; x_wconf 89' lang='lat' dir='ltr'>litte-</span> 
     </span>
     <span class='ocr_line' id='line_1_28' title="bbox 407 3104 2977 3184; baseline 0 -21"><span class='ocrx_word' id='word_1_279' title='bbox 407 3122 608 3164; x_wconf 87' lang='lat' dir='ltr'>rarum</span> <span class='ocrx_word' id='word_1_280' title='bbox 653 3106 983 3183; x_wconf 85' lang='lat' dir='ltr'>quaeritur.</span> <span class='ocrx_word' id='word_1_281' title='bbox 1059 3123 1266 3164; x_wconf 82' lang='lat' dir='ltr'>vocum</span> <span class='ocrx_word' id='word_1_282' title='bbox 1322 3107 1480 3165; x_wconf 89' lang='lat' dir='ltr'>enim</span> <span class='ocrx_word' id='word_1_283' title='bbox 1532 3112 1763 3165; x_wconf 86' lang='lat' dir='ltr'>tantum</span> <span class='ocrx_word' id='word_1_284' title='bbox 1821 3104 2056 3182; x_wconf 84' lang='lat' dir='ltr'>regulas</span> <span class='ocrx_word' id='word_1_285' title='bbox 2100 3106 2520 3182; x_wconf 85' lang='lat' dir='ltr'>grammaticus</span> <span class='ocrx_word' id='word_1_286' title='bbox 2566 3106 2733 3184; x_wconf 89' lang='lat' dir='ltr'>sequi</span> <span class='ocrx_word' id='word_1_287' title='bbox 2780 3104 2977 3164; x_wconf 87' lang='lat' dir='ltr'>debet.</span> 
     </span>
     <span class='ocr_line' id='line_1_29' title="bbox 407 3206 2977 3286; baseline 0 -21"><span class='ocrx_word' id='word_1_288' title='bbox 407 3214 723 3285; x_wconf 87' lang='lat' dir='ltr'>utrumque</span> <span class='ocrx_word' id='word_1_289' title='bbox 768 3208 1041 3267; x_wconf 88' lang='lat' dir='ltr'>neutrius</span> <span class='ocrx_word' id='word_1_290' title='bbox 1084 3209 1323 3283; x_wconf 87' lang='lat' dir='ltr'>generis</span> <span class='ocrx_word' id='word_1_291' title='bbox 1367 3207 1705 3267; x_wconf 87' lang='lat' dir='ltr'>habendum</span> <span class='ocrx_word' id='word_1_292' title='bbox 1750 3216 1873 3276; x_wconf 89' lang='lat' dir='ltr'>est,</span> <span class='ocrx_word' id='word_1_293' title='bbox 1922 3216 1980 3266; x_wconf 93' lang='lat' dir='ltr'>et</span> <span class='ocrx_word' id='word_1_294' title='bbox 2025 3215 2198 3267; x_wconf 88' lang='lat' dir='ltr'>erunt</span> <span class='ocrx_word' id='word_1_295' title='bbox 2240 3209 2305 3266; x_wconf 91' lang='lat' dir='ltr'>in</span> <span class='ocrx_word' id='word_1_296' title='bbox 2352 3215 2602 3286; x_wconf 90' lang='lat' dir='ltr'>utroque</span> <span class='ocrx_word' id='word_1_297' title='bbox 2650 3206 2765 3266; x_wconf 91' lang='lat' dir='ltr'>duo</span> <span class='ocrx_word' id='word_1_298' title='bbox 2810 3225 2977 3278; x_wconf 82' lang='lat' dir='ltr'>nova,</span> 
     </span>
     <span class='ocr_line' id='line_1_30' title="bbox 406 3308 2979 3388; baseline 0 -20"><span class='ocrx_word' id='word_1_299' title='bbox 406 3316 473 3368; x_wconf 89' lang='lat' dir='ltr'>ut</span> <span class='ocrx_word' id='word_1_300' title='bbox 527 3317 585 3369; x_wconf 90' lang='lat' dir='ltr'>et</span> <span class='ocrx_word' id='word_1_301' title='bbox 640 3308 793 3367; x_wconf 87' lang='lat' dir='ltr'>facio</span> <span class='ocrx_word' id='word_1_302' title='bbox 852 3308 1128 3377; x_wconf 84' lang='lat' dir='ltr'>verbum,</span> <span class='ocrx_word' id='word_1_303' title='bbox 1191 3311 1362 3368; x_wconf 89' lang='lat' dir='ltr'>cuius</span> <span class='ocrx_word' id='word_1_304' title='bbox 1416 3311 1712 3388; x_wconf 84' lang='lat' dir='ltr'>passivum</span> <span class='ocrx_word' id='word_1_305' title='bbox 1774 3317 1962 3378; x_wconf 84' lang='lat' dir='ltr'>extat,</span> <span class='ocrx_word' id='word_1_306' title='bbox 2010 3311 2264 3369; x_wconf 85' lang='lat' dir='ltr'>activum</span> <span class='ocrx_word' id='word_1_307' title='bbox 2309 3327 2424 3369; x_wconf 91' lang='lat' dir='ltr'>non</span> <span class='ocrx_word' id='word_1_308' title='bbox 2471 3311 2576 3378; x_wconf 88' lang='lat' dir='ltr'>sit,</span> <span class='ocrx_word' id='word_1_309' title='bbox 2625 3318 2684 3369; x_wconf 87' lang='lat' dir='ltr'>ct</span> <span class='ocrx_word' id='word_1_310' title='bbox 2727 3311 2803 3368; x_wconf 82' lang='lat' dir='ltr'>tio</span> <span class='ocrx_word' id='word_1_311' title='bbox 2847 3327 2979 3368; x_wconf 69' lang='lat' dir='ltr'>ver-</span> 
     </span>
     <span class='ocr_line' id='line_1_31' title="bbox 408 3409 2978 3488; baseline 0 -19"><span class='ocrx_word' id='word_1_312' title='bbox 408 3409 579 3479; x_wconf 87' lang='lat' dir='ltr'>bum,</span> <span class='ocrx_word' id='word_1_313' title='bbox 644 3428 776 3469; x_wconf 88' lang='lat' dir='ltr'>cum</span> <span class='ocrx_word' id='word_1_314' title='bbox 842 3412 1124 3488; x_wconf 88' lang='lat' dir='ltr'>patientis</span> <span class='ocrx_word' id='word_1_315' title='bbox 1184 3413 1676 3488; x_wconf 78' lang='lat' dir='ltr'>significationem</span> <span class='ocrx_word' id='word_1_316' title='bbox 1740 3410 1955 3471; x_wconf 87' lang='lat' dir='ltr'>haheat</span> <span class='ocrx_word' id='word_1_317' title='bbox 2022 3420 2079 3472; x_wconf 92' lang='lat' dir='ltr'>et</span> <span class='ocrx_word' id='word_1_318' title='bbox 2138 3413 2392 3471; x_wconf 85' lang='lat' dir='ltr'>activum</span> <span class='ocrx_word' id='word_1_319' title='bbox 2448 3413 2578 3471; x_wconf 88' lang='lat' dir='ltr'>eius</span> <span class='ocrx_word' id='word_1_320' title='bbox 2633 3418 2821 3480; x_wconf 80' lang='lat' dir='ltr'>extet,</span> <span class='ocrx_word' id='word_1_321' title='bbox 2870 3430 2978 3471; x_wconf 87' lang='lat' dir='ltr'>nec</span> 
     </span>
     <span class='ocr_line' id='line_1_32' title="bbox 331 3512 2977 3592; baseline 0.001 -23"><span class='ocrx_word' id='word_1_322' title='bbox 331 3529 381 3569; x_wconf 82' lang='lat'>³0</span> <span class='ocrx_word' id='word_1_323' title='bbox 408 3513 706 3590; x_wconf 80' lang='lat' dir='ltr'>passivum</span> <span class='ocrx_word' id='word_1_324' title='bbox 764 3513 841 3571; x_wconf 89' lang='lat' dir='ltr'>sit</span> <span class='ocrx_word' id='word_1_325' title='bbox 895 3531 1004 3572; x_wconf 91' lang='lat' dir='ltr'>nec</span> <span class='ocrx_word' id='word_1_326' title='bbox 1061 3513 1396 3592; x_wconf 89' lang='lat' dir='ltr'>deponens,</span> <span class='ocrx_word' id='word_1_327' title='bbox 1457 3513 1561 3572; x_wconf 88' lang='lat' dir='ltr'>sed</span> <span class='ocrx_word' id='word_1_328' title='bbox 1606 3522 1886 3573; x_wconf 86' lang='lat' dir='ltr'>neutrum</span> <span class='ocrx_word' id='word_1_329' title='bbox 1931 3515 2130 3592; x_wconf 87' lang='lat' dir='ltr'>potius</span> <span class='ocrx_word' id='word_1_330' title='bbox 2173 3512 2816 3592; x_wconf 73' lang='lat' dir='ltr'>habeatur‚‘quoniam</span> <span class='ocrx_word' id='word_1_331' title='bbox 2863 3533 2977 3573; x_wconf 90' lang='lat' dir='ltr'>non</span> 
     </span>
     <span class='ocr_line' id='line_1_33' title="bbox 406 3613 2978 3694; baseline 0.001 -21"><span class='ocrx_word' id='word_1_332' title='bbox 406 3633 438 3673; x_wconf 86' lang='lat'>1·</span> <span class='ocrx_word' id='word_1_333' title='bbox 481 3613 678 3675; x_wconf 89' lang='lat' dir='ltr'>littera</span> <span class='ocrx_word' id='word_1_334' title='bbox 723 3616 1096 3674; x_wconf 87' lang='lat' dir='ltr'>terminatur.</span> <span class='ocrx_word' id='word_1_335' title='bbox 1159 3615 1351 3674; x_wconf 89' lang='lat' dir='ltr'>simile</span> <span class='ocrx_word' id='word_1_336' title='bbox 1385 3623 1474 3674; x_wconf 91' lang='lat' dir='ltr'>est</span> <span class='ocrx_word' id='word_1_337' title='bbox 1504 3615 1692 3674; x_wconf 89' lang='lat' dir='ltr'>vendo</span> <span class='ocrx_word' id='word_1_338' title='bbox 1737 3624 1796 3675; x_wconf 93' lang='lat' dir='ltr'>et</span> <span class='ocrx_word' id='word_1_339' title='bbox 1841 3633 2057 3676; x_wconf 86' lang='lat' dir='ltr'>veneo:</span> <span class='ocrx_word' id='word_1_340' title='bbox 2105 3635 2240 3676; x_wconf 89' lang='lat' dir='ltr'>nam</span> <span class='ocrx_word' id='word_1_341' title='bbox 2283 3616 2472 3676; x_wconf 80' lang='lat' dir='ltr'>vendo</span> <span class='ocrx_word' id='word_1_342' title='bbox 2519 3617 2750 3694; x_wconf 85' lang='lat' dir='ltr'>agentis</span> <span class='ocrx_word' id='word_1_343' title='bbox 2794 3617 2978 3693; x_wconf 84' lang='lat' dir='ltr'>signi·</span> 
     </span>
    </p>
   </div>
   <div class='ocr_carea' id='block_1_2' title="bbox 403 3886 2981 4929">
    <p class='ocr_par' dir='ltr' id='par_1_4' title="bbox 403 3886 2981 4234">
     <span class='ocr_line' id='line_1_34' title="bbox 549 3886 2979 3955; baseline 0.001 -20"><span class='ocrx_word' id='word_1_344' title='bbox 549 3889 573 3942; x_wconf 93' lang='lat' dir='ltr'>l</span> <span class='ocrx_word' id='word_1_345' title='bbox 617 3896 663 3937; x_wconf 79' lang='lat' dir='ltr'>et</span> <span class='ocrx_word' id='word_1_346' title='bbox 693 3901 873 3953; x_wconf 80' lang='lat' dir='ltr'>pascor</span> <span class='ocrx_word' id='word_1_347' title='bbox 909 3901 938 3933; x_wconf 84' lang='lat' dir='ltr'>a</span> <span class='ocrx_word' id='word_1_348' title='bbox 981 3895 1028 3935; x_wconf 88' lang='lat' dir='ltr'>te</span> <span class='ocrx_word' id='word_1_349' title='bbox 1067 3886 1129 3934; x_wconf 85' lang='lat' dir='ltr'>ad</span> <span class='ocrx_word' id='word_1_350' title='bbox 1169 3886 1438 3952; x_wconf 83' lang='lat' dir='ltr'>prandium</span> <span class='ocrx_word' id='word_1_351' title='bbox 1473 3903 1564 3937; x_wconf 88' lang='lat' dir='ltr'>om.</span> <span class='ocrx_word' id='word_1_352' title='bbox 1607 3887 1673 3937; x_wconf 88' lang='lat' dir='ltr'><em>M</em></span> <span class='ocrx_word' id='word_1_353' title='bbox 1808 3889 1841 3937; x_wconf 85' lang='lat'><strong>2</strong></span> <span class='ocrx_word' id='word_1_354' title='bbox 1872 3889 1945 3938; x_wconf 90' lang='lat' dir='ltr'>sic</span> <span class='ocrx_word' id='word_1_355' title='bbox 1982 3895 2056 3937; x_wconf 88' lang='lat' dir='ltr'>est</span> <span class='ocrx_word' id='word_1_356' title='bbox 2084 3889 2152 3939; x_wconf 91' lang='lat' dir='ltr'><em>M</em></span> <span class='ocrx_word' id='word_1_357' title='bbox 2288 3886 2500 3955; x_wconf 85' lang='lat' dir='ltr'>pascite]</span> <span class='ocrx_word' id='word_1_358' title='bbox 2550 3889 2705 3952; x_wconf 70' lang='lat' dir='ltr'>Very.</span> <span class='ocrx_word' id='word_1_359' title='bbox 2741 3889 2899 3938; x_wconf 86' lang='lat' dir='ltr'>bucol.</span> <span class='ocrx_word' id='word_1_360' title='bbox 2932 3887 2979 3952; x_wconf 89' lang='lat'>1,</span> 
     </span>
     <span class='ocr_line' id='line_1_35' title="bbox 403 3955 2981 4023; baseline -0.001 -17"><span class='ocrx_word' id='word_1_361' title='bbox 403 3957 472 4007; x_wconf 79' lang='lat'>46</span> <span class='ocrx_word' id='word_1_362' title='bbox 510 3958 723 4022; x_wconf 84' lang='lat' dir='ltr'>pascite,</span> <span class='ocrx_word' id='word_1_363' title='bbox 763 3965 816 4005; x_wconf 90' lang='lat' dir='ltr'>ut</span> <span class='ocrx_word' id='word_1_364' title='bbox 853 3966 986 4011; x_wconf 86' lang='lat' dir='ltr'>ante,</span> <span class='ocrx_word' id='word_1_365' title='bbox 1023 3956 1195 4013; x_wconf 82' lang='lat' dir='ltr'>boves,</span> <span class='ocrx_word' id='word_1_366' title='bbox 1235 3957 1407 4022; x_wconf 85' lang='lat' dir='ltr'>pueri:</span> <span class='ocrx_word' id='word_1_367' title='bbox 1448 3957 1520 4020; x_wconf 77' lang='lat' dir='ltr'>cf.</span> <span class='ocrx_word' id='word_1_368' title='bbox 1553 3955 1695 4011; x_wconf 83' lang='lat' dir='ltr'>Serv.</span> <span class='ocrx_word' id='word_1_369' title='bbox 1731 3961 1781 4007; x_wconf 81' lang='lat' dir='ltr'>in</span> <span class='ocrx_word' id='word_1_370' title='bbox 1820 3961 1975 4023; x_wconf 76' lang='lat' dir='ltr'>Ver-9.</span> <span class='ocrx_word' id='word_1_371' title='bbox 2018 3958 2151 4011; x_wconf 84' lang='lat' dir='ltr'>Aen.</span> <span class='ocrx_word' id='word_1_372' title='bbox 2192 3958 2211 4005; x_wconf 96' lang='lat' dir='ltr'>I</span> <span class='ocrx_word' id='word_1_373' title='bbox 2255 3958 2354 4009; x_wconf 85' lang='lat'>194</span> <span class='ocrx_word' id='word_1_374' title='bbox 2492 3960 2524 4008; x_wconf 85' lang='lat'>4</span> <span class='ocrx_word' id='word_1_375' title='bbox 2563 3973 2626 4005; x_wconf 87' lang='lat' dir='ltr'>an</span> <span class='ocrx_word' id='word_1_376' title='bbox 2667 3967 2855 4007; x_wconf 83' lang='lat' dir='ltr'>motum</span> <span class='ocrx_word' id='word_1_377' title='bbox 2885 3956 2981 4004; x_wconf 86' lang='lat' dir='ltr'>hoe</span> 
     </span>
     <span class='ocr_line' id='line_1_36' title="bbox 403 4025 2979 4078; baseline -0.001 -2"><span class='ocrx_word' id='word_1_378' title='bbox 403 4029 470 4078; x_wconf 84' lang='lat' dir='ltr'>sit</span> <span class='ocrx_word' id='word_1_379' title='bbox 502 4027 551 4076; x_wconf 87' lang='lat' dir='ltr'><em>B</em></span> <span class='ocrx_word' id='word_1_380' title='bbox 580 4042 642 4076; x_wconf 85' lang='lat' dir='ltr'>an</span> <span class='ocrx_word' id='word_1_381' title='bbox 672 4037 900 4076; x_wconf 86' lang='lat' dir='ltr'>mutuum</span> <span class='ocrx_word' id='word_1_382' title='bbox 939 4025 1032 4074; x_wconf 91' lang='lat' dir='ltr'>hoc</span> <span class='ocrx_word' id='word_1_383' title='bbox 1063 4025 1116 4075; x_wconf 81' lang='lat' dir='ltr'>fit</span> <span class='ocrx_word' id='word_1_384' title='bbox 1146 4027 1194 4075; x_wconf 89' lang='lat' dir='ltr'><em>L</em></span> <span class='ocrx_word' id='word_1_385' title='bbox 1225 4042 1287 4075; x_wconf 86' lang='lat' dir='ltr'>an</span> <span class='ocrx_word' id='word_1_386' title='bbox 1319 4036 1547 4077; x_wconf 87' lang='lat' dir='ltr'>mutuum</span> <span class='ocrx_word' id='word_1_387' title='bbox 1584 4026 1680 4078; x_wconf 90' lang='lat' dir='ltr'>hoc</span> <span class='ocrx_word' id='word_1_388' title='bbox 1715 4028 1777 4077; x_wconf 93' lang='lat' dir='ltr'><em>M</em></span> <span class='ocrx_word' id='word_1_389' title='bbox 1952 4037 2008 4078; x_wconf 92' lang='lat' dir='ltr'>ut</span> <span class='ocrx_word' id='word_1_390' title='bbox 2043 4027 2241 4077; x_wconf 80' lang='lat' dir='ltr'>sublata</span> <span class='ocrx_word' id='word_1_391' title='bbox 2280 4028 2343 4077; x_wconf 98' lang='lat' dir='ltr'>M</span> <span class='ocrx_word' id='word_1_392' title='bbox 2503 4029 2535 4077; x_wconf 87' lang='lat'>5</span> <span class='ocrx_word' id='word_1_393' title='bbox 2567 4028 2733 4076; x_wconf 83' lang='lat' dir='ltr'>actiua</span> <span class='ocrx_word' id='word_1_394' title='bbox 2772 4027 2979 4075; x_wconf 76' lang='lat' dir='ltr'>clinatio</span> 
     </span>
     <span class='ocr_line' id='line_1_37' title="bbox 407 4095 2978 4163; baseline 0 -19"><span class='ocrx_word' id='word_1_395' title='bbox 407 4098 472 4146; x_wconf 87' lang='lat' dir='ltr'>M</span> <span class='ocrx_word' id='word_1_396' title='bbox 504 4097 657 4147; x_wconf 82' lang='lat' dir='ltr'>actiui</span> <span class='ocrx_word' id='word_1_397' title='bbox 694 4095 964 4146; x_wconf 83' lang='lat' dir='ltr'>declinatio</span> <span class='ocrx_word' id='word_1_398' title='bbox 1005 4096 1056 4145; x_wconf 90' lang='lat' dir='ltr'><em>B</em></span> <span class='ocrx_word' id='word_1_399' title='bbox 1091 4097 1258 4146; x_wconf 76' lang='lat' dir='ltr'>aetina</span> <span class='ocrx_word' id='word_1_400' title='bbox 1295 4097 1634 4148; x_wconf 84' lang='lat' dir='ltr'>declinatione</span> <span class='ocrx_word' id='word_1_401' title='bbox 1669 4099 1717 4147; x_wconf 89' lang='lat' dir='ltr'><em>L</em></span> <span class='ocrx_word' id='word_1_402' title='bbox 1892 4098 1926 4148; x_wconf 82' lang='grc'><strong>6</strong></span> <span class='ocrx_word' id='word_1_403' title='bbox 1965 4112 2118 4160; x_wconf 80' lang='lat' dir='ltr'>quarn</span> <span class='ocrx_word' id='word_1_404' title='bbox 2156 4099 2461 4163; x_wconf 85' lang='lat' dir='ltr'>deponentia</span> <span class='ocrx_word' id='word_1_405' title='bbox 2495 4112 2585 4146; x_wconf 88' lang='lat' dir='ltr'>om.</span> <span class='ocrx_word' id='word_1_406' title='bbox 2622 4098 2740 4147; x_wconf 90' lang='lat' dir='ltr'>ML</span> <span class='ocrx_word' id='word_1_407' title='bbox 2914 4096 2978 4144; x_wconf 87' lang='lat' dir='ltr'>ad</span> 
     </span>
     <span class='ocr_line' id='line_1_38' title="bbox 403 4162 2979 4234; baseline -0.001 -18"><span class='ocrx_word' id='word_1_408' title='bbox 403 4183 495 4216; x_wconf 86' lang='lat' dir='ltr'>om.</span> <span class='ocrx_word' id='word_1_409' title='bbox 538 4167 605 4215; x_wconf 88' lang='lat' dir='ltr'>M</span> <span class='ocrx_word' id='word_1_410' title='bbox 737 4165 770 4216; x_wconf 89' lang='lat'>8</span> <span class='ocrx_word' id='word_1_411' title='bbox 801 4162 998 4232; x_wconf 84' lang='lat' dir='ltr'>regina]</span> <span class='ocrx_word' id='word_1_412' title='bbox 1042 4167 1198 4230; x_wconf 74' lang='lat' dir='ltr'>Very.</span> <span class='ocrx_word' id='word_1_413' title='bbox 1233 4166 1364 4218; x_wconf 79' lang='lat' dir='ltr'>Aen.</span> <span class='ocrx_word' id='word_1_414' title='bbox 1409 4169 1427 4215; x_wconf 95' lang='lat'>1</span> <span class='ocrx_word' id='word_1_415' title='bbox 1465 4167 1567 4218; x_wconf 82' lang='grc'>496</span> <span class='ocrx_word' id='word_1_416' title='bbox 1708 4165 1936 4234; x_wconf 82' lang='lat' dir='ltr'>incessit]</span> <span class='ocrx_word' id='word_1_417' title='bbox 1974 4169 2125 4218; x_wconf 82' lang='lat' dir='ltr'>cessit</span> <span class='ocrx_word' id='word_1_418' title='bbox 2153 4166 2213 4215; x_wconf 92' lang='lat' dir='ltr'><em>M</em></span> <span class='ocrx_word' id='word_1_419' title='bbox 2355 4166 2419 4217; x_wconf 89' lang='grc'>10</span> <span class='ocrx_word' id='word_1_420' title='bbox 2453 4164 2647 4232; x_wconf 84' lang='lat' dir='ltr'>pulsor]</span> <span class='ocrx_word' id='word_1_421' title='bbox 2693 4164 2839 4231; x_wconf 88' lang='lat' dir='ltr'>pulso</span> <span class='ocrx_word' id='word_1_422' title='bbox 2877 4166 2979 4215; x_wconf 91' lang='lat' dir='ltr'>BL</span> 
     </span>
    </p>

    <p class='ocr_par' dir='ltr' id='par_1_5' title="bbox 403 4235 2979 4929">
     <span class='ocr_line' id='line_1_39' title="bbox 545 4235 2979 4302; baseline -0.001 -16"><span class='ocrx_word' id='word_1_423' title='bbox 545 4237 608 4286; x_wconf 85' lang='lat'>12</span> <span class='ocrx_word' id='word_1_424' title='bbox 645 4236 831 4285; x_wconf 88' lang='lat' dir='ltr'>desiuit</span> <span class='ocrx_word' id='word_1_425' title='bbox 866 4239 945 4285; x_wconf 85' lang='lat' dir='ltr'>vel</span> <span class='ocrx_word' id='word_1_426' title='bbox 984 4235 1195 4285; x_wconf 78' lang='lat' dir='ltr'>desinit’</span> <span class='ocrx_word' id='word_1_427' title='bbox 1242 4235 1315 4299; x_wconf 82' lang='grc' dir='ltr'>(Ιι.</span> <span class='ocrx_word' id='word_1_428' title='bbox 1360 4252 1405 4286; x_wconf 84' lang='lat' dir='ltr'>e.</span> <span class='ocrx_word' id='word_1_429' title='bbox 1446 4237 1719 4300; x_wconf 88' lang='lat' dir='ltr'>desinitur)</span> <span class='ocrx_word' id='word_1_430' title='bbox 1767 4239 1817 4286; x_wconf 80' lang='lat' dir='ltr'>in</span> <span class='ocrx_word' id='word_1_431' title='bbox 1860 4253 2018 4302; x_wconf 76' lang='lat' dir='ltr'>mar-9.</span> <span class='ocrx_word' id='word_1_432' title='bbox 2059 4237 2181 4291; x_wconf 81' lang='lat' dir='ltr'>add.</span> <span class='ocrx_word' id='word_1_433' title='bbox 2226 4235 2305 4284; x_wconf 88' lang='lat' dir='ltr'><em>M.</em></span> <span class='ocrx_word' id='word_1_434' title='bbox 2341 4251 2409 4284; x_wconf 79' lang='lat' dir='ltr'>an</span> <span class='ocrx_word' id='word_1_435' title='bbox 2442 4236 2610 4285; x_wconf 83' lang='lat' dir='ltr'>dicere</span> <span class='ocrx_word' id='word_1_436' title='bbox 2649 4251 2749 4284; x_wconf 89' lang='lat' dir='ltr'>non</span> <span class='ocrx_word' id='word_1_437' title='bbox 2788 4235 2979 4284; x_wconf 86' lang='lat' dir='ltr'>desini·</span> 
     </span>
     <span class='ocr_line' id='line_1_40' title="bbox 403 4306 2978 4370; baseline -0.001 -16"><span class='ocrx_word' id='word_1_438' title='bbox 403 4307 553 4354; x_wconf 80' lang='lat' dir='ltr'>mus?</span> <span class='ocrx_word' id='word_1_439' title='bbox 589 4313 641 4355; x_wconf 82' lang='lat' dir='ltr'>ut</span> <span class='ocrx_word' id='word_1_440' title='bbox 676 4306 930 4355; x_wconf 83' lang='lat' dir='ltr'>incessere</span> <span class='ocrx_word' id='word_1_441' title='bbox 970 4307 1115 4355; x_wconf 77' lang='lat' dir='ltr'>eciam</span> <span class='ocrx_word' id='word_1_442' title='bbox 1147 4307 1233 4355; x_wconf 83' lang='lat' dir='ltr'>illa</span> <span class='ocrx_word' id='word_1_443' title='bbox 1276 4308 1443 4355; x_wconf 82' lang='lat' dir='ltr'>altera</span> <span class='ocrx_word' id='word_1_444' title='bbox 1475 4308 1841 4370; x_wconf 64' lang='lat' dir='ltr'>significatione</span> <span class='ocrx_word' id='word_1_445' title='bbox 1866 4322 1965 4368; x_wconf 80' lang='lat' dir='ltr'>pro</span> <span class='ocrx_word' id='word_1_446' title='bbox 1992 4306 2225 4356; x_wconf 84' lang='lat' dir='ltr'>incedere</span> <span class='ocrx_word' id='word_1_447' title='bbox 2262 4306 2365 4355; x_wconf 77' lang='lat' dir='ltr'>dici</span> <span class='ocrx_word' id='word_1_448' title='bbox 2396 4307 2700 4369; x_wconf 64' lang='lat' dir='ltr'>significetur</span> <span class='ocrx_word' id='word_1_449' title='bbox 2818 4306 2978 4353; x_wconf 90' lang='lat' dir='ltr'>incer·</span> 
     </span>
     <span class='ocr_line' id='line_1_41' title="bbox 406 4373 2979 4440; baseline -0 -16"><span class='ocrx_word' id='word_1_450' title='bbox 406 4391 517 4424; x_wconf 86' lang='lat' dir='ltr'>sere</span> <span class='ocrx_word' id='word_1_451' title='bbox 554 4376 603 4424; x_wconf 86' lang='lat' dir='ltr'><em>L</em></span> <span class='ocrx_word' id='word_1_452' title='bbox 745 4375 809 4427; x_wconf 93' lang='lat'>13</span> <span class='ocrx_word' id='word_1_453' title='bbox 849 4377 977 4424; x_wconf 88' lang='lat' dir='ltr'>inter</span> <span class='ocrx_word' id='word_1_454' title='bbox 1014 4384 1190 4424; x_wconf 79' lang='lat' dir='ltr'>neutra</span> <span class='ocrx_word' id='word_1_455' title='bbox 1228 4386 1278 4424; x_wconf 90' lang='lat' dir='ltr'>et</span> <span class='ocrx_word' id='word_1_456' title='bbox 1314 4375 1617 4440; x_wconf 81' lang='lat' dir='ltr'>deponentia</span> <span class='ocrx_word' id='word_1_457' title='bbox 1654 4376 1716 4424; x_wconf 90' lang='lat' dir='ltr'><em>M</em></span> <span class='ocrx_word' id='word_1_458' title='bbox 1748 4376 1878 4425; x_wconf 90' lang='lat' dir='ltr'>inter</span> <span class='ocrx_word' id='word_1_459' title='bbox 1916 4375 2141 4425; x_wconf 81' lang='lat' dir='ltr'>neutrale</span> <span class='ocrx_word' id='word_1_460' title='bbox 2178 4389 2345 4440; x_wconf 83' lang='lat' dir='ltr'>genus</span> <span class='ocrx_word' id='word_1_461' title='bbox 2374 4383 2422 4423; x_wconf 89' lang='lat' dir='ltr'>et</span> <span class='ocrx_word' id='word_1_462' title='bbox 2455 4375 2727 4439; x_wconf 86' lang='lat' dir='ltr'>deponent.</span> <span class='ocrx_word' id='word_1_463' title='bbox 2767 4373 2815 4422; x_wconf 89' lang='lat' dir='ltr'><em>B</em></span> <span class='ocrx_word' id='word_1_464' title='bbox 2851 4374 2979 4423; x_wconf 87' lang='lat' dir='ltr'>inter</span> 
     </span>
     <span class='ocr_line' id='line_1_42' title="bbox 406 4443 2842 4509; baseline 0 -18"><span class='ocrx_word' id='word_1_465' title='bbox 406 4444 630 4493; x_wconf 73' lang='lat' dir='ltr'>neutralc‘</span> <span class='ocrx_word' id='word_1_466' title='bbox 665 4459 826 4508; x_wconf 81' lang='lat' dir='ltr'>genus</span> <span class='ocrx_word' id='word_1_467' title='bbox 866 4455 914 4493; x_wconf 90' lang='lat' dir='ltr'>et</span> <span class='ocrx_word' id='word_1_468' title='bbox 948 4444 1223 4509; x_wconf 87' lang='lat' dir='ltr'>deponenti</span> <span class='ocrx_word' id='word_1_469' title='bbox 1258 4446 1307 4494; x_wconf 91' lang='lat' dir='ltr'><em>L</em></span> <span class='ocrx_word' id='word_1_470' title='bbox 1448 4444 1630 4492; x_wconf 87' lang='lat' dir='ltr'>tondeo</span> <span class='ocrx_word' id='word_1_471' title='bbox 1680 4446 1843 4493; x_wconf 87' lang='lat' dir='ltr'>condo</span> <span class='ocrx_word' id='word_1_472' title='bbox 1888 4445 2000 4493; x_wconf 82' lang='lat' dir='ltr'>lano</span> <span class='ocrx_word' id='word_1_473' title='bbox 2038 4445 2104 4494; x_wconf 88' lang='lat' dir='ltr'>M</span> <span class='ocrx_word' id='word_1_474' title='bbox 2241 4445 2303 4494; x_wconf 78' lang='lat'>14</span> <span class='ocrx_word' id='word_1_475' title='bbox 2353 4453 2401 4492; x_wconf 89' lang='lat' dir='ltr'>et</span> <span class='ocrx_word' id='word_1_476' title='bbox 2444 4452 2609 4493; x_wconf 87' lang='lat' dir='ltr'>cetera</span> <span class='ocrx_word' id='word_1_477' title='bbox 2650 4460 2738 4494; x_wconf 89' lang='lat' dir='ltr'>om.</span> <span class='ocrx_word' id='word_1_478' title='bbox 2780 4443 2842 4492; x_wconf 88' lang='lat' dir='ltr'>M</span> 
     </span>
     <span class='ocr_line' id='line_1_43' title="bbox 408 4513 2977 4579; baseline -0.001 -15"><span class='ocrx_word' id='word_1_479' title='bbox 408 4515 471 4564; x_wconf 85' lang='lat'>15</span> <span class='ocrx_word' id='word_1_480' title='bbox 507 4513 558 4562; x_wconf 88' lang='lat' dir='ltr'>ui</span> <span class='ocrx_word' id='word_1_481' title='bbox 591 4528 705 4562; x_wconf 89' lang='lat' dir='ltr'>cum</span> <span class='ocrx_word' id='word_1_482' title='bbox 744 4515 792 4561; x_wconf 91' lang='lat' dir='ltr'>in</span> <span class='ocrx_word' id='word_1_483' title='bbox 830 4529 853 4560; x_wconf 89' lang='lat' dir='ltr'>r</span> <span class='ocrx_word' id='word_1_484' title='bbox 888 4514 949 4563; x_wconf 89' lang='lat' dir='ltr'>M</span> <span class='ocrx_word' id='word_1_485' title='bbox 1093 4514 1156 4562; x_wconf 79' lang='lat'>17</span> <span class='ocrx_word' id='word_1_486' title='bbox 1195 4515 1256 4563; x_wconf 90' lang='lat' dir='ltr'>ab</span> <span class='ocrx_word' id='word_1_487' title='bbox 1294 4523 1502 4576; x_wconf 83' lang='lat' dir='ltr'>utraque</span> <span class='ocrx_word' id='word_1_488' title='bbox 1541 4513 1662 4562; x_wconf 90' lang='lat' dir='ltr'>libet</span> <span class='ocrx_word' id='word_1_489' title='bbox 1700 4514 1763 4563; x_wconf 90' lang='lat' dir='ltr'>M</span> <span class='ocrx_word' id='word_1_490' title='bbox 1880 4514 1945 4565; x_wconf 89' lang='lat'>18</span> <span class='ocrx_word' id='word_1_491' title='bbox 1981 4514 2217 4563; x_wconf 78' lang='lat' dir='ltr'>formaret</span> <span class='ocrx_word' id='word_1_492' title='bbox 2252 4514 2320 4562; x_wconf 84' lang='lat' dir='ltr'>ita</span> <span class='ocrx_word' id='word_1_493' title='bbox 2355 4529 2385 4563; x_wconf 82' lang='lat' dir='ltr'>a</span> <span class='ocrx_word' id='word_1_494' title='bbox 2420 4516 2582 4579; x_wconf 84' lang='lat' dir='ltr'>partio</span> <span class='ocrx_word' id='word_1_495' title='bbox 2620 4515 2715 4563; x_wconf 73' lang='lat' dir='ltr'>neu</span> <span class='ocrx_word' id='word_1_496' title='bbox 2753 4513 2977 4579; x_wconf 84' lang='lat' dir='ltr'>partiens</span> 
     </span>
     <span class='ocr_line' id='line_1_44' title="bbox 408 4582 2977 4648; baseline -0 -17"><span class='ocrx_word' id='word_1_497' title='bbox 408 4583 502 4632; x_wconf 68' lang='lat' dir='ltr'>fut*</span> <span class='ocrx_word' id='word_1_498' title='bbox 535 4585 810 4646; x_wconf 85' lang='lat' dir='ltr'>partiturus</span> <span class='ocrx_word' id='word_1_499' title='bbox 849 4582 1062 4633; x_wconf 81' lang='lat' dir='ltr'>fundum</span> <span class='ocrx_word' id='word_1_500' title='bbox 1101 4584 1152 4632; x_wconf 89' lang='lat' dir='ltr'><em>B</em></span> <span class='ocrx_word' id='word_1_501' title='bbox 1267 4583 1328 4632; x_wconf 85' lang='lat'>21</span> <span class='ocrx_word' id='word_1_502' title='bbox 1372 4594 1601 4631; x_wconf 87' lang='lat' dir='ltr'>neutrum</span> <span class='ocrx_word' id='word_1_503' title='bbox 1634 4583 1698 4632; x_wconf 89' lang='lat' dir='ltr'>M</span> <span class='ocrx_word' id='word_1_504' title='bbox 1836 4584 1902 4634; x_wconf 86' lang='grc'>23</span> <span class='ocrx_word' id='word_1_505' title='bbox 1935 4583 2066 4633; x_wconf 71' lang='lat' dir='ltr'>facio</span> <span class='ocrx_word' id='word_1_506' title='bbox 2105 4583 2232 4633; x_wconf 85' lang='grc' dir='ltr'>ΒΜ</span> <span class='ocrx_word' id='word_1_507' title='bbox 2240 4586 2287 4632; x_wconf 92' lang='lat' dir='ltr'><em>L</em></span> <span class='ocrx_word' id='word_1_508' title='bbox 2424 4584 2491 4633; x_wconf 85' lang='grc'>24</span> <span class='ocrx_word' id='word_1_509' title='bbox 2527 4585 2789 4648; x_wconf 82' lang='lat' dir='ltr'>passiuum</span> <span class='ocrx_word' id='word_1_510' title='bbox 2828 4582 2977 4631; x_wconf 81' lang='lat' dir='ltr'>habet</span> 
     </span>
     <span class='ocr_line' id='line_1_45' title="bbox 406 4651 2977 4716; baseline 0 -14"><span class='ocrx_word' id='word_1_511' title='bbox 406 4654 470 4702; x_wconf 84' lang='lat' dir='ltr'>flo</span> <span class='ocrx_word' id='word_1_512' title='bbox 511 4660 678 4716; x_wconf 85' lang='lat' dir='ltr'>potest</span> <span class='ocrx_word' id='word_1_513' title='bbox 714 4652 812 4701; x_wconf 88' lang='lat' dir='ltr'>dici</span> <span class='ocrx_word' id='word_1_514' title='bbox 850 4654 1069 4703; x_wconf 80' lang='lat' dir='ltr'>actiuum</span> <span class='ocrx_word' id='word_1_515' title='bbox 1104 4662 1153 4703; x_wconf 91' lang='lat' dir='ltr'>et</span> <span class='ocrx_word' id='word_1_516' title='bbox 1189 4655 1551 4716; x_wconf 85' lang='lat' dir='ltr'>cuiuscumque</span> <span class='ocrx_word' id='word_1_517' title='bbox 1577 4653 1638 4702; x_wconf 92' lang='lat' dir='ltr'>M</span> <span class='ocrx_word' id='word_1_518' title='bbox 1753 4654 1820 4703; x_wconf 78' lang='lat'>26</span> <span class='ocrx_word' id='word_1_519' title='bbox 1848 4655 1994 4716; x_wconf 88' lang='lat' dir='ltr'>sequi</span> <span class='ocrx_word' id='word_1_520' title='bbox 2020 4654 2168 4703; x_wconf 77' lang='lat' dir='ltr'>debet</span> <span class='ocrx_word' id='word_1_521' title='bbox 2194 4653 2255 4701; x_wconf 88' lang='lat' dir='ltr'>M</span> <span class='ocrx_word' id='word_1_522' title='bbox 2291 4651 2440 4702; x_wconf 85' lang='lat' dir='ltr'>habet</span> <span class='ocrx_word' id='word_1_523' title='bbox 2469 4654 2577 4704; x_wconf 91' lang='lat' dir='ltr'>BL</span> <span class='ocrx_word' id='word_1_524' title='bbox 2684 4655 2749 4703; x_wconf 91' lang='grc'>27</span> <span class='ocrx_word' id='word_1_525' title='bbox 2785 4663 2977 4702; x_wconf 85' lang='lat' dir='ltr'>utrum-</span> 
     </span>
     <span class='ocr_line' id='line_1_46' title="bbox 407 4720 2979 4787; baseline 0 -18"><span class='ocrx_word' id='word_1_526' title='bbox 407 4736 504 4783; x_wconf 85' lang='lat' dir='ltr'>que</span> <span class='ocrx_word' id='word_1_527' title='bbox 541 4720 803 4785; x_wconf 84' lang='lat' dir='ltr'>utriusque</span> <span class='ocrx_word' id='word_1_528' title='bbox 837 4739 972 4777; x_wconf 86' lang='lat' dir='ltr'>corr.</span> <span class='ocrx_word' id='word_1_529' title='bbox 1013 4727 1082 4778; x_wconf 83' lang='grc' dir='ltr'>αΙ,</span> <span class='ocrx_word' id='word_1_530' title='bbox 1121 4741 1250 4777; x_wconf 81' lang='lat' dir='ltr'>man.</span> <span class='ocrx_word' id='word_1_531' title='bbox 1290 4731 1560 4787; x_wconf 87' lang='lat' dir='ltr'>utrumque</span> <span class='ocrx_word' id='word_1_532' title='bbox 1592 4724 1916 4787; x_wconf 84' lang='lat' dir='ltr'>neutriusque</span> <span class='ocrx_word' id='word_1_533' title='bbox 1952 4724 2002 4772; x_wconf 91' lang='lat' dir='ltr'><em>B</em></span> <span class='ocrx_word' id='word_1_534' title='bbox 2168 4725 2237 4774; x_wconf 88' lang='grc'>28</span> <span class='ocrx_word' id='word_1_535' title='bbox 2283 4723 2493 4772; x_wconf 86' lang='lat' dir='ltr'>uerbum</span> <span class='ocrx_word' id='word_1_536' title='bbox 2531 4725 2748 4773; x_wconf 75' lang='lat' dir='ltr'>setinum</span> <span class='ocrx_word' id='word_1_537' title='bbox 2789 4737 2887 4772; x_wconf 89' lang='lat' dir='ltr'>non</span> <span class='ocrx_word' id='word_1_538' title='bbox 2926 4725 2979 4771; x_wconf 82' lang='lat' dir='ltr'>tit</span> 
     </span>
     <span class='ocr_line' id='line_1_47' title="bbox 407 4791 2974 4855; baseline 0.003 -15"><span class='ocrx_word' id='word_1_539' title='bbox 407 4791 552 4840; x_wconf 79' lang='lat' dir='ltr'>cuius</span> <span class='ocrx_word' id='word_1_540' title='bbox 581 4793 841 4855; x_wconf 83' lang='lat' dir='ltr'>passiuum</span> <span class='ocrx_word' id='word_1_541' title='bbox 879 4804 1042 4844; x_wconf 69' lang='lat' dir='ltr'>exstat</span> <span class='ocrx_word' id='word_1_542' title='bbox 1080 4803 1127 4843; x_wconf 91' lang='lat' dir='ltr'>et</span> <span class='ocrx_word' id='word_1_543' title='bbox 1166 4795 1228 4843; x_wconf 82' lang='lat' dir='ltr'>iio</span> <span class='ocrx_word' id='word_1_544' title='bbox 1267 4793 1329 4842; x_wconf 90' lang='lat' dir='ltr'>M</span> <span class='ocrx_word' id='word_1_545' title='bbox 1435 4808 1531 4843; x_wconf 88' lang='lat' dir='ltr'>uon</span> <span class='ocrx_word' id='word_1_546' title='bbox 1572 4794 1636 4843; x_wconf 88' lang='lat' dir='ltr'>sit</span> <span class='ocrx_word' id='word_1_547' title='bbox 1672 4793 1949 4844; x_wconf 69' lang='lat' dir='ltr'>Sichardus·</span> <span class='ocrx_word' id='word_1_548' title='bbox 1986 4809 2085 4844; x_wconf 90' lang='lat' dir='ltr'>non</span> <span class='ocrx_word' id='word_1_549' title='bbox 2123 4794 2176 4843; x_wconf 88' lang='lat' dir='ltr'>fit</span> <span class='ocrx_word' id='word_1_550' title='bbox 2206 4795 2314 4843; x_wconf 90' lang='lat' dir='ltr'>BL</span> <span class='ocrx_word' id='word_1_551' title='bbox 2426 4794 2494 4845; x_wconf 84' lang='lat'>29</span> <span class='ocrx_word' id='word_1_552' title='bbox 2522 4805 2569 4844; x_wconf 91' lang='lat' dir='ltr'>et</span> <span class='ocrx_word' id='word_1_553' title='bbox 2607 4796 2824 4845; x_wconf 76' lang='lat' dir='ltr'>actiuum</span> <span class='ocrx_word' id='word_1_554' title='bbox 2865 4793 2974 4848; x_wconf 80' lang='lat' dir='ltr'>eius</span> 
     </span>
     <span class='ocr_line' id='line_1_48' title="bbox 406 4862 2652 4929; baseline 0.001 -18"><span class='ocrx_word' id='word_1_555' title='bbox 406 4871 546 4912; x_wconf 84' lang='lat' dir='ltr'>extat</span> <span class='ocrx_word' id='word_1_556' title='bbox 585 4862 648 4911; x_wconf 87' lang='lat' dir='ltr'>M</span> <span class='ocrx_word' id='word_1_557' title='bbox 682 4863 896 4911; x_wconf 86' lang='lat' dir='ltr'>actiuum</span> <span class='ocrx_word' id='word_1_558' title='bbox 936 4865 1044 4914; x_wconf 86' lang='lat' dir='ltr'>eius</span> <span class='ocrx_word' id='word_1_559' title='bbox 1083 4865 1218 4928; x_wconf 90' lang='lat' dir='ltr'>quod</span> <span class='ocrx_word' id='word_1_560' title='bbox 1255 4862 1431 4927; x_wconf 87' lang='lat' dir='ltr'>(quam</span> <span class='ocrx_word' id='word_1_561' title='bbox 1461 4864 1536 4929; x_wconf 88' lang='lat' dir='ltr'>B)</span> <span class='ocrx_word' id='word_1_562' title='bbox 1576 4873 1711 4916; x_wconf 81' lang='lat' dir='ltr'>extet</span> <span class='ocrx_word' id='word_1_563' title='bbox 1746 4864 1855 4918; x_wconf 87' lang='lat' dir='ltr'>BL</span> <span class='ocrx_word' id='word_1_564' title='bbox 1972 4865 2041 4916; x_wconf 88' lang='lat'>30</span> <span class='ocrx_word' id='word_1_565' title='bbox 2076 4866 2143 4918; x_wconf 86' lang='lat' dir='ltr'>sit</span> <span class='ocrx_word' id='word_1_566' title='bbox 2178 4866 2228 4922; x_wconf 79' lang='lat' dir='ltr'><em>B</em></span> <span class='ocrx_word' id='word_1_567' title='bbox 2266 4863 2317 4914; x_wconf 82' lang='lat' dir='ltr'>fit</span> <span class='ocrx_word' id='word_1_568' title='bbox 2350 4863 2415 4929; x_wconf 89' lang='lat' dir='ltr'>L,</span> <span class='ocrx_word' id='word_1_569' title='bbox 2452 4878 2543 4914; x_wconf 88' lang='lat' dir='ltr'>om.</span> <span class='ocrx_word' id='word_1_570' title='bbox 2585 4863 2652 4913; x_wconf 89' lang='lat' dir='ltr'>M</span> 
     </span>
    </p>
   </div>
  </div>
 </body>
</html>
