3541 5564
1476 311 1619 372 ARS
1678 309 1759 372 111
1804 313 1862 371 2.
1909 313 1948 371 3
2888 305 3011 371 461

493 435 536 475 p.
566 423 682 465 2150.
707 425 760 463 eo
791 422 833 462 r,
2655 430 2696 471 p.
2729 419 2814 458 167.
2839 419 2892 459 68
2920 416 2966 457 1,.

442 503 618 565 iudex
675 502 892 563 iudicis
949 503 1148 563 iudico
1204 501 1460 570 iudicas,
1533 518 1813 579 manceps
1865 501 2158 579 mancipis
2213 502 2485 579 mancipo
2540 501 2860 578 mancipas,
2959 506 3020 560 et

446 607 534 666 sic
580 623 815 683 semper
860 624 934 664 ex
979 607 1162 665 certis
1206 611 1267 663 et
1311 604 1644 663 manifestis
1688 605 1916 664 incerta
1961 602 2308 680 regulantur
2353 609 2412 663 et
2456 602 2762 679 ambigua;
2817 620 3016 661 nemo-

441 726 556 787 que
603 706 861 776 dubitat‚
921 707 1076 785 quod
1135 708 1336 784 priora
1381 723 1626 783 prorsus
1666 726 1700 765 a
1746 704 1945 765 verbis
1991 712 2127 765 sunt
2173 706 2439 774 nomina,
2484 707 2546 765 in
2591 703 2808 783 quibus
2849 711 3015 764 natu-

445 809 651 870 raliter
695 807 1028 869 substantia
1073 809 1331 868 nominis
1375 807 1675 868 antecedit
1718 814 1914 868 actum
1959 809 2061 886 qui
2108 814 2409 886 spectatur
2452 808 2513 866 in
2562 805 2783 865 verbis.

362 925 386 963 5
609 910 877 990 Exempli
922 928 1099 970 causa
1144 910 1216 969 de
1262 909 1464 970 multis
1508 908 1658 969 libet
1711 911 1985 988 proferre
2034 907 2056 989 Η
2106 928 2323 988 pauca,
2370 917 2434 969 ut
2489 926 2622 969 esca
2671 910 2870 968 inesco
2925 910 3011 967 in-

438 1031 633 1081 escas,
689 1012 846 1073 unda
892 1012 1114 1072 inundo
1160 1011 1442 1081 inundaS,
1500 1017 1611 1090 pax
1657 1013 1822 1090 pacis
1868 1030 2013 1091 paco
2058 1031 2259 1090 pacaS,
2321 1011 2487 1071 radix
2533 1010 2772 1070 eradico
2817 1010 3010 1070 eradi-

440 1134 568 1183 cas,
629 1116 811 1193 piscis
855 1115 1056 1192 piscor
1098 1115 1382 1192 piscariS‚
1441 1131 1545 1175 cor
1601 1114 1800 1174 cordis
1843 1114 2137 1174 concordo
2181 1113 2457 1174 discordo
2504 1112 2812 1182 recordor,
2870 1112 3015 1171 odor

435 1217 652 1277 odoror
695 1216 994 1285 odorariS,
1044 1215 1323 1276 Horatius
1366 1217 1428 1275 in
1475 1216 1663 1295 epodo

740 1319 1156 1398 proiectum
1200 1316 1546 1377 odoraris
1591 1316 1862 1379 cibum:

365 1435 412 1472 10
440 1420 643 1481 radius
689 1420 858 1480 radio
904 1419 1130 1484 radias,
1179 1418 1392 1479 humus
1436 1418 1615 1487 humo
1659 1419 1896 1488 humaS,
1944 1421 2141 1479 fumus
2185 1420 2348 1481 fumo
2378 1420 2597 1489 fnmaS,
2644 1420 2843 1478 contio
2873 1437 3011 1478 con-

440 1525 662 1592 tionor,
719 1522 901 1582 limen
958 1521 1233 1590 elimino,
1293 1538 1576 1581 cacumen
1632 1523 1970 1590 cacumino,
2039 1520 2537 1600 ‘summasque
2601 1522 3013 1581 cacuminat

437 1628 692 1686 aures’
740 1622 986 1685 Ovidius
1032 1622 1585 1700 metamorphoseon
1632 1622 1793 1682 libro
1836 1622 1892 1682 1:
1941 1641 2149 1683 rumen
2195 1625 2449 1683 ruminis
2496 1624 2760 1692 rumino,
2980 1610 2988 1617 ⁰

735 1726 918 1786 ilice
963 1722 1097 1784 sub
1144 1724 1362 1801 nigra
1407 1723 1789 1803 pallentes
1836 1727 2167 1786 ruminat
2211 1724 2484 1805 herbas

434 1828 717 1905 Virgilius
748 1828 809 1887 in
840 1825 1140 1902 bucolico:
1186 1843 1395 1886 aurum
1427 1828 1638 1887 inauro
1670 1828 1940 1896 inauraS,
1974 1826 2252 1887 Horatius
2283 1829 2344 1887 in
2376 1826 2765 1905 epistularum
2797 1825 2956 1886 libro
2986 1825 3011 1885 Ι

365 1942 411 1981 15
2453 1935 2529 1988 ut
2572 1934 2645 1987 te

734 2029 1137 2090 confestim
1181 2029 1436 2107 largus
1481 2030 1825 2090 fortunae
1872 2032 2078 2090 rivus
2122 2032 2461 2089 inauret:

437 2140 699 2193 scortum
744 2138 978 2191 scortor
1025 2133 1335 2202 scortaris‚
1392 2148 1610 2208 gurges
1665 2133 1922 2210 gurgitis
1968 2133 2300 2209 ingurgito,
2362 2132 2570 2191 Cicero
2627 2132 2688 2190 iu
2734 2131 3010 2190 Pisonem

435 2239 858 2312 ‘numquam
915 2241 986 2293 te
1045 2234 1107 2293 in
1172 2240 1281 2293 tot
1349 2234 1653 2311 flagitia
1723 2234 2341 2313 ingurgitasses'.
2443 2250 2575 2292 cras
2643 2231 3008 2301 adverbium,

432 2337 733 2396 crastinus
789 2354 1034 2403 nomen,
1092 2342 1153 2394 et
1208 2334 1281 2395 ab
1339 2354 1409 2395 eo
1465 2335 1712 2397 verbum
1767 2338 2172 2414 procrastino;
2232 2335 2360 2396 dies
2417 2353 2661 2405 nomen,
2724 2333 3009 2414 perendie

356 2453 406 2492 20
438 2437 815 2507 adverbium,
873 2436 1337 2516 comperendino
1395 2436 1664 2498 verbum.
1764 2446 2075 2517 praeterea
2130 2437 2203 2498 de
2258 2434 2458 2497 verbis
2513 2439 2691 2497 etiam
2747 2437 3009 2496 derivata

435 2539 617 2601 verba
662 2547 1023 2600 consonante
1070 2536 1481 2618 praeceldente
1525 2541 1754 2619 primae
1802 2558 2039 2619 semper
2083 2549 2248 2610 sunt,
2305 2546 2371 2600 ut
2424 2540 2620 2600 omnis
2669 2540 3007 2618 frequenta·

430 2644 553 2702 tiva
597 2641 807 2702 forma.
875 2658 987 2701 nec
1032 2640 1103 2700 ad
1151 2640 1326 2701 aliam
1370 2648 1566 2720 potest
1609 2641 1858 2703 huiusce
1904 2642 2064 2702 modi
2108 2642 2424 2702 verborum
2470 2641 2757 2701 derivatio
2802 2640 3007 2698 venire

432 2744 942 2821 coniugationem,
1001 2744 1118 2804 nisi
1174 2743 1327 2803 forte
1386 2743 1608 2805 incidat
1664 2745 1726 2804 in
1773 2742 2125 2815 clausulam,
2182 2746 2300 2805 iam
2345 2750 2479 2806 ante
2524 2742 2761 2804 cuidam
2803 2741 3007 2802 coniu-

432 2848 652 2923 gationi
699 2845 1063 2922 generaliter
1093 2845 1461 2924 deputatam,
1509 2856 1573 2906 ut
1605 2847 1665 2906 in
1697 2848 1831 2906 urio
1864 2846 2193 2907 desinentia
2226 2847 2566 2908 meditativa
2598 2862 2729 2904 esse
2760 2850 3007 2923 quartae

355 2961 407 3001 25
432 2949 574 3008 facit
618 2949 746 3026 ipsa
801 2948 1025 3007 formae
1071 2946 1322 3008 finalitas
1389 2955 1450 3007 et
1515 2948 1851 3009 inchoativa
1908 2950 2154 3019 tertiae;
2225 2951 2519 3027 etiamque
2577 2949 2636 3006 in
2691 2963 2791 3006 sco
2846 2944 3003 3005 desi-

433 3050 634 3108 nentia
696 3047 988 3125 perfecta,
1046 3049 1096 3107 si
1151 3055 1349 3108 tamen
1405 3067 1520 3109 non
1567 3051 1684 3111 sint
1729 3069 1760 3110 a
1808 3049 2176 3119 nominibus,
2236 3052 2405 3129 quasi
2462 3051 2526 3109 in
2572 3049 3005 3129 possessionem

433 3151 644 3210 tertiae
702 3149 888 3209 solius
942 3157 1381 3210 concesserunt.
1482 3152 1852 3231 singulisque
1909 3153 2117 3212 formis
2171 3151 2628 3212 derivativorum
2690 3148 3004 3209 verborum

429 3251 695 3328 singulas
738 3252 1012 3330 accipere
1057 3254 1275 3312 coactis
1321 3251 1392 3313 ad
1425 3252 1820 3313 differentiam
1866 3255 1959 3313 sui
1998 3255 2443 3330 coniugationes
2488 3254 2618 3312 iure
2665 3251 3003 3312 meditativa

429 3352 672 3432 quidem
730 3359 1003 3431 quartam
1058 3354 1119 3413 in
1177 3355 1236 3413 io
1295 3356 1709 3415 terminatione
1765 3363 2140 3425 meruerunt,
2198 3357 2354 3415 sicut
2410 3356 2472 3416 in
2530 3373 2600 3414 eo
2651 3354 3001 3422 desinentia,

353 3471 403 3509 30
431 3457 554 3515 sive
599 3456 895 3533 primitiva
945 3456 1066 3543 sive
1113 3454 1436 3517 derivativa
1481 3457 1630 3525 sint,
1687 3457 1869 3517 solam
1925 3457 2242 3517 secundam
2289 3457 2466 3517 etiam
2523 3458 2583 3516 in
2636 3456 2823 3515 forma
2867 3473 3002 3534 per-

428 3558 582 3618 fecta
638 3555 887 3626 habent;
957 3558 1388 3635 frequentativa
1445 3576 1583 3616 vero
1639 3566 1698 3618 et
1752 3559 2115 3629 inchoativa,
2187 3560 2451 3620 carentia
2509 3558 2694 3618 vocali
2751 3566 2884 3619 ante
2946 3576 2999 3628 o,

430 3660 682 3737 primam
728 3666 789 3718 et
832 3660 1072 3718 tertiam
1107 3660 1359 3718 invicem
1390 3662 1724 3720 necessario
1757 3663 2113 3732 sortiuntur;
2159 3663 2487 3740 meritoque
2520 3668 2767 3738 utraque
2813 3660 2999 3720 forma

429 3762 890 3821 derivativorum
936 3759 1007 3819 ad
1054 3779 1182 3821 eam
1213 3763 1467 3821 maxime
1516 3764 1676 3822 venit
1705 3764 2212 3841 coniugationem,
2258 3764 2322 3822 in
2366 3781 2482 3841 qua
2526 3779 2665 3822 suae
2698 3762 3001 3823 finalitatis

563 3966 596 4016 3
634 3964 769 4026 quod
809 3965 975 4027 puiora
1007 3963 1173 4012 uerbis
1216 3972 1332 4012 sunt
1370 3965 1615 4028 quaedam
1658 3967 1861 4015 nomina
1900 3966 1979 4015 Bt
2117 3966 2150 4014 4
2187 3974 2508 4032 exspectatur
2545 3965 2595 4014 B
2630 3972 2923 4030 expectatur
2958 3966 3005 4013 P

562 4034 595 4084 5
629 4031 768 4099 libet]
814 4033 928 4082 licet
962 4032 1056 4089 Βς
1198 4041 1251 4081 ut
1284 4042 1357 4082 est
1393 4049 1541 4083 aesca
1569 4036 1770 4084 inaesco
1808 4036 2041 4084 inaeecas
2080 4035 2127 4082 P
2259 4034 2292 4083 8
2323 4037 2373 4084 in
2414 4034 2598 4102 epodo]
2636 4034 2688 4094 6,
2730 4033 2795 4086 10
2938 4035 2998 4084 12

430 4112 632 4157 metam.
674 4104 802 4153 libro
839 4101 885 4168 l]
925 4102 992 4151 lll
1032 4102 1131 4152 195
1279 4102 1339 4152 14
1376 4104 1423 4151 in
1465 4103 1712 4171 bucolico]
1754 4108 1818 4166 6,
1858 4107 1924 4156 54
2066 4104 2214 4169 epist.
2256 4105 2382 4154 libro
2422 4104 2463 4170 l]
2506 4105 2585 4164 12,
2625 4105 2658 4152 9
2800 4103 2866 4153 16
2902 4101 2999 4152 lar·

425 4175 542 4237 gius
570 4182 591 4223 t
747 4172 978 4222 fortunae
1015 4169 1174 4237 rivus]
1218 4173 1377 4220 imber
1409 4174 1461 4223 B
1639 4175 1700 4225 17
1741 4176 1791 4223 iu
1830 4176 2009 4240 pisone
2048 4175 2117 4223 P:
2152 4171 2233 4230 18,
2270 4177 2337 4226 42
2511 4173 2577 4224 18
2614 4170 2689 4236 in]
2733 4172 2834 4231 ins,
2862 4169 2911 4220 Ιι.
2952 4189 2996 4222 e.

428 4245 556 4292 inter
594 4246 641 4293 P
816 4241 881 4292 19
921 4239 1258 4308 procrastino]
1302 4244 1521 4293 crastino
1556 4243 1608 4292 B
1781 4245 1892 4293 dies
1941 4243 2058 4292 item
2100 4243 2339 4306 perendie
2369 4243 2478 4292 BP
2508 4243 2621 4292 dies
2663 4256 2844 4291 nomeu
2881 4243 2995 4290 item

429 4314 669 4377 perendie
706 4321 727 4362 e
757 4313 869 4362 dies
906 4313 1024 4360 item
1054 4326 1235 4360 nomen
1276 4312 1515 4375 perendie
1545 4315 1581 4374 f
1709 4313 1779 4361 20
1815 4314 1877 4361 de
1911 4312 2165 4362 adnerbiis
2208 4314 2255 4361 P
2357 4314 2419 4363 21
2452 4310 2526 4377 ut]
2560 4321 2608 4361 et
2642 4313 2714 4360 P:
2753 4321 2801 4359 et
2830 4313 2994 4361 omnia

430 4385 826 4444 frequentatiuae
859 4381 1049 4430 formae
1081 4395 1114 4437 ς
1217 4382 1283 4432 23
1311 4382 1510 4431 incedat
1532 4384 1582 4432 P
1678 4383 1777 4431 iam
1814 4392 1930 4431 ante
1968 4378 2247 4446 (superse-r.
2282 4381 2491 4446 dictam)
2524 4382 2722 4430 cuidam
2755 4382 2996 4448 coniuga-

428 4453 616 4501 tionum
654 4452 704 4501 B
743 4453 841 4500 iam
878 4460 994 4500 ante
1028 4452 1213 4500 dictam
1252 4451 1890 4518 cuidam·eoniugationum
1930 4453 1977 4500 P
2008 4453 2106 4500 iam
2141 4460 2255 4501 ante
2292 4452 2491 4501 cuidam
2535 4451 2941 4516 coniugationem
2976 4460 2997 4502 t

533 4522 600 4570 24
629 4523 924 4572 meditatiua
959 4531 1166 4584 quartae
1203 4521 1577 4588 coniugationis
1603 4537 1717 4572 esse
1746 4520 1866 4570 facit
1899 4521 2010 4586 ipsa
2043 4519 2205 4571 forma
2232 4520 2489 4570 finalitatis
2515 4530 2535 4570 t
2559 4521 2852 4570 meditatiua
2888 4520 2996 4569 fore

427 4597 635 4651 quartae
666 4591 784 4640 facit
819 4593 932 4656 ipsa
979 4592 1171 4642 formae
1208 4590 1425 4641 finalitas
1464 4592 1508 4640 P
1543 4591 1835 4641 meditatiua
1877 4599 2082 4652 quartae
2110 4607 2153 4654 n,
2190 4589 2468 4654 (super-scr.
2499 4590 2687 4653 solius)
2727 4590 2845 4640 facit
2880 4592 2997 4657 ipsa

339 4693 342 4696 -
429 4660 591 4709 forma
640 4659 928 4711 finalitatem
978 4661 1142 4724 (corr.
1181 4661 1374 4711 formae
1410 4658 1654 4724 finalitas)
1688 4662 1738 4711 B
1875 4661 1942 4712 25
1987 4668 2037 4710 et
2070 4660 2359 4710 inchoatiua
2392 4677 2507 4711 esse
2536 4662 2713 4711 tertiae
2747 4660 2796 4708 P
2928 4662 2996 4712 28

426 4738 626 4778 coactas
656 4732 701 4778 Ρ
837 4733 904 4784 30
933 4729 1054 4798 sint]
1099 4741 1266 4781 essent
1292 4731 1401 4783 ΒΡ
1529 4732 1690 4781 solam
1727 4731 2134 4798 coniugationem
2165 4730 2439 4781 secundam
2474 4732 2523 4782 P
2658 4729 2723 4784 31
2756 4730 2943 4781 habent
2974 4737 2996 4781 t

427 4798 646 4850 habeant
682 4800 795 4849 BP
929 4809 1157 4852 carentes
1191 4801 1242 4850 P
