3541 5564
1498 362 1843 426 REGVLAE
2702 348 2717 428 ς
2838 361 2959 428 521

2572 485 2614 526 p.
2641 474 2755 514 2013.
2785 475 2833 513 ιι
2861 473 2904 512 v.

390 554 595 616 obrem
652 572 834 635 quare
895 556 1248 634 praesertim
1304 556 1445 613 item
1504 555 1763 632 itemque
1822 559 2089 612 ceterum
2142 552 2437 632 alioquin,
2505 553 2826 614 rationales
2884 556 2961 614 ita

391 643 588 721 itaque
645 642 804 700 enim
865 642 1169 700 enimvero
1225 641 1364 718 quia
1419 645 1783 719 quapropter
1839 640 2057 718 quippe
2114 640 2389 718 quoniam
2444 640 2964 719 quoniamquidem

390 745 532 804 ergo
588 727 771 803 igitur
831 725 965 786 ideo
1024 725 1248 785 idcirco
1307 724 1536 784 scilicet
1589 731 1926 803 propterea.
2017 742 2088 783 ex
2144 723 2237 784 his
2292 731 2352 783 et
2408 724 2735 803 copulativa
2782 725 2965 785 multa

389 811 703 888 significat.
794 829 968 890 saepe
1028 817 1224 870 autem
1281 811 1495 870 transit
1549 811 1608 868 in
1664 809 1910 869 alterius
1965 811 2229 887 speciem
2273 811 2609 887 potestatis:
2686 809 2858 869 modo
2904 812 2965 868 in

339 896 771 975 sexpletivam,
820 904 885 955 ut

694 988 763 1040 et
809 998 995 1060 quae
1046 987 1250 1040 tanta
1296 981 1444 1039 ruit
1486 979 1775 1039 Romam
1822 977 1962 1039 tibi
2010 997 2228 1039 causa
2276 979 2612 1040 videndi?

391 1066 563 1127 modo
609 1084 720 1146 pro
764 1065 1069 1145 qualitatis
1101 1066 1192 1125 vel
1237 1067 1618 1145 quantitatiS,
1651 1072 1716 1124 ut
1748 1066 2008 1124 ‘timeo
2040 1064 2322 1126 Danaos
2368 1072 2440 1125 et
2484 1065 2666 1125 dona
2710 1066 2964 1125 seren-

392 1153 558 1212 tis':
606 1152 780 1211 modo
825 1170 933 1230 pro
979 1150 1370 1218 (lisiunctiva,
1420 1158 1484 1210 ιιι

1096 1244 1166 1295 et
1210 1237 1597 1315 quisquam
1643 1253 1905 1295 numen
1951 1234 2259 1295 Iunonis
2302 1235 2565 1295 adorat

317 1345 365 1381 10
695 1328 1097 1400 praeterea
1144 1328 1265 1381 aut
1311 1319 1621 1400 supplex
1669 1322 1819 1380 aris
1863 1322 2165 1399 inponit
2208 1320 2602 1381 honorem?

392 1407 566 1466 modo
611 1425 720 1485 pro
766 1405 984 1466 causali
1031 1408 1302 1485 ponitur,
1349 1414 1414 1465 ut
1458 1406 1565 1464 ‘et
1609 1405 1813 1465 claro
1858 1405 2089 1465 silvas
2132 1424 2184 1465 c.
2218 1425 2270 1465 a.
2303 1410 2404 1466 m.’
2452 1425 2560 1485 pro
2592 1408 2761 1466 ‘nam
2808 1405 2968 1467 claro

393 1512 440 1551 S.
489 1511 541 1552 c.
590 1510 640 1552 a.
689 1493 794 1551 m.'
839 1511 877 1546 x·
946 1499 1010 1550 ut

1602 1593 1909 1654 quorum
1956 1571 2251 1654 Iphitus
2295 1569 2499 1636 aevo'

697 1664 832 1720 iam
880 1663 1218 1738 gravior,¹
1257 1659 1507 1720 Pelias
1553 1668 1623 1720 et
1668 1660 1979 1720 vulnere
2027 1660 2289 1721 tardus
2334 1660 2560 1731 Vlixi,

317 1767 365 1806 ιε»
393 1766 499 1826 pro
546 1748 760 1806 ‘etiam
815 1746 1056 1806 vulnere
1114 1745 1382 1806 tardus':
1442 1744 1613 1805 modo
1667 1764 1777 1824 pro
1833 1744 2115 1805 adverbio
2168 1747 2457 1825 accipitur
2512 1747 2855 1816 ordinandi,
2902 1756 2968 1807 ut

392 1832 845 1910 ‘corpusque
892 1831 1144 1891 lavant
1187 1832 1550 1908 frigentis
1594 1839 1667 1889 et
1713 1835 2054 1906 ungunt’‚
2102 1849 2211 1910 pro
2256 1831 2469 1891 deinde
2515 1839 2760 1910 ungunt.
2823 1835 2966 1892 item

393 1924 494 1976 aut
540 1919 877 1976 coniunctio
922 1917 1102 1978 multa
1149 1917 1460 1994 significat.
1549 1915 1720 1975 modo
1766 1917 1922 1974 enim
1968 1934 2077 1993 pro
2124 1915 2404 1976 adverbio
2451 1917 2827 1977 discretionis
2872 1936 2966 1978 ac-

393 2004 645 2080 cipitur,
693 2009 758 2060 ut

483 2156 487 2159 ⁴
696 2093 863 2146 ante
911 2084 1160 2146 urbem
1206 2088 1421 2165 pueri
1469 2093 1540 2145 et
1584 2087 1968 2165 primaevo
2015 2086 2206 2146 flore
2251 2089 2609 2147 iuventus

317 2195 366 2230 20
697 2178 1161 2231 exercentur
1206 2174 1419 2250 equis
1464 2171 1987 2250 domitantque
2023 2173 2091 2230 in
2139 2171 2444 2250 pulvere
2493 2190 2759 2232 currus

697 2264 820 2316 aut
866 2258 1061 2316 aeris
1109 2256 1424 2316 tendunt
1468 2274 1686 2316 arcus
1734 2265 1855 2316 aut
1902 2256 2100 2316 lenta
2149 2256 2463 2317 lacertis

697 2340 984 2420 spicula
1033 2349 1560 2420 contorquent:

396 2427 567 2486 modo
613 2445 720 2505 pro
765 2428 1051 2504 temporis
1095 2428 1553 2503 significatione,
1604 2433 1668 2485 ut

701 2519 823 2570 aut
869 2519 1038 2571 ante
1087 2530 1213 2570 ora
1259 2510 1467 2571 deum
1515 2513 1819 2590 pinguis
1865 2512 2239 2589 spatiatur
2285 2512 2368 2571 ad
2417 2531 2609 2580 aras,

319 2619 368 2656 ετ,
396 2597 454 2655 id
501 2603 591 2655 est
638 2614 792 2663 nuuc
838 2603 971 2656 ante
1017 2614 1120 2655 ora
1167 2596 1340 2655 deum
1389 2599 1675 2674 spatiatur
1721 2596 1792 2656 ad
1839 2615 2003 2666 aras:
2049 2598 2192 2656 item

1602 2689 1724 2740 aut
1770 2682 2057 2758 agmina
2101 2699 2325 2741 curru

697 2767 1030 2847 proterit
1075 2775 1196 2827 aut
1240 2774 1499 2845 raptas
1544 2764 2016 2844 fugientibus
2064 2768 2346 2844 ingerit
2392 2765 2668 2829 hastas·

565 2854 820 2930 Figurae
867 2854 1348 2912 coniunctionum
1404 2852 1550 2911 duae
1597 2859 1762 2921 sunt,
1822 2852 2102 2930 simplex,
2162 2859 2223 2910 ut
2270 2871 2432 2921 nam,
2502 2856 2845 2932 conposita,
2906 2864 2967 2914 ut

399 2957 670 3016 namque.
761 2938 905 2996 ordo
951 2939 1436 2997 coniunctionum
1484 2940 1543 2996 in
1588 2937 1700 2996 hoc
1747 2944 1865 3005 est,
1914 2939 2049 3015 quia
2098 2944 2195 2995 aut
2242 2939 2675 3017 praepositivae
2723 2941 2968 2999 coniun-

323 3043 372 3081 30
399 3024 626 3081 ctiones
671 3030 835 3090 suut,
887 3030 947 3082 ut
985 3022 990 3097 ἱ
1027 3030 1082 3082 at
1127 3031 1242 3091 ast,
1293 3030 1394 3087 aut
1437 3021 1875 3090 subiunctivae,
1926 3030 1989 3080 ut
2029 3041 2142 3101 que
2189 3031 2416 3089 autem,
2463 3031 2563 3083 aut
2607 3043 2967 3093 commune&

398 3116 461 3167 ut
508 3114 566 3167 et
614 3109 817 3184 igitur.
893 3115 1030 3166 sunt
1076 3111 1252 3168 etiam
1300 3108 1591 3167 dictiones
1647 3127 1793 3188 quas
1852 3109 2142 3167 incertum
2187 3116 2276 3168 est
2334 3119 2531 3168 utrum
2580 3112 2967 3188 praepositio-

397 3210 503 3251 nes
549 3212 620 3251 an
668 3190 948 3251 adverbia
994 3196 1394 3262 nominemus,
1443 3212 1590 3271 quae
1638 3200 1834 3252 tamen
1882 3211 2085 3252 omnes
2133 3193 2302 3252 l'acile
2349 3193 2761 3254 dinoscuntur.
2835 3212 2968 3254 nam

399 3284 456 3335 et
502 3278 951 3337 coniunctiones
1004 3278 1303 3355 proeliis
1362 3276 1879 3337 coniunctionibus
1942 3280 2171 3356 positae
2241 3280 2623 3338 inveniuntur
2678 3287 2966 3358 potestate

400 3369 638 3421 mutata.

322 3502 371 3539 35
992 3522 1001 3532 .
1307 3481 1402 3541 DE
1449 3479 2049 3541 PRAEPOSITlONE

569 3600 786 3659 Omnes
832 3602 1303 3679 praepositiones
1349 3600 1626 3660 dicuntur
1669 3600 2051 3676 generaliter.
2123 3604 2354 3681 species
2400 3609 2593 3661 autem
2641 3601 2767 3672 hae,
2816 3602 2965 3662 aliae

399 3686 795 3754 accusativae,
842 3685 987 3745 aliae
1034 3685 1350 3754 ablativae,
1399 3685 1544 3745 aliae
1591 3688 1920 3764 utriusque.
1991 3689 2355 3746 accusativae
2400 3704 2508 3765 per
2553 3705 2751 3746 casum
2797 3706 2966 3746 accu-

538 3891 569 3937 2
604 3891 841 3952 quoniam
879 3904 970 3941 om.
1007 3890 1055 3938 F
1190 3887 1223 3937 3
1263 3896 1311 3937 et
1346 3884 1653 3953 copulativa]
1697 3890 1855 3942 Diem.
1881 3905 1938 3951 p.
1975 3890 2096 3953 417,
2140 3891 2163 3941 l
2305 3893 2336 3939 4
2368 3892 2415 3939 in
2451 3889 2705 3955 expletiua
2747 3898 2799 3938 ut
2838 3906 2967 3952 quae

397 3961 475 4009 F:
511 3961 669 4025 Ver-9..
707 3960 868 4009 bucol.
906 3960 953 4011 1.
991 3958 1058 4008 26
1232 3958 1266 4008 0
1304 3959 1511 4008 uidendi
1542 3973 1584 4007 s,
1624 3968 1659 4011 t.
1700 3975 1747 4011 c.
1788 3975 1838 4011 u.
1881 3975 1928 4007 u.
1972 3975 2062 4026 pro
2098 3962 2148 4009 F
2175 3960 2384 4010 uidendi
2423 3976 2512 4027 pro
2550 3976 2584 4015 ς
2755 3962 2784 4009 7
2812 3961 2967 4008 timeo

400 4031 589 4078 danaos
632 4038 680 4078 et
719 4030 852 4077 dona
899 4027 1118 4077 ferentes
1160 4029 1276 4077 item
1325 4039 1410 4077 aut
1456 4030 1739 4078 coniunctio
1778 4043 1812 4085 ς
1859 4030 2008 4078 timeo
2061 4031 2194 4079 dona
2230 4029 2440 4080 ferentis
2478 4032 2706 4095 proximo
2744 4031 2860 4079 item
2900 4031 2967 4078 ai]

398 4100 681 4149 coniunctio
717 4100 792 4150 F.-
827 4099 983 4162 Very.
1024 4097 1155 4151 Aen.
1183 4099 1225 4146 11
1257 4098 1342 4149 49.
1375 4101 1570 4163 reliqua
1601 4107 1648 4147 et
1679 4100 2033 4148 coniunctionis
2068 4102 2299 4163 exempla
2332 4115 2490 4162 supra
2518 4116 2572 4162 p.
2603 4101 2721 4162 519,
2751 4100 2817 4149 39
2852 4102 2899 4149 in
2925 4099 2975 4147 F

398 4174 591 4233 scripta
626 4171 718 4218 huc
753 4169 1066 4231 transposuit
1099 4167 1362 4218 Putsclzius
1497 4167 1532 4216 9
1565 4177 1614 4217 et
1647 4184 1739 4219 om.
1780 4170 1855 4218 F.-
1899 4171 2054 4234 Very.
2099 4171 2228 4220 Aen.
2270 4170 2287 4216 1
2324 4169 2393 4220 48
2532 4170 2747 4218 iunionis
2788 4170 2837 4218 [ι’

400 4241 576 4290 adoret
611 4240 878 4289 Putselzius
1047 4238 1111 4288 10
1141 4247 1410 4303 propterea
1446 4238 1495 4286 F
1629 4240 1854 4303 imponet
1891 4254 1923 4295 ς
2068 4239 2127 4289 11
2166 4250 2214 4289 et
2249 4254 2339 4290 om.
2370 4240 2438 4288 F:
2479 4249 2528 4288 et
2556 4239 2688 4287 claro
2722 4265 2791 4275 —-
2823 4254 2870 4287 a.
2901 4252 2968 4289 m.

401 4318 454 4356 ut
488 4326 581 4362 om.
607 4323 668 4365 ς.·
712 4309 767 4356 V
763 4324 870 4373 erg.
908 4323 1083 4372 yconq.
1122 4309 1140 4356 1
1178 4308 1298 4359 460.
1337 4310 1590 4359 lamnam.
1621 4325 1719 4371 qna
1758 4310 1890 4357 alius
1921 4310 2295 4372 significationis
2330 4310 2550 4372 definitio
2586 4308 2802 4371 excidit,
2840 4308 2967 4356 indi-

401 4380 513 4428 cavi
653 4380 716 4430 12
752 4376 827 4443 ut]
881 4390 930 4426 et
960 4377 1007 4425 F
1145 4378 1208 4428 13
1245 4393 1456 4440 quorum
1497 4379 1715 4442 impetus
1756 4379 1948 4426 seuiam
1986 4379 2194 4444 grauior
2231 4381 2405 4443 paleas
2444 4388 2491 4428 et
2530 4378 2735 4426 uulnere
2775 4377 2968 4426 tardius

403 4448 507 4498 uixi
549 4449 618 4499 F.-
658 4450 815 4512 Very.
855 4448 987 4496 Aen.
1027 4448 1066 4495 ll
1107 4446 1208 4498 4:35
1348 4448 1412 4498 1ss
1443 4444 1747 4513 corpusque]
1801 4449 1956 4511 Ver-9,
1990 4449 2121 4496 Aen.
2160 4450 2221 4496 Vl
2263 4449 2363 4498 219
2502 4448 2754 4513 lig-mentis
2792 4455 2841 4496 et
2874 4462 2969 4495 un-

404 4528 564 4584 guum
607 4532 697 4581 pro
743 4518 860 4566 inde
898 4525 1129 4581 unguunt
1161 4518 1211 4565 F
1347 4517 1408 4566 17
1445 4525 1531 4564 aut
1566 4515 1876 4582 coniunctio]
1913 4518 2070 4570 Diom.
2098 4533 2152 4579 p.
2182 4519 2300 4575 417,
2338 4519 2405 4566 29
2546 4517 2610 4567 19
2645 4526 2761 4565 ante
2796 4518 2962 4565 orbetr

405 4590 545 4651 pueri
596 4595 645 4635 et
692 4588 852 4651 prima
891 4586 1078 4636 euoflia
1118 4595 1168 4634 ut
1215 4586 1343 4633 caris
1391 4600 1538 4634 arcus
1575 4594 1660 4633 aut
1699 4586 1832 4634 lenta
1870 4589 1904 4635 l.
1943 4604 1986 4637 s.
2027 4603 2069 4636 c.
2104 4596 2152 4635 et
2193 4596 2278 4634 aut
2314 4586 2446 4635 uersi
2484 4594 2628 4651 terga
2664 4587 2848 4636 dedere
2884 4597 2965 4636 aut

409 4659 518 4721 ipso
558 4664 698 4720 porte
728 4657 874 4706 Modo
917 4672 1007 4723 pro
1046 4656 1212 4721 temps·
1244 4655 1610 4721 significantes,
1649 4670 1749 4708 um.
1789 4656 1855 4705 et'.
1894 4666 1982 4705 aut
2020 4667 2135 4706 ante
2173 4658 2242 4706 F:
2291 4658 2445 4719 Vera.
2486 4657 2615 4705 Aen.
2646 4656 2732 4704 Vll
2774 4656 2871 4707 162

403 4726 471 4775 23
510 4740 600 4790 pro
638 4735 862 4791 tempore
897 4726 1149 4791 significat
1187 4734 1238 4772 ut
1276 4737 1361 4775 aut
1403 4733 1516 4774 ante
1553 4737 1613 4780 ςε
1661 4727 1816 4790 Ver-9.
1858 4727 1986 4775 Aen.
2030 4727 2119 4776 llll
2156 4725 2223 4774 02
2356 4726 2423 4774 ad
2459 4741 2571 4774 aras
2610 4727 2661 4777 d.
2701 4741 2754 4790 p.
2784 4741 2828 4778 s,
2858 4741 2887 4773 a
2916 4742 2964 4778 a.

407 4796 461 4845 id
497 4804 572 4844 est
595 4796 644 4844 F
668 4797 729 4845 ad
770 4811 884 4846 aras
923 4800 1170 4845 instaurat
1205 4796 1352 4845 donis
1385 4796 1560 4860 epulas
1597 4796 1646 4844 id
1685 4804 1759 4844 est
1795 4812 1827 4851 ς
1943 4796 2012 4846 26
2047 4806 2131 4845 aut
2168 4797 2360 4863 agmini
2399 4812 2544 4844 curu-o
2582 4797 2765 4862 pererit
2790 4806 2875 4845 aut
2897 4796 2970 4849 F.-

416 4868 571 4930 Vera.
608 4868 736 4918 Aen.
779 4865 872 4915 ΧΗ
910 4866 1012 4917 329
1117 4866 1182 4915 35
1219 4881 1281 4914 ne
1322 4880 1754 4917 paeposmomeus
1793 4867 1841 4913 F

507 4955 860 4997 ςιιΑΜΜΑτισι
891 4956 1070 4998 mrim
1101 4956 1155 5000 v,
2485 4951 2569 5015 34
