3541 5564
1123 328 1522 391 EXCERPTA
1571 327 1975 388 BOBlENSlA
2032 326 2294 386 11——17
2345 348 2346 351 ¹
2875 326 2999 390 639

2615 449 2656 489 p.
2687 439 2772 477 152.
2800 439 2850 477 53
2881 436 2933 477 V.

415 520 611 581 addita
656 539 788 580 mus
832 518 1085 598 syllaba,
1132 524 1287 580 amat
1332 535 1626 584 amamus,
1674 526 1873 576 monet
1920 534 2255 584 monemuS,
2304 516 2449 594 legit
2493 516 2772 593 legimuS,
2835 519 2999 579 audit

414 623 703 682 audimus.
793 621 1050 681 secunda
1096 637 1329 699 quoque
1374 636 1627 698 persona
1673 618 1938 678 eiusdem
1985 620 2217 678 numeri
2276 637 2344 677 ex
2393 619 2595 679 eadem
2656 622 2830 680 tertia
2878 623 2995 681 sor—

413 732 606 785 matur
651 725 702 783 is
747 722 939 783 addita
972 721 1209 801 syllaba,
1258 730 1321 781 ut
1359 729 1512 780 amat
1557 722 1787 789 amatiS,
1834 728 2037 780 monet
2067 722 2338 788 monetis,
2386 720 2530 797 legit
2567 721 2785 798 legitiS,
2834 723 2998 782 audit

413 826 652 887 auditis.
728 843 838 884 nec
894 843 1010 884 non
1069 827 1245 883 etiam
1291 825 1469 883 tertia
1525 841 1781 901 persona
1825 821 2070 900 pluralis
2116 841 2147 880 a
2194 823 2365 881 tertia
2411 823 2830 901 procreabitur
2875 826 2995 883 sin-

360 947 385 985 5
411 928 602 1007 gulari
648 930 709 988 in
754 927 943 1006 prima
990 926 1228 1004 quidem
1275 932 1333 985 et
1378 925 1635 987 secunda
1670 922 2187 1001 coniugationibus
2231 943 2268 982 n
2313 924 2510 984 littera
2555 933 2687 984 ante
2737 933 2759 984 t
2801 928 2995 986 novis-

411 1033 619 1091 simam
667 1029 1030 1108 interposita,
1081 1036 1158 1091 ut.
1189 1037 1344 1088 amat
1389 1036 1604 1096 amant,
1652 1034 1853 1086 monet
1897 1033 2166 1095 mouent;
2215 1027 2273 1083 in
2321 1027 2496 1085 tertia
2527 1045 2665 1086 vero
2711 1028 2996 1106 producta

412 1141 471 1193 et
515 1133 609 1192 bis
651 1131 849 1192 verbis
892 1150 1041 1212 quae
1092 1132 1301 1190 tertiae
1346 1137 1659 1207 correptae
1707 1132 1766 1188 in
1815 1131 1872 1188 io
1918 1134 2134 1188 exeunt
2177 1134 2312 1187 ante
2377 1135 2399 1186 t
2441 1127 2702 1188 litteram
2755 1148 2794 1189 u
2853 1138 2913 1189 et
2959 1149 2995 1189 n

412 1236 811 1313 interpositiS,
871 1242 936 1293 ut
991 1232 1211 1292 dormit
1256 1232 1586 1301 dormiunt,
1638 1234 1795 1310 rapit
1839 1232 2112 1308 rapiunt;
2172 1230 2234 1288 in
2303 1230 2476 1289 tertia
2522 1249 2661 1290 vero
2706 1243 2994 1309 correpta,

412 1338 688 1415 quotiens
732 1343 866 1395 ante
899 1354 932 1394 o
976 1334 1294 1395 habuerint
1338 1340 1778 1401 consonantem,
1826 1334 1847 1391 i
1894 1332 2077 1392 vocali
2122 1331 2388 1391 ciusdem
2434 1335 2646 1392 tertiae
2681 1333 2996 1410 singularis

338 1441 556 1498 minu
603 1447 663 1498 et
708 1457 745 1498 n
792 1454 1075 1497 conversa
1122 1436 1452 1513 Iisdemque
1498 1443 1631 1495 ante
1678 1442 1701 1495 t
1745 1435 2002 1494 litteram
2035 1433 2350 1502 collocatis,
2399 1441 2462 1492 ut
2506 1437 2698 1494 currit
2727 1444 2993 1504 currunt,

412 1541 557 1618 legit
602 1539 824 1616 legunt.
916 1557 1088 1598 omne
1134 1538 1529 1616 praeteritum
1576 1537 1970 1614 inperfectum
2018 1535 2281 1596 eiusdem
2329 1536 2486 1595 modi
2532 1555 2642 1615 per
2685 1538 2996 1597 universas

411 1643 859 1719 coniugationes
906 1640 1041 1700 bam
1087 1639 1307 1718 syllaba
1354 1640 1728 1706 terminatur,
1778 1636 2265 1697 antecedentibus
2309 1638 2373 1696 in
2420 1639 2610 1714 prima
2657 1639 2894 1717 quidem
2943 1637 3018 1707 a,

410 1746 471 1804 in
519 1743 775 1804 secunda
821 1761 961 1802 vero
1008 1750 1068 1801 et
1113 1743 1287 1803 tertia
1336 1749 1609 1819 correpta
1654 1762 1685 1799 c
1729 1739 2046 1808 vocalibus,
2094 1748 2225 1817 post
2257 1748 2677 1800 consonantem
2723 1741 2996 1802 thematis

410 1847 521 1914 sui,
572 1854 636 1905 ut
681 1863 811 1904 amo
855 1844 1142 1912 amabam,
1191 1862 1402 1912 moneo
1446 1841 1781 1911 monebam,
1829 1842 1962 1901 dico
2008 1840 2311 1909 dicebam3
2358 1842 2418 1900 in
2465 1844 2640 1901 tertia
2671 1861 2811 1902 vero
2858 1861 2992 1923 pro-

334 1963 382 2003 15
410 1949 602 2017 ducta,
651 1947 754 2008 sed
802 1954 862 2006 et
906 1954 1197 2024 correpta,
1236 1940 1519 2025 'quotiens
1551 1944 1808 2005 vocalem
1854 1952 1988 2003 ante
2035 1963 2069 2001 o
2114 1942 2347 2009 babeat,
2396 1962 2513 2003 non
2555 1953 2992 2013 consonantem,

409 2050 616 2111 eadem
661 2046 930 2127 quidem,
980 2048 1040 2107 id
1087 2058 1177 2107 est
1221 2067 1273 2115 e,
1321 2049 1740 2126 praeveniente
1787 2045 2001 2113 vocali,
2071 2045 2174 2105 sed
2221 2054 2352 2124 post
2397 2046 2817 2124 paenultimam
2866 2047 2993 2107 tbe-

408 2153 584 2213 matis
626 2152 719 2211 sui
765 2149 1051 2219 vocalem,
1101 2157 1165 2210 ut
1209 2150 1386 2210 audio
1432 2148 1764 2216 audiebam,
1814 2149 1981 2225 rapio
2029 2128 2362 2225 rapiebam,
2411 2165 2594 2224 arguo
2640 2148 2991 2225 arguebam;

408 2255 524 2314 nisi
570 2253 729 2333 quod
775 2254 834 2311 in
883 2253 1057 2312 tertia
1102 2251 1389 2330 producta
1435 2269 1551 2309 non
1599 2268 1918 2328 numquam
1963 2250 2256 2308 suavioris
2301 2252 2492 2326 gratia
2539 2252 2667 2309 soni
2700 2250 2992 2311 subducta

408 2377 439 2416 e
486 2355 669 2415 vocali
717 2356 1036 2433 profertur,
1086 2361 1149 2411 ut
1192 2361 1281 2412 est
1334 2352 1633 2412 nutribam
1692 2351 1869 2411 ibam.
1962 2350 2344 2429 eiusdemque
2402 2354 2689 2429 temporis
2734 2353 2990 2413 secunda

331 2476 381 2511 *ιο
406 2476 660 2538 persona
704 2477 762 2516 m
808 2458 868 2515 in
916 2476 972 2524 s,
1034 2456 1209 2514 tertia
1273 2474 1299 2513 s
1352 2456 1414 2515 in
1473 2464 1493 2513 t
1551 2472 1831 2514 conversa
1878 2452 2262 2520 formabitur,
2334 2460 2396 2511 ut
2442 2453 2709 2514 amabam
2755 2453 2993 2515 amabas

409 2561 671 2629 amabat,
720 2557 1031 2619 monebam
1076 2555 1359 2616 monebas
1418 2555 1724 2625 monebat,
1783 2554 2051 2633 legebam
2107 2553 2346 2631 legebas
2399 2554 2653 2631 legebat.
2741 2556 2992 2634 pluralis

409 2670 605 2722 autem
653 2662 885 2721 numeri
942 2678 1192 2739 persona
1240 2661 1428 2737 prima
1488 2678 1559 2717 ex
1605 2660 1795 2737 prima
1851 2657 2136 2734 singulari
2195 2663 2473 2717 nascetur
2517 2656 2711 2716 addita
2759 2676 2827 2717 us
2873 2658 2988 2738 syl-

404 2763 556 2832 laba,
604 2772 669 2824 ut
715 2762 983 2825 amabam
1030 2760 1387 2829 amabamus,
1431 2760 1716 2821 docebam
1781 2758 2155 2827 docebamus,
2204 2756 2514 2818 audiebam
2582 2758 2988 2830 audiebamus,

408 2864 673 2942 legebam
720 2864 1093 2942 legebamus;
1162 2864 1418 2925 secunda
1467 2882 1604 2923 vero
1651 2883 1721 2922 ex
1767 2864 1956 2941 prima
2003 2881 2134 2921 mus
2178 2862 2382 2921 ultima
2415 2862 2474 2921 in
2512 2862 2584 2920 tis
2614 2871 2988 2932 commutata,

332 2981 382 3018 ²5
408 2966 748 3027 amabamus
800 2965 1119 3034 amabatis,
1180 2966 1535 3026 docebamus
1591 2964 1923 3032 ducebatis,
1986 2963 2372 3024 audiebamus
2418 2963 2766 3033 audiebatiS,
2829 2963 2988 3042 lege·-

408 3068 613 3128 bamns
655 3066 963 3144 legebatis
1041 3071 1213 3128 tertia
1260 3068 1583 3145 singularis
1630 3067 1918 3146 pluralem
1969 3070 2205 3126 tertiam
2252 3064 2481 3125 creabit
2525 3085 2562 3124 n
2610 3066 2807 3125 littera
2853 3074 2988 3127 ante

408 3181 429 3230 t
486 3169 719 3229 finalem
783 3171 1166 3246 interposita,
1238 3179 1301 3229 ut
1357 3169 1592 3230 amabat
1647 3168 1948 3235 amabant,
2020 3168 2269 3228 docebat
2324 3167 2641 3236 docebant,
2711 3168 2990 3229 audiebat

406 3271 743 3339 audiebant,
790 3268 1024 3346 legebat
1067 3269 1358 3346 legebant.
1412 3269 1417 3346 Ι
1470 3289 1641 3330 omne
1699 3272 2088 3348 praeteritum
2153 3273 2483 3349 perfectum
2533 3272 2787 3329 activum
2833 3271 2986 3330 indi-

406 3375 581 3435 cativi
625 3373 785 3432 modi
831 3375 1059 3451 primae
1108 3392 1395 3450 personae
1444 3375 1506 3431 in
1553 3374 1570 3431 i
1617 3372 1875 3432 litteram
1924 3371 2163 3441 desinit,
2213 3375 2308 3432 cni
2357 3373 2605 3433 adiectis
2648 3370 2844 3431 tribus
2889 3372 2985 3432 lit-

325 3492 375 3529 210
408 3478 554 3536 teris
597 3475 693 3536 sti
737 3475 840 3534 fiet
879 3474 1153 3543 secunda,
1203 3483 1269 3535 ut
1299 3476 1461 3534 secui
1491 3475 1754 3542 secuisti,
1804 3475 2002 3533 monui
2036 3476 2333 3544 monuisti,
2395 3475 2619 3534 nutrivi
2664 3475 2984 3543 nutrivisti,

406 3578 535 3654 lego
593 3577 808 3654 legisti.
911 3574 1014 3636 sed
1071 3577 1374 3636 interdum
1431 3578 1487 3635 vi
1543 3574 1794 3654 syllaba,
1875 3593 2007 3635 cum
2065 3575 2258 3636 finalis
2315 3584 2407 3636 est
2461 3594 2707 3653 eamque
2773 3574 2987 3638 vocalis

403 3681 725 3761 praecedit,
774 3678 1162 3746 subtrahitur,
1211 3686 1276 3737 ut
1317 3679 1618 3737 nutrivisti
1665 3678 1938 3746 nutristi,
1996 3679 2262 3739 amavisti
2306 3678 2535 3738 amasti.
2623 3695 2740 3735 non
2790 3683 2985 3737 tamen

404 3801 639 3861 semper
683 3782 792 3841 boc
837 3782 969 3840 fieri
1012 3799 1255 3840 necesse
1303 3792 1419 3838 est:
1470 3799 1604 3839 nam
1650 3787 1787 3839 sunt
1832 3779 2050 3858 quibus
2097 3772 2399 3858 εὐφωνιά
2442 3785 2823 3838 memoratam
2869 3779 2981 3858 syl-

401 3883 595 3945 labam
639 3881 890 3943 subduci
935 3884 1177 3943 minime
1225 3886 1468 3961 patitur,
1518 3890 1583 3942 nt
1628 3883 1834 3942 cavisti
1881 3884 2127 3959 pavisti;
2188 3884 2334 3942 casti
2382 3884 2529 3959 pasti
2577 3899 2694 3941 non
2742 3880 2978 3942 dicitur.

325 3999 374 4035 ³5
403 3986 597 4046 eidem
650 3985 879 4063 primae
936 3993 957 4043 t
1012 3983 1211 4045 littera
1258 3984 1484 4044 adiecta
1532 3985 1632 4043 liet
1678 3985 1882 4052 tertia,
1941 3985 2127 4044 amavi
2185 3986 2427 4051 amavit,
2486 3985 2687 4043 monui
2733 3985 2981 4053 monuit,

402 4088 599 4148 andivi
648 4085 887 4154 audivit,
935 4086 1054 4162 legi
1099 4085 1261 4163 legit.
1355 4106 1423 4146 ex
1472 4085 1676 4146 eadem
1723 4088 1916 4144 oritur
1963 4095 2021 4144 et
2065 4089 2254 4164 prima
2301 4086 2546 4163 pluralis
2606 4085 2802 4144 addita
2847 4104 2979 4145 mus

402 4189 646 4270 syllaba,
695 4196 760 4248 ut
804 4189 966 4247 secui
1014 4190 1337 4256 semirutis,
1400 4188 1570 4247 docui
1618 4187 1959 4255 docuimus,
2008 4187 2203 4247 audivi
2250 4187 2606 4255 audivimuS,
2667 4186 2784 4262 legi
2833 4187 2996 4264 legi-'

533 4413 564 4459 4
590 4411 935 4475 procia-abitur
959 4409 1009 4456 iu
1040 4408 1287 4472 singulari
1312 4408 1363 4456 B
1503 4408 1565 4457 10
1588 4408 1869 4469 iisdemque
1895 4409 1975 4459 ed.
2012 4407 2162 4460 Vinci.
2192 4407 2519 4469 eiusdemque
2543 4406 2592 4456 B
2720 4408 2779 4455 11
2808 4406 2982 4470 legunt

400 4495 511 4527 amo
538 4495 675 4527 amas
703 4489 836 4526 amat
861 4491 1089 4525 :nummis
1115 4478 1293 4526 annuis
1320 4485 1489 4524 amant
1514 4490 1696 4524 moneo
1724 4490 1901 4525 mones
1928 4489 2100 4525 monet
2124 4490 2390 4525 monemus
2416 4475 2632 4524 monetis
2657 4486 2864 4524 monent
2886 4490 2976 4522 au-

401 4548 483 4596 dio
510 4548 652 4596 audis
678 4546 821 4594 audit
846 4545 1081 4593 audimus
1109 4546 1294 4592 auditis
1320 4545 1530 4593 audiunt
1559 4544 1670 4608 lego
1696 4544 1825 4606 legis
1853 4544 1972 4607 legit
1999 4545 2213 4604 legimns
2242 4543 2409 4606 legitis
2435 4543 2609 4604 legunt
2634 4558 2703 4591 m:
2734 4557 2977 4591 runem:-

400 4630 530 4664 mro
569 4629 916 4664 mmmmm-o
956 4629 1093 4662 nom
1143 4626 1465 4661 murem-lm
1515 4626 1708 4661 Ac'rnn
1746 4611 1814 4661 B.
1865 4613 2132 4661 eorundem
2169 4612 2429 4662 verborum
2469 4613 2665 4673 lbi-mas
2699 4618 2818 4674 pose
2853 4612 2979 4661 reli—

400 4699 603 4746 quorum
650 4699 841 4748 quoque
895 4683 1149 4732 modorum
1193 4688 1242 4728 et
1290 4690 1560 4744 temporum
1608 4682 1925 4743 definitiones
1966 4681 2019 4729 in
2056 4680 2105 4730 B
2151 4687 2445 4729 constanter
2481 4680 2687 4728 additas·
2723 4687 2772 4727 et
2810 4681 2980 4730 titulos

400 4753 704 4813 temporibus
750 4754 811 4800 de
858 4750 1032 4816 quibus
1080 4756 1332 4799 tractatur
1374 4751 1665 4814 plerumque
1706 4749 2062 4813 praescriptos
2116 4750 2259 4798 omisi
2416 4750 2480 4796 33
2537 4744 2740 4812 quibus]
2793 4748 2978 4808 quibus

402 4818 584 4879 quibus
608 4820 652 4866 Β
