3541 5564
1389 335 1865 400 COMMENTVM
2801 332 2923 399 241

2575 458 2601 483 ‚.
2629 444 2808 486 ase-28
2834 443 2881 485 L.

341 536 590 608 temptat
631 526 862 589 Probus
906 534 1134 589 mutare
1179 526 1292 587 hoc
1336 528 1549 606 ipsum,
1597 534 1663 586 ut
1705 524 1866 586 dicas
1910 524 2041 585 fero
2072 523 2199 594 tuli,
2246 525 2350 585 sed
2381 525 2432 585 si
2462 457 2591 586 serg
2633 525 2738 586 tuli
2768 526 2926 596 facit,

338 629 479 691 tollo
526 630 665 710 quid
710 628 893 691 habes
937 628 1172 690 dicere?
1218 647 1334 708 quo
1380 627 1556 689 modo
1603 629 1716 688 erit
1759 628 2147 707 praeteritum
2195 628 2460 707 tempus?
2504 627 2606 688 sed
2654 628 2782 690 sero
2824 628 2926 689 de-

336 733 457 793 ficit
500 733 821 812 praeterito
875 739 1165 811 tempore.
1256 748 1399 809 ergo
1457 736 1544 790 tot
1600 728 1792 790 modis
1844 727 2025 791 verba
2072 729 2379 799 deficiunt,
2438 738 2584 809 quot
2639 738 2776 792 sunt
2828 731 2928 792 illa

336 852 488 914 quae
534 834 812 896 accidunt
856 832 1071 895 verbis,
1163 831 1339 913 plane
1383 832 1536 902 scire
1583 830 1867 894 debemus
1912 832 2087 892 etiam
2132 830 2532 912 inpersonalia
2578 832 2758 895 verba
2803 833 2926 914 ple—

285 953 311 993 5
337 954 593 1014 rumque
638 935 910 1011 deficere,
960 943 1026 998 ut
1067 944 1210 1015 puta
1254 935 1456 1014 liquet.
1550 943 1608 996 ει
1653 935 1923 995 novimus
1967 932 2347 1013 inpersonale
2392 933 2637 996 verbum
2684 954 2928 997 currere

335 1059 447 1119 per
494 1058 702 1100 omnes
747 1038 976 1108 modoS,
1023 1037 1239 1117 legitur
1283 1036 1514 1115 legatur
1567 1038 1795 1097 utinam
1839 1036 2141 1115 legeretur
2197 1055 2332 1096 cum
2390 1035 2640 1117 legatur.
2731 1044 2927 1099 tamen

335 1143 722 1203 inveniuntur
767 1143 940 1203 etiam
989 1137 1388 1220 inpersonalia
1433 1136 1614 1199 verba
1659 1156 1810 1218 quae
1857 1137 2152 1205 deficiunt,
2204 1145 2269 1198 ut
2297 1137 2507 1217 liquet:
2559 1156 2691 1199 nam
2727 1138 2926 1217 liquet,

336 1243 395 1303 id
444 1252 533 1304 est
577 1244 957 1304 manifestum
1005 1252 1111 1312 εει,
1160 1250 1223 1302 ιιι
1267 1248 1359 1301 εει
1402 1238 1576 1309 illud,
1624 1239 1901 1319 ‘liquet
1952 1238 2127 1301 mihi
2175 1239 2695 1319 degenerarc'.
2788 1243 2927 1303 item

337 1348 586 1407 miseret
630 1344 988 1431 defectivum*
1030 1351 1145 1414 est,
1194 1343 1334 1404 licet
1374 1340 1749 1422 inpersonale
1795 1344 1890 1403 sit.
1941 1341 1946 1417 ξ

265 1549 313 1587 10
1379 1512 1475 1574 DE
1520 1511 1895 1574 ADVERBlO

510 1635 872 1697 Adverbium
904 1642 1018 1704 est,
1051 1635 1160 1704 ait,
1202 1634 1344 1713 pars
1373 1634 1660 1693 orationis
1690 1624 1875 1702 dicta,
1921 1633 2201 1709 quoniam
2230 1653 2471 1714 semper
2500 1636 2773 1714 sequitur
2804 1655 2933 1697 ver·
2960 1637 3075 1698 415,
3106 1634 3133 1684 7

337 1737 500 1798 bum.
527 1722 685 1798 xideo
717 1735 1047 1817 appellatur
1078 1734 1454 1804 adverbium,
1503 1753 1619 1795 non
1653 1735 1932 1814 quoniam
1963 1733 2208 1796 verbnm
2253 1737 2522 1815 sequitur
2567 1737 2931 1808 adverbium,
2957 1704 3077 1832 ἓξὲξ
3104 1706 3169 1821 ἷθ

337 1839 444 1901 sed
478 1841 756 1919 quoniam
804 1838 1147 1900 adverbium
1191 1838 1457 1915 sequitur
1503 1837 1769 1898 verbum.
1819 1855 1957 1898 nam
2004 1844 2195 1917 potest
2240 1856 2374 1899 esse
2419 1839 2662 1901 verbum
2709 1848 2768 1901 et
2813 1860 2932 1902 non

339 1960 468 2002 esse
514 1940 890 2009 adverbium;
951 1960 981 2001 e
1036 1941 1338 2001 contrario
1397 1957 1514 1999 non
1570 1945 1765 2018 potest
1821 1956 1951 1999 esse
2009 1938 2355 2002 adverbium
2399 1942 2529 2002 sine
2573 1941 2774 2003 verbo.
2865 1926 2924 2004 ul

263 2070 311 2106 ιτ»
339 2050 482 2125 puta
528 2043 763 2123 quando
810 2042 941 2103 dico
988 2043 1224 2103 ‘orator
1271 2040 1462 2110 secit’,
1520 2039 1693 2120 plena
1744 2049 1833 2102 est
1878 2039 2162 2104 elocutio:
2232 2051 2433 2104 orator
2489 2062 2736 2114 nomen,
2796 2046 2935 2106 fecit

340 2145 587 2207 verbum
621 2152 742 2213 est;
793 2163 930 2206 ecce
962 2144 1075 2204 hoc
1120 2143 1251 2204 loco
1297 2143 1643 2205 adverbium
1673 2161 1795 2223 ‘non
1829 2151 1943 2214 est,
1993 2150 2052 2204 et
2095 2151 2292 2205 tamen
2332 2143 2507 2225 plena
2540 2154 2629 2207 εει
2659 2145 2932 2208 elocutio.
3004 2164 3011 2171 ·

342 2266 489 2326 ergo
520 2256 717 2328 potest
750 2265 880 2308 esse
910 2245 1085 2326 plena
1120 2244 1393 2315 elocutio,
1431 2245 1528 2306 ubi
1559 2249 1635 2307 sit
1666 2264 1884 2306 nomen
1917 2257 1976 2306 et
2008 2246 2279 2317 verbum,
2315 2248 2543 2308 etiamsi
2575 2266 2692 2309 non
2725 2251 2801 2309 sit
2832 2250 2932 2309 ad-

342 2349 628 2411 verbium.
691 2370 722 2410 e
765 2350 1064 2410 contrario
1111 2347 1212 2408 ubi
1255 2356 1344 2409 est
1372 2348 1743 2416 adverbium,
1789 2367 1909 2409 non
1940 2357 2078 2409 ante
2108 2355 2302 2428 potest
2333 2367 2466 2410 esse
2498 2349 2785 2424 elocutio,
2821 2353 2935 2411 nisi

339 2461 630 2533 sequatur
662 2451 929 2513 verbum.
978 2459 1115 2530 puta
1147 2455 1374 2512 ‘orator
1404 2454 1592 2518 cras’;
1629 2467 1767 2511 ecce
1801 2459 2002 2512 orator
2039 2469 2258 2513 nomen
2289 2459 2397 2523 est,
2428 2470 2562 2513 cras
2593 2452 2934 2514 adverbium

259 2564 455 2630 2o,est,
510 2563 568 2615 et
614 2563 811 2616 tamen
841 2554 1034 2615 adhuc
1079 2553 1301 2635 aliquid
1332 2553 1526 2623 deest,
1577 2555 1689 2614 nisi
1720 2552 2020 2616 addideris
2050 2552 2315 2615 verbum.
2380 2572 2520 2634 ergo
2550 2554 2684 2615 ideo
2717 2554 2937 2618 dictum

342 2667 436 2719 est
480 2655 855 2725 adverbium,
918 2658 1193 2736 quoniam
1241 2674 1359 2717 non
1417 2662 1612 2734 potest
1668 2674 1797 2717 esse
1853 2657 1982 2717 sine
2039 2655 2236 2718 verbo.
2330 2659 2510 2737 nequi
2553 2657 2661 2719 tibi
2703 2658 2860 2720 dicat
2904 2679 2937 2720 e

339 2760 645 2822 contrario
690 2758 824 2821 ideo
872 2775 1002 2821 esse
1046 2758 1323 2828 verbum,
1374 2758 1651 2838 quoniam
1681 2756 2024 2820 adverbium
2060 2759 2350 2836 sequitur.
2414 2776 2557 2839 ergo
2588 2759 2932 2823 adverbium

341 2870 435 2924 est
479 2880 617 2942 pars
662 2863 947 2923 orationis
992 2861 1179 2931 (licta,
1227 2862 1506 2941 quoniam
1553 2879 1791 2941 semper
1837 2863 2104 2943 sequitur
2153 2860 2415 2924 verbum.
2467 2863 2473 2939 ξ

513 2962 805 3024 Adverbia
870 2965 1069 3024 omnia
1136 2972 1236 3026 aut
1296 2982 1328 3023 a
1393 2981 1456 3023 εε
1515 2963 1814 3033 oriuntur,
1873 2972 1973 3024 aut
2030 2962 2103 3023 ab
2157 2960 2287 3024 aliis
2340 2962 2609 3043 partibus
2675 2967 2931 3027 veniunt,
2962 2974 3079 3034 438,
3111 2976 3171 3023 13

258 3092 317 3131 25
343 3065 608 3146 plurima
654 3073 793 3126 sunt
839 3064 1112 3126 adverbia
1146 3083 1298 3145 quae
1344 3064 1691 3125 naturaliter
1734 3084 1765 3124 a
1815 3084 1879 3126 se
1924 3073 2059 3126 nata
2106 3073 2270 3137 sunt,
2316 3066 2570 3146 plurima
2616 3076 2756 3129 sunt
2786 3087 2936 3148 quan

344 3165 589 3228 aliunde
634 3168 926 3246 originem
974 3167 1215 3228 ducunt.
1311 3166 1656 3227 naturaliter
1703 3185 1733 3226 a
1779 3186 1842 3227 se
1888 3174 2211 3228 nascuntur
2254 3169 2370 3238 ita,
2420 3188 2582 3231 cras:
2653 3170 2936 3247 numquid

342 3268 527 3330 babet
582 3270 907 3348 originem,
968 3269 1124 3331 unde
1182 3270 1412 3331 veniat?
1487 3288 1603 3329 non
1661 3268 1861 3330 habet.
1949 3268 2128 3329 hodie
2186 3288 2323 3331 vero
2379 3270 2559 3333 habet
2622 3274 2934 3351 originem,
2984 3268 3000 3285 “

343 3372 509 3436 unde
556 3373 778 3442 veniat,
828 3370 1007 3433 hodie
1052 3373 1219 3452 quasi
1265 3370 1377 3431 hoc
1424 3370 1536 3431 die.
1630 3371 1803 3431 docte
1858 3368 2037 3431 babet
2082 3372 2402 3451 originem,
2450 3374 2607 3436 unde
2653 3376 2936 3445 nascitur,

338 3476 557 3536 doctus
600 3474 772 3536 docte
832 3471 1039 3555 [habet
1082 3472 1421 3554 originem}
1484 3491 1626 3552 ergo
1673 3479 1811 3534 sunt
1852 3491 2004 3552 quae
2047 3472 2285 3535 aliunde
2329 3477 2623 3554 originem
2670 3486 2930 3539 sumunt.

257 3575 448 3644 :nilla
506 3594 658 3656 quae
714 3595 748 3636 a
802 3595 868 3637 se
927 3577 1218 3654 originem
1276 3583 1521 3637 sumunt
1575 3593 1694 3636 non
1748 3584 1998 3654 possunt
2053 3574 2274 3638 babere
2319 3579 2631 3639 rationem.
2719 3581 2936 3660 quare?

341 3681 487 3760 quia
545 3680 738 3757 prima
795 3678 962 3755 origo
1020 3679 1246 3738 ratione
1303 3685 1483 3739 caret.
1573 3677 1797 3739 idcirco
1853 3675 2112 3758 syllabae
2170 3678 2257 3739 vel
2324 3680 2673 3742 naturaliter
2728 3680 2937 3760 longae

341 3780 439 3842 vel
486 3780 839 3843 naturaliter
885 3778 1094 3841 breves
1140 3787 1343 3841 carent
1375 3780 1634 3849 ratione,
1684 3772 1963 3859 quoniam
2008 3781 2198 3859 prima
2231 3782 2399 3859 origo
2428 3789 2535 3843 est.
2595 3801 2713 3843 non
2745 3792 2942 3863 potest

341 3886 408 3944 in
453 3883 749 3943 rationem
805 3882 1049 3952 cadere,
1110 3882 1224 3942 nisi
1280 3880 1440 3961 quod
1495 3900 1601 3962 per
1660 3880 2088 3942 derivationem
2134 3884 2224 3952 fin
2271 3883 2430 3964 quod
2475 3892 2670 3946 autem
2715 3886 2936 3965 princi-

341 3986 515 4066 pium
561 3985 807 4062 originis
853 3991 940 4046 est
985 4001 1102 4045 non
1148 3981 1329 4044 habet
1369 3984 1681 4045 rationem.
1775 3995 1917 4062 ergo
1963 3983 2237 4046 adverbia
2282 3985 2380 4047 illa
2427 4005 2577 4065 quae
2620 4007 2651 4049 a
2698 4006 2762 4050 se
2807 4006 2939 4048 nas-

261 4093 568 4156 35cuntur
624 4088 857 4147 ratione
913 4091 1149 4154 carent,
1207 4084 1310 4146 sed
1367 4093 1544 4164 prout
1587 4087 1825 4146 inventa
1870 4086 2119 4156 suerint,
2177 4089 2253 4149 ita
2300 4088 2488 4170 babes
2532 4090 2751 4151 dicere.
2842 4088 2939 4151 illa

342 4207 493 4250 vero
549 4205 701 4268 quae
758 4186 996 4249 aliunde
1067 4188 1360 4265 originem
1424 4196 1695 4258 sumunt,
1753 4187 1901 4249 haec
1957 4190 2019 4248 in
2069 4195 2255 4250 artem
2314 4191 2572 4252 veniunt.
2663 4191 2939 4253 adverbia

345 4345 556 4352 ‚Ant—..⁴
575 4345 700 4350 *--—
737 4339 876 4348 ι’..ᾲι-

493 4428 519 4478 l
556 4424 774 4493 Probus]
813 4428 992 4477 cathol.
1033 4444 1086 4493 p.
1119 4425 1217 4486 39,
1257 4428 1307 4478 ss·
1348 4426 1418 4489 cf.
1461 4427 1616 4478 Diom.
1649 4441 1705 4490 p.
1743 4427 1882 4490 372„
1916 4431 1966 4478 2.
2004 4427 2134 4489 380,
2182 4428 2260 4484 ll.
2299 4431 2476 4494 praef.
2514 4432 2566 4482 in
2597 4445 2803 4496 yramm·
2839 4434 2937 4485 vol.

341 4499 417 4549 lV
446 4512 506 4561 p.
545 4496 690 4547 XXll
830 4505 886 4546 ut
919 4497 1088 4548 diseas
1121 4497 1163 4547 0
1300 4498 1331 4547 4
1370 4496 1521 4561 plane
1557 4496 1705 4547 BCa
1733 4498 1883 4562 plene
1921 4498 1969 4547 Α
2111 4497 2144 4549 8
2180 4500 2502 4551 manifestum
2542 4509 2596 4550 ut
2630 4500 2685 4550 0.
2712 4502 2942 4562 sortasse

343 4567 687 4619 manifestum
725 4573 818 4622 est,
859 4566 1180 4633 inpersonale
1218 4575 1311 4628 est,
1352 4575 1407 4615 ut
1441 4577 1519 4616 εει
1554 4567 1698 4616 illum
1737 4569 1897 4631 liquet
2002 4566 2180 4635 liquet]
2229 4570 2430 4623 Terent.
2463 4569 2691 4622 Eunuch.
2716 4572 2758 4620 11
2794 4570 2846 4635 3,
2872 4572 2942 4623 40

491 4639 809 4704 degenerare
839 4636 985 4687 BGa
1024 4637 1282 4702 denegare
1323 4636 1373 4685 Α
1411 4644 1467 4686 ut
1499 4638 1698 4688 videtur
1875 4635 1941 4687 10
1980 4651 2125 4691 exet..
2161 4640 2332 4690 venuti
2370 4654 2557 4691 metru-
2593 4657 2658 4690 os
2690 4655 2941 4691 Annenmo

340 4709 399 4760 A
411 4709 455 4759 G
603 4707 666 4756 17
707 4722 889 4758 nomen
925 4718 974 4757 et
1009 4722 1102 4757 om.
1136 4708 1202 4767 A,
1245 4707 1367 4759 add.
1405 4722 1439 4756 a
1548 4708 1615 4757 22
1646 4707 1877 4767 sortasse
1905 4707 2021 4757 ideo
2055 4723 2170 4758 esse
2206 4709 2415 4772 dietum,
2454 4711 2693 4775 quoniam
2730 4711 2941 4760 verbum

341 4778 651 4830 adverbium
688 4778 919 4840 sequitur
1083 4776 1154 4827 28
1194 4777 1290 4827 hoc
1328 4777 1409 4826 die
1444 4776 1593 4827 docte
1631 4776 1785 4826 habet
1820 4778 1861 4828 C
1900 4776 1994 4828 hoc
2030 4778 2113 4827 die
2151 4779 2343 4830 dictum
2386 4779 2620 4845 (ductum
2658 4778 2755 4844 α*)
2790 4780 2941 4831 habet

342 4848 398 4899 A
421 4848 468 4898 B
613 4844 682 4896 30
712 4846 798 4895 ina
834 4861 963 4911 qnae
996 4862 1027 4896 a
1064 4862 1120 4896 se
1158 4847 1407 4914 originem
1446 4856 1652 4897 sumunt
1684 4863 1775 4899 om.
1820 4848 1894 4913 A,
1930 4849 2051 4899 add.
2089 4865 2122 4898 a
2262 4847 2438 4915 qnare]
2484 4851 2627 4914 qnasi
2660 4849 2709 4898 A

452 4936 808 4981 GRAMMATICI
836 4936 1018 4979 LATINI
1047 4937 1100 4979 V.
2457 4934 2533 4998 16
