3541 5564
1552 370 1694 432 ARS
2832 367 2912 431 77

2528 489 2571 530 p.
2599 477 2712 517 19³4.
2740 477 2793 518 35
2818 476 2862 517 Ρ.

641 566 707 621 te
752 577 1008 638 peneS‚
1056 559 1127 618 in
1171 564 1242 618 te
1288 558 1522 618 omnis
1566 557 1820 618 domus
1867 556 2225 619 inclinata
2269 555 2655 619 recumbit.
2708 592 2782 602 -

335 663 431 723 Ex
475 662 589 722 his
634 662 716 722 ad
763 668 835 723 et
879 660 1064 740 apud
1111 678 1265 720 curn
1313 661 1535 721 unius
1580 678 1788 721 casus
1832 667 2030 720 sunt:
2081 659 2234 739 apud
2281 661 2601 720 tantumin
2631 658 2763 721 loco
2795 663 3150 740 sig-390,13

337 764 559 833 nificat,
608 771 672 823 ut
715 766 734 795 ²
748 762 904 842 apud
949 764 1200 824 amicum
1232 768 1432 833 sum',
1479 781 1590 823 nec
1622 779 1934 842 possumus
1965 761 2166 822 dicere
2211 761 2397 841 ‘apud
2429 763 2681 823 amicum
2715 761 2915 825 vado’.

337 866 407 927 ad
455 885 598 927 vero
644 868 807 926 etin
865 864 995 925 loco
1053 873 1111 925 et
1165 863 1237 925 ad
1292 864 1483 925 locum
1541 865 1854 942 significat:
1913 881 2050 923 nam
2096 863 2345 923 dicimus
2388 872 2446 924 et
2502 863 2610 923 ‘ad
2657 865 2911 924 amicum

286 984 311 1021 5
338 971 504 1028 sum'
554 977 613 1028 et
657 966 763 1028 ‘ad
810 968 1066 1028 amicum
1115 967 1314 1037 vado’,
1356 969 1365 1043 Ι
1404 968 1561 1029 sicut
1605 967 1783 1026 etiam
1828 964 2054 1026 Tullius
2100 967 2300 1046 posuit
2341 967 2400 1026 in
2447 966 2636 1045 prima
2682 968 2914 1027 actione

334 1070 609 1130 ‘decem
655 1070 882 1130 fiscos
926 1069 1007 1129 ad
1055 1076 1477 1131 senatorem
1524 1067 1729 1129 illurn
1776 1067 2146 1138 relictos’,
2193 1070 2336 1128 item
2366 1068 2581 1146 ipsein
2612 1069 2917 1129 invectivis

334 1171 450 1231 ‘ad
509 1171 583 1233 M.
634 1170 887 1232 Lecam
937 1179 1002 1231 te
1048 1170 1389 1232 habitare
1434 1170 1621 1232 velle
1666 1170 1974 1235 dixisti’.
2052 1169 2190 1251 [ead
2238 1171 2488 1230 amicum
2537 1174 2656 1231 est'
2702 1170 2916 1232 dicitur

336 1280 394 1333 et
438 1272 547 1334 ‘ad
595 1274 848 1334 amicum
895 1271 1125 1353 vado'].
1170 1307 1254 1318 —-
1299 1272 1476 1343 Quia
1532 1274 1694 1333 sine
1749 1272 2021 1351 aliqua:
2080 1274 2212 1353 quia
2260 1273 2510 1333 dicimus
2564 1276 2786 1353 eusque
2842 1272 2914 1334 ad
2944 1284 3006 1333 10

334 1376 591 1436 amicum
660 1375 863 1436 vado'.
942 1393 1129 1454 usque
1191 1383 1251 1435 et
1304 1374 1376 1435 ad
1435 1374 1583 1435 duae
1637 1383 1775 1435 sunt
1827 1376 2308 1454 praepositiones
2356 1408 2443 1419 —
2486 1375 2580 1435 De
2636 1394 2717 1435 ex
2763 1394 2820 1435 e:
2883 1387 3006 1436 e18

163 1493 167 1497 ’
258 1495 308 1531 ιο
333 1477 494 1546 soro,
545 1496 617 1538 ex
660 1478 871 1539 amico.
948 1475 1265 1556 aliquando
1309 1477 1464 1538 enim
1511 1495 1843 1538 consonans
1886 1479 2177 1557 sequitur,
2225 1496 2296 1538 ex
2342 1484 2637 1557 praetura.
2708 1485 2914 1539 notan-

335 1579 475 1640 dum
542 1597 688 1641 sane
754 1578 908 1658 quod
977 1597 1049 1639 ex
1114 1580 1470 1659 praepositio
1538 1587 1597 1639 et
1659 1587 1836 1658 auget
1890 1589 1949 1640 et
1992 1582 2218 1641 minuit.
2265 1613 2348 1624 —
2392 1581 2635 1641 Tenus
2700 1580 3002 1660 pubez21

335 1690 581 1760 propter
638 1679 857 1741 bonum
913 1698 1155 1751 sonum,
1225 1689 1469 1761 proptor
1522 1682 1772 1759 gratiam
1827 1683 2015 1753 vocis,
2075 1682 2213 1743 lacit
2266 1681 2424 1762 pube
2469 1688 2657 1742 tenuS.
2750 1688 2917 1742 tenus

335 1783 680 1844 adverbium
728 1789 845 1853 est,
892 1784 1028 1862 quia
1075 1782 1232 1863 pube
1279 1791 1448 1843 tenus
1492 1783 1729 1848 dicitur.
1805 1792 1978 1845 tenus
2033 1793 2091 1845 et
2143 1784 2518 1863 subiungitur
2574 1791 2634 1844 et
2676 1790 2916 1864 antepo-

338 1887 527 1946 nitur:
578 1891 637 1945 et
681 1893 853 1947 tenus
897 1885 1055 1965 pube
1099 1886 1351 1946 dicimus
1396 1894 1454 1946 et
1496 1884 1655 1965 pube
1703 1895 1890 1947 tenuS.
1969 1894 2234 1948 ceterum
2280 1885 2437 1966 pube
2482 1893 2653 1946 tenus
2682 1886 2919 1965 quando

261 2003 309 2040 15
335 1988 618 2057 dicimuS,
668 1987 1062 2066 hysterologia
1130 1994 1239 2048 est.
1292 1985 1303 2071 Ι
1361 2022 1444 2033 --
1500 1987 1842 2058 Quarum:
1913 1997 2036 2049 tres
2089 1989 2556 2068 praepositiones
2610 1990 2914 2067 utriusque
2937 2001 3002 2049 24

334 2109 530 2159 casus,
579 2092 641 2149 in
687 2089 799 2150 sub
844 2097 902 2150 et
945 2090 1179 2159 subter,
1226 2089 1464 2169 quando
1506 2089 1808 2152 itinerales
1852 2091 2099 2160 suerint,
2150 2090 2477 2151 accusativo
2523 2107 2760 2169 semper
2789 2108 2916 2150 ser-

336 2193 524 2260 viunt;
574 2191 810 2271 quando
856 2190 1102 2262 localeS,
1151 2190 1404 2252 ablativo
1448 2193 1510 2251 in
1556 2191 1834 2253 omnibus
1880 2192 2260 2273 temporibus,
2334 2211 2514 2272 super
2544 2211 2681 2253 vero
2714 2190 2788 2251 ab
2822 2191 2916 2251 bis

334 2294 511 2354 distat
540 2312 651 2372 per
681 2295 1075 2354 contrarium:
1109 2294 1342 2372 quando
1388 2293 1677 2356 itineralis
1708 2295 1904 2363 suerit,
1951 2293 2201 2355 ablativo
2232 2296 2440 2363 servit,
2487 2302 2551 2356 ut
2595 2299 2702 2355 ‘eo
2735 2313 2916 2373 super

334 2395 592 2476 platea';
653 2396 889 2475 quando
934 2395 1155 2463 localis,
1203 2398 1556 2466 accusativo,
1606 2404 1672 2457 ut
1713 2398 1969 2476 ‘super
2012 2395 2382 2457 idalium'.
2425 2432 2511 2441 —-
2554 2395 2753 2457 Tunc
2798 2414 2914 2456 ac-

259 2500 658 2558 mensativi
705 2516 948 2559 casus:
998 2507 1167 2567 tunc,
1216 2497 1451 2577 quando
1497 2508 1585 2559 est
1628 2500 1875 2558 mutatio
1921 2496 2218 2568 locorum,
2276 2500 2667 2573 accusativum
2715 2517 2915 2559 casum

337 2609 582 2679 regunt3
629 2600 867 2678 quando
900 2602 959 2661 in
991 2599 1123 2661 loco
1156 2601 1522 2679 permansio,
1570 2618 1819 2660 necesse
1851 2609 1941 2661 est
1973 2609 2037 2662 ut
2066 2599 2378 2662 ablativum
2412 2607 2638 2679 regant.
2685 2609 2914 2661 utrum·-

333 2721 450 2782 que
494 2720 810 2781 possumus
854 2701 1081 2782 dicere,
1140 2710 1199 2762 et
1243 2703 1425 2762 ‘cado
1469 2704 1529 2762 in
1573 2702 1865 2781 plateam'
1920 2721 2028 2784 per
2071 2704 2466 2763 accusativum
2527 2710 2585 2762 et
2629 2702 2812 2762 ‘cado
2855 2703 2915 2762 in

336 2806 563 2886 platea’
633 2823 742 2884 per
806 2803 1142 2865 ablativum.
1229 2806 1333 2865 sed
1390 2811 1532 2866 tunc
1588 2806 1842 2865 dicimus
1897 2824 2005 2884 per
2060 2807 2482 2874 accusativum,
2552 2805 2786 2885 quando
2845 2805 2917 2865 de

335 2917 491 2969 tecto
537 2926 648 2967 nos
692 2906 857 2967 verbi
902 2925 1074 2967 causa
1107 2908 1167 2968 in
1200 2907 1452 2986 plateam
1482 2906 1769 2968 cecidisse
1799 2908 2226 2986 significamus;
2275 2918 2413 2968 tunc
2442 2926 2550 2988 per
2580 2906 2914 2976 ablativum,

258 3025 310 3062 εει
337 3010 577 3089 quando
621 3009 704 3070 ibi
743 3008 755 3091 1
794 3016 1020 3070 stantes
1064 3008 1346 3070 cadimus
1423 3026 1565 3087 crgo
1611 2990 1854 3070 mutatio
1899 3007 2014 3070 loci
2059 3010 2198 3071 facit
2240 3012 2631 3072 accusativum
2675 3010 2769 3071 vel
2814 3008 2917 3069 ab·

335 3112 595 3173 lativum.
643 3145 729 3156 —
772 3111 1015 3191 Super
1060 3129 1268 3172 vero:
1316 3129 1560 3171 necesse
1606 3119 1696 3172 est
1739 3112 1898 3171 enim
1943 3120 2010 3171 ut
2054 3113 2106 3171 ei
2153 3113 2312 3172 casui
2358 3113 2637 3190 iungatur
2671 3109 2697 3193 ΙΙ
2746 3130 2916 3190 prae·
2942 3129 3115 3188 391‚1

337 3215 582 3293 positio,
639 3214 736 3272 cui
791 3215 952 3274 casui
1006 3212 1104 3273 illa
1160 3213 1453 3291 iungitur,
1510 3231 1621 3293 pro
1678 3231 1795 3292 qua
1850 3215 2109 3292 ponitur.
2199 3215 2479 3292 quoniam
2537 3214 2610 3274 de
2665 3213 2917 3275 ablativo

337 3317 499 3376 casui
542 3316 840 3392 iungitur,
896 3333 1106 3394 super,
1167 3314 1404 3392 quando
1449 3333 1560 3394 pro
1605 3314 1679 3375 de
1723 3317 1991 3395 ponitur,
2040 3314 2289 3377 ablativo
2336 3316 2514 3376 debet
2554 3317 2788 3377 sociari.
2835 3350 2920 3360 —

338 3418 579 3497 Super
626 3434 827 3477 vero:
873 3435 1052 3496 super
1084 3417 1372 3494 significat
1403 3424 1462 3476 et
1505 3416 1876 3488 adverbium,
1923 3426 1988 3477 ut
2019 3417 2313 3496 Vergilius
2358 3419 2463 3477 ‘et
2504 3435 2729 3497 super
2771 3420 2918 3497 ipsi

260 3531 312 3569 ³⁰
341 3518 813 3580 Dardanidae
858 3518 1173 3577 insensi'
1218 3536 1328 3596 pro
1373 3520 1637 3599 insuper.
1703 3520 1883 3596 igitur
1914 3520 2049 3598 quia
2083 3518 2323 3596 longum
2357 3527 2447 3578 est
2476 3527 2703 3580 ceteras
2747 3539 2918 3601 prae-

337 3623 664 3701 positiones
708 3620 1016 3700 persequi,
1064 3618 1323 3680 breviter
1368 3619 1481 3681 boc
1525 3620 1970 3682 custodiendum
2019 3629 2135 3689 est,
2183 3629 2275 3691 ut,
2335 3621 2571 3700 quando
2615 3623 2919 3701 praeposi-

340 3725 531 3783 tiones
576 3721 649 3783 ad
695 3740 897 3782 casum
944 3722 1186 3782 minime
1230 3720 1594 3801 respondere
1637 3723 1989 3792 viderimuS,
2037 3721 2315 3783 adverbia
2362 3723 2748 3801 appellentur.
2815 3742 2918 3784 no-

340 3825 580 3886 tandum
628 3843 799 3891 sane,
846 3822 1081 3902 quaudo
1127 3825 1387 3886 incertae
1434 3825 1656 3887 suerint
1697 3825 2182 3905 praepositiones,
2230 3824 2343 3885 hoc
2388 3832 2478 3884 est
2523 3844 2632 3885 nec
2676 3827 2916 3886 itinera-

476 4046 605 4097 Coti.
648 4046 808 4095 Rern.
851 4045 966 4095 Xlll
1001 4044 1201 4098 6*—-8.
1349 4047 1373 4096 l
1405 4054 1452 4094 te
1487 4045 1664 4113 penes]
1707 4055 1848 4096 tenes
1955 4049 1987 4096 2
2023 4057 2141 4113 aput
2181 4063 2293 4097 cum
2333 4048 2511 4097 uniasu
2550 4047 2711 4111 (corr.
2740 4044 2917 4111 unius)

341 4132 489 4166 casus
527 4125 648 4165 sunt
688 4127 810 4181 aput
949 4115 981 4166 3
1017 4117 1154 4181 apud
1190 4116 1407 4165 amicum
1446 4131 1591 4165 sunm
1698 4125 1823 4182 aput
1857 4119 2075 4167 amicum
2215 4123 2246 4167 4
2279 4127 2328 4168 et
2367 4119 2413 4165 iu
2457 4115 2585 4184 loco]
2629 4118 2678 4166 iu
2714 4135 2772 4166 eo
2809 4117 2917 4166 loco

474 4190 507 4236 4
548 4183 683 4251 nam]
730 4201 824 4233 non
930 4188 961 4234 ὃ
1001 4182 1134 4251 sum]
1179 4200 1325 4234 suum
1360 4201 1497 4238 corr.
1539 4202 1649 4236 sum
1761 4184 1947 4253 prima]
1990 4203 2092 4237 una
2232 4189 2266 4240 6
2314 4186 2426 4236 illos
2567 4189 2597 4237 7
2638 4187 2775 4236 lecan

340 4257 523 4307 dicitnr
575 4265 626 4304 et
670 4270 781 4319 usq.
820 4265 869 4304 et
905 4257 967 4305 ad
1020 4258 1235 4304 amicum
1285 4256 1415 4305 uado
1459 4271 1622 4319 usque
1666 4255 1798 4306 duae
1844 4267 1963 4307 suut
2009 4260 2414 4325 praepositiones
2451 4259 2565 4321 quia
2601 4258 2712 4305 siue
2748 4258 2918 4319 aliqua

342 4327 459 4389 quia
509 4326 729 4374 dicimus
770 4341 930 4388 usqne
967 4326 1031 4374 ad
1065 4326 1282 4375 amicum
1319 4327 1453 4374 uado
1489 4341 1550 4374 ns
1585 4327 1729 4375 etad
1766 4328 1898 4376 (luae
2061 4327 2095 4377 9
2134 4329 2195 4377 de
2232 4338 2279 4377 et
2316 4346 2343 4376 e
2379 4328 2484 4377 sero
2515 4343 2577 4376 ex
2617 4327 2780 4376 amico

345 4396 408 4445 to
450 4395 765 4445 noxtandnm
810 4410 947 4446 corr.
990 4397 1262 4446 notandum
1410 4396 1473 4446 15
1506 4397 1817 4463 ysterologia
1962 4397 2024 4449 16
2074 4406 2248 4462 supter
2295 4414 2426 4461 quau
2472 4399 2632 4458 (corr.
2679 4400 2749 4445 al.
2787 4412 2915 4445 man.

343 4467 571 4530 qnando)
604 4465 860 4515 itinerales
972 4467 1033 4515 21
1076 4481 1313 4532 neccesse
1340 4483 1476 4516 corr.
1519 4482 1725 4516 necesse
1830 4469 1893 4517 27
1928 4466 2175 4533 iungitur]
2215 4485 2346 4517 nune
2378 4469 2533 4534 igitur
2639 4467 2707 4516 ⁴28
2740 4468 2920 4516 debeat

479 4535 549 4585 2ss
586 4536 687 4601 ipsi
717 4550 856 4588 corr.
896 4535 1006 4600 ipse
1142 4535 1204 4585 31
1249 4539 1483 4601 prosequi
1625 4536 1692 4587 32
1726 4539 2048 4603 appellantur
2079 4554 2215 4588 eorr-
2245 4548 2416 4589 -entur

489 4727 509 4775 1
551 4735 602 4774 te
640 4722 820 4789 penes]
868 4725 1024 4788 Verq.
1060 4724 1189 4776 Aen.
1225 4724 1318 4773 ΧΙΙ
1360 4725 1425 4774 59
1599 4726 1630 4772 5
1668 4727 1717 4775 in
1757 4727 1920 4790 prima
1959 4724 2177 4791 actione]
2215 4729 2266 4776 in
2311 4729 2463 4776 Ver-r.
2502 4735 2603 4778 oct.
2640 4742 2721 4788 pr.
2762 4729 2812 4786 8,
2851 4728 2917 4775 22

479 4797 515 4844 ὅ
547 4796 597 4843 in
637 4791 929 4858 invectivis]
964 4797 1014 4844 in
1041 4795 1186 4845 Catil.
1231 4798 1246 4844 l
1283 4796 1333 4852 8,
1380 4795 1444 4845 19
1553 4794 1615 4844 19
1657 4812 1811 4862 super
1847 4795 2085 4862 idalium]
2127 4800 2282 4863 Very,
2324 4799 2454 4851 Aen.
2498 4800 2512 4846 Ι
2550 4797 2648 4848 681
2766 4797 2836 4848 29
2871 4808 2920 4848 et

345 4862 516 4932 super]
570 4866 730 4930 Ver-9·
762 4865 892 4916 Aen.
932 4866 970 4914 ΙΙ
1010 4865 1073 4917 71
1386 4906 1391 4910 -
