3541 5564
482 293 609 357 350
1570 288 1975 351 CONSENTII

535 416 576 457 p.
606 404 810 443 2031—33
837 402 882 441 r.

483 483 760 545 tribunus
790 480 1012 560 plebis,
1061 482 1247 540 maior
1280 485 1452 547 natu;
1499 487 1598 537 aut
1643 480 1941 556 posterior
1970 496 2107 556 pars
2140 477 2500 546 declinetur,
2548 485 2611 536 ut
2642 478 3058 539 fideicommis-

485 604 641 653 sum,
690 583 1092 663 plebiscitum.
1179 584 1242 640 in
1303 580 1396 639 his
1452 598 1601 658 quae
1659 579 1770 639 sub
1828 584 2027 658 specie
2083 597 2589 658 quorumcumque
2635 598 2875 639 casuum
2920 598 3059 639 con-

486 688 674 765 posita
720 693 857 745 sunt
903 684 1012 742 hoc
1057 683 1415 759 regulariter
1459 684 1715 760 spectari
1763 690 2024 761 oportet,
2074 683 2230 760 quod
2276 700 2343 740 ea
2390 689 2557 759 parte
2604 680 3061 741 declinabuntur

487 790 630 848 baec
677 790 941 853 nomina,
989 803 1102 864 qua
1151 787 1505 862 positionem
1553 785 1700 843 recti
1742 780 1755 865 Ι
1793 802 1991 851 casus,
2039 784 2099 843 id
2146 791 2234 843 est
2280 782 3059 852 nominativi,<habuerint;

486 910 598 970 qua
646 898 812 969 parte
870 906 1008 946 vero
1066 886 1371 964 obliquum
1429 904 1626 944 casum
1686 884 2033 953 habuerint,
2096 904 2163 945 ea
2211 894 2376 965 parte
2422 904 2536 944 non
2584 885 3115 945 declinabuntur.⁵

489 1001 688 1052 cetera
737 1009 873 1050 vero
930 1008 1080 1068 quae
1139 991 1265 1047 sine
1335 990 1534 1066 specie
1605 989 1953 1066 cuiusquam
2019 1007 2189 1047 casus
2256 989 2478 1066 priore‘
2524 996 2690 1066 parte
2758 990 3060 1066 conposita

488 1102 626 1154 sirint
671 1102 734 1153 ut
779 1093 1071 1172 simplicia
1117 1088 1606 1155 decimabuntur,
1658 1097 1721 1147 ut
1765 1088 1970 1167 biceps
2018 1092 2343 1168 numiceps.
2432 1099 2741 1169 praeterea
2799 1090 3061 1149 animad-

491 1194 835 1255 vertendum
882 1201 970 1252 est
1014 1194 1171 1272 quod
1216 1200 1354 1250 sunt
1398 1190 1684 1270 quaedam
1732 1194 2035 1270 conposita
2083 1195 2347 1260 nomina,
2397 1210 2647 1271 quorum
2692 1192 2911 1270 positio
2956 1191 3063 1252 ali-

490 1307 582 1358 ter
639 1300 697 1356 in
746 1296 1063 1372 singulari,
1123 1295 1296 1354 aliter
1343 1296 1402 1351 in
1451 1291 1669 1372 plurali
1717 1312 1963 1352 numero
2010 1294 2367 1363 declinatur,
2431 1303 2492 1354 ut
2536 1295 2847 1372 hic·pater
2893 1294 3063 1352 sami-

491 1400 598 1460 lias
645 1407 704 1457 et
748 1399 808 1457 hi
857 1406 1053 1475 patres
1099 1396 1378 1456 familiae.
1470 1395 1792 1455 cavendum
1854 1414 1994 1455 sane
2052 1404 2142 1454 est
2200 1415 2274 1455 ne
2332 1404 2433 1456 aut
2478 1398 2781 1475 conposita
2826 1398 3063 1455 nomina
3091 1408 3141 1445 1⁰

490 1518 888 1579 conponamus
934 1506 1032 1558 aut
1077 1516 1226 1577 quae
1274 1498 1525 1575 conponi
1575 1515 1689 1557 non
1735 1504 2014 1575 possunt,
2062 1502 2327 1576 quamvis
2359 1487 2844 1577 quidam'dicant
2887 1500 3062 1557 etiam

489 1622 558 1661 ex
605 1601 878 1681 pluribus
924 1599 1194 1680 partibus
1241 1617 1414 1678 posse
1462 1601 1743 1677 conponi,
1795 1606 1856 1658 ut
1902 1599 2380 1678 inexpugnabilis
2426 1602 2868 1679 inperterritus,
2930 1607 3064 1658 sunt

491 1707 670 1764 etiam
716 1704 1018 1782 plerique,
1078 1703 1179 1780 qui
1238 1720 1307 1759 ex
1354 1718 1567 1775 graeco
1614 1708 1672 1759 et
1717 1700 1904 1760 latino
1949 1709 2154 1779 putant
2202 1720 2371 1781 posse
2419 1704 2701 1781 conponi,
2749 1710 2815 1760 ut
2858 1702 3065 1781 epicli-

494 1809 654 1866 nium
703 1805 1056 1883 epiradium.
3104 1855 3108 1859 .

257 1922 466 1983 377,15
662 1907 842 1966 Casus
899 1908 1202 1965 nominum
1260 1911 1396 1962 sunt
1443 1923 1577 1969 sex,
1639 1906 2035 1964 nominativus
2081 1908 2377 1983 genitivus
2423 1907 2652 1966 dativus
2698 1907 3068 1965 accusativus
3097 1916 3146 1955 15

493 2011 792 2069 vocativus
867 2007 1178 2068 ablativus.
1271 2024 1442 2063 casus
1500 2012 1617 2074 est,
1691 2014 1753 2065 ut
1812 2007 2022 2066 Gracci
2081 2007 2400 2075 deliniunt,
2471 2009 2725 2067 nominis
2781 2007 3067 2086 quaedam

447 2101 450 2105 <
493 2113 716 2190 positio
764 2110 881 2175 vel,
944 2118 1007 2169 ut
1065 2109 1195 2176 alii,
1257 2110 1638 2175 commutatio
1686 2109 1927 2169 ultimae
1974 2110 2234 2187 syllabae
2281 2113 2340 2170 in
2389 2112 2642 2169 nomine.
2736 2129 2868 2169 nam
2924 2128 3066 2189 quo-

496 2217 653 2273 niam
710 2231 892 2271 unum
951 2210 1221 2289 quodque
1281 2228 1494 2269 nomen
1555 2212 1899 2270 varietatem
1961 2214 2271 2289 positionis
2328 2214 2520 2271 sexies
2577 2214 2908 2289 experitur,
2959 2210 3067 2271 hae

494 2317 820 2395 positiones
876 2322 937 2373 et
992 2313 1482 2373 comunitationes
1540 2311 1806 2371 eiusdem
1873 2315 2129 2372 nominis
2197 2332 2368 2373 casus
2434 2313 2824 2392 appellantur.
2914 2314 3069 2372 unde

495 2419 802 2496 ‹piaeritur
849 2436 878 2475 a
926 2415 1257 2493 plerisque,
1307 2432 1445 2472 num
1477 2416 1903 2482 nominativus,
1954 2416 2055 2492 qui
2089 2414 2421 2475 absolutum
2455 2415 2731 2494 quiddam
2778 2417 3069 2491 significat
3096 2426 3149 2465 2⁰

496 2528 554 2577 et
599 2518 853 2578 naturali
900 2518 1125 2576 ratione
1173 2518 1401 2593 primus
1447 2515 1728 2583 habetur,
1780 2534 1952 2575 casus
1985 2518 2240 2575 nominis
2272 2517 2485 2576 debeat
2518 2516 2838 2595 appellari,
2884 2519 3069 2595 siqui-

498 2621 629 2679 dem
677 2618 834 2678 nulla
882 2620 997 2678 alia
1043 2620 1121 2676 sit
1165 2619 1358 2696 prima
1404 2619 1659 2677 nominis
1690 2620 1936 2695 positio,
1986 2638 2015 2676 a
2058 2636 2169 2696 qua
2206 2620 2523 2678 inclinatus
2556 2627 2652 2678 aut
2683 2625 3074 2677 commutatus

497 2724 595 2784 sit.
686 2729 916 2779 ceteros
973 2739 1112 2779 vero
1170 2727 1330 2778 reete
1378 2738 1549 2779 casus
1607 2720 1893 2798 appellari
1941 2720 2232 2788 dicemus,
2292 2720 2446 2800 quod
2506 2739 2536 2781 a
2583 2723 2773 2799 prima
2820 2722 3073 2780 nominis

497 2825 790 2902 positione
837 2824 988 2882 sacta
1039 2824 1424 2882 inclinatione
1471 2829 1791 2895 nudentur.
1852 2822 1954 2881 sed
2003 2831 2197 2882 tamen
2247 2825 2574 2882 rectissima
2620 2826 2848 2883 ratione
2895 2826 3073 2882 etiam

499 2929 691 3006 ipsum
737 2927 1162 2986 nominativum
1207 2943 1409 2983 rasum
1454 2924 1571 2984 dici
1617 2925 1859 3003 placuit.
1950 2926 2169 3002 quippe
2218 2925 2501 3003 pleraque
2550 2944 2749 2984 rerum
2794 2943 2924 2984 cum
2973 2924 3071 2983 ad·
3100 2937 3150 2974 ‘25

501 3029 614 3088 buc
660 3047 777 3087 non
823 3034 990 3092 sunt,
1043 3029 1155 3085 iam
1204 3033 1398 3085 tamen
1447 3029 1745 3086 nominum
1795 3026 2186 3104 appellatione
2234 3030 2495 3093 censeri,
2545 3034 2604 3086 ut
2646 3046 2779 3086 eum
2825 3026 3075 3086 dicimus

500 3130 829 3208 ‘templum
875 3128 1271 3195 aedificatur’,
1321 3128 1473 3205 quod
1506 3130 1711 3207 utique
1745 3127 2004 3186 nondum
2049 3129 2330 3208 templum
2377 3136 2498 3197 est3
2546 3131 2631 3188 sic
2678 3130 2858 3204 igitur
2904 3129 3072 3185 istam

504 3233 757 3310 primam
801 3233 1163 3308 positionem.
1203 3231 1487 3298 nominis,
1549 3229 1607 3288 id
1655 3238 1743 3289 est
1790 3232 2245 3299 nominativum,
2304 3231 2591 3310 appellari
2638 3248 2836 3288 casum
2881 3246 3071 3307 posse,

502 3333 658 3412 quod
691 3334 877 3410 possit
909 3331 1120 3392 cadere
1152 3341 1208 3390 et
1244 3334 1302 3391 in
1337 3332 1512 3391 aliam
1546 3331 1993 3393 inclinationem
2041 3333 2126 3390 vis
2171 3335 2348 3410 positi
2398 3334 2653 3393 nominis
2698 3332 3071 3390 commutari.

505 3435 591 3492 vel
641 3440 800 3492 certe
848 3453 1018 3511 posse
1065 3452 1199 3492 eum
1246 3452 1354 3512 per
1399 3434 1772 3493 catachresin
1819 3452 2021 3493 casum
2079 3434 2386 3512 appellari.
2480 3435 2567 3494 vel
2614 3440 2775 3493 certe
2821 3451 2955 3492 cum
3001 3433 3071 3491 ad
3101 3446 3152 3484 ³0

504 3535 910 3614 explicandam
969 3535 1127 3594 illam
1188 3538 1534 3595 varietatem
1592 3537 1852 3594 nominis
1898 3554 2000 3593 sex
2050 3535 2494 3596 inclinationum
2542 3532 2779 3618 filgurae
2825 3554 3073 3613 operen—

506 3646 627 3704 tur,
687 3645 746 3695 et
803 3655 916 3695 una
973 3654 1240 3715 quaeque
1300 3639 1359 3696 in
1417 3655 1524 3695 suo
1581 3644 1737 3696 statu
1797 3655 1912 3715 quo
1959 3645 2048 3696 est
2093 3657 2258 3697 suam
2305 3639 2538 3718 plenam
2584 3637 3076 3713 significationem

505 3738 744 3805 babeat,
794 3747 1068 3816 respectu
1116 3746 1312 3797 autem
1359 3737 1602 3798 alterius
1648 3739 2103 3813 significationis
2151 3741 2431 3799 inclinata
2463 3740 2758 3807 videatur,
2806 3747 2924 3798 tam
2972 3758 3074 3798 no-

506 3841 822 3899 minativus
880 3848 1156 3918 respectu
1212 3848 1574 3907 ceterorum,
1635 3859 1810 3918 quam
1867 3840 2054 3898 ceteri
2115 3852 2392 3920 respectu
2438 3845 2567 3902 eius
2613 3849 2670 3900 et
2715 3841 2873 3900 velut
2920 3844 3077 3901 inter

503 3961 566 4000 se
626 3942 995 4017 intellegitur
1064 3943 1333 4001 varietati
1403 3943 1831 4002 enuntiationis
1898 3940 2207 4003 obnoxius.
2296 3963 2445 4022 quae
2513 3946 2665 4002 ratio
2731 3942 2825 4001 his
2892 3944 3155 4019 magisne

643 4145 669 4194 l
701 4145 932 4193 tribunus
962 4144 1093 4207 plebi
1121 4145 1169 4193 B
1271 4145 1302 4191 4
1335 4158 1434 4205 qua
1461 4145 1881 4208 compositionem
1909 4144 2038 4192 ΒΜ
2138 4145 2171 4195 6
2207 4147 2502 4210 cuiusquam
2530 4162 2621 4198 om.
2653 4147 2701 4195 Β
2802 4146 3079 4210 posteriore

507 4226 646 4276 parte
685 4215 733 4262 B
750 4213 814 4260 M
959 4215 992 4261 8
1028 4228 1240 4274 quorum
1280 4215 1580 4277 compositio
1618 4214 1839 4262 Clemens
1979 4216 2039 4265 ll
2081 4231 2228 4277 quam
2268 4217 2379 4280 (uis
2414 4216 2535 4266 add.
2569 4217 2637 4276 m)
2675 4217 2844 4265 dicant
2881 4216 2942 4263 M

509 4284 569 4333 13
599 4285 684 4347 qni
718 4293 766 4331 et
803 4298 988 4348 graeco
1028 4284 1092 4331 M
1127 4284 1213 4346 qui
1251 4284 1397 4332 etiam
1432 4299 1462 4331 a
1493 4299 1677 4348 graeco
1705 4283 1755 4332 B
1862 4284 2131 4347 epielinum
2158 4287 2250 4337 M.-
2288 4295 2373 4335 aut
2400 4302 2462 4335 ex
2496 4295 2665 4336 nostro
2704 4296 2752 4335 et
2789 4287 3075 4350 peregrino,

507 4363 558 4402 ut
596 4354 854 4402 biclinium
878 4389 891 4411 ,
932 4361 1017 4400 aut
1046 4362 1236 4412 eontra,
1277 4363 1330 4403 ut
1364 4355 1641 4419 epitogium
1669 4363 1716 4402 et
1743 4354 1992 4417 Anticum,
2030 4364 2114 4404 aut
2147 4372 2211 4404 ex
2243 4357 2439 4405 «luobus
2472 4357 2771 4422 peregrinis,
2802 4364 2855 4403 ut
2879 4355 3081 4420 epirhe-

506 4425 644 4473 dium
673 4423 874 4484 Quintil.
907 4425 927 4471 1
965 4424 1015 4486 5,
1045 4425 1111 4473 68
1225 4424 1288 4473 15
1329 4424 1487 4474 Casus
1525 4449 1589 4458 —
1625 4423 1746 4486 351,
1792 4423 1851 4474 17
1893 4434 2112 4474 remotus
2145 4435 2220 4476 est
2256 4428 2412 4475 Diem.
2440 4442 2497 4490 p.
2531 4425 2653 4483 301,
2687 4425 2755 4476 32
2783 4451 2848 4460 —
2873 4440 2925 4489 p.
2957 4423 3078 4488 302,

506 4495 538 4542 7
570 4492 764 4543 Citari&
801 4509 856 4557 p.
895 4493 1013 4556 154,
1052 4493 1238 4544 6—11
1353 4493 1417 4544 18
1453 4508 1632 4542 nomen
1673 4509 1765 4558 per
1801 4495 2095 4544 uarietatem
2130 4495 2192 4544 M
2305 4496 2372 4544 22
2409 4496 2674 4544 inclinatus
2712 4504 2862 4557 atque
2900 4496 3081 4544 immu-

508 4574 639 4612 tatus
681 4562 729 4609 Β
862 4563 930 4612 23
968 4562 1195 4613 dicemus
1225 4565 1310 4625 qui
1349 4581 1377 4612 a
1409 4566 1569 4627 prima
1598 4565 1660 4612 M
1697 4564 1914 4612 dicimus
1945 4567 2079 4627 quod
2116 4568 2280 4632 prima
2318 4567 2368 4615 B
2485 4565 2551 4615 25
2584 4565 2947 4614 nominativum
2986 4580 3076 4617 om.

508 4634 636 4682 ΒΜ
770 4634 839 4685 26
884 4626 1153 4683 censentur
1192 4634 1259 4682 M
1393 4634 1461 4684 30
1498 4633 1796 4682 catachrisin
1838 4634 1885 4682 Β
1924 4637 2189 4686 cataerisin
2236 4635 2301 4682 M
2436 4636 2513 4683 uel
2566 4645 2697 4683 certe
2735 4634 2869 4696 qnod
2918 4635 2983 4683 ad
3021 4635 3085 4683 M

508 4713 642 4750 certe
693 4719 802 4751 cum
856 4703 918 4752 ad
958 4704 1007 4751 B
1146 4703 1208 4752 31
1252 4703 1511 4755 illamom.
1547 4704 1612 4753 M
1743 4702 1812 4752 32
1849 4703 2048 4767 plenam
2090 4705 2509 4772 significationem
2545 4719 2687 4754 snam
2729 4703 2793 4751 M
2931 4705 2996 4755 34
3034 4714 3082 4753 et

509 4786 597 4820 om.
635 4773 703 4821 M
824 4772 890 4822 35
927 4772 1245 4838 intellegatur
1280 4772 1346 4821 Μ
1483 4775 1721 4822 uarietate
1749 4772 1799 4821 B
