3541 5564
587 355 712 422 252
1724 352 2029 417 POMPEII

640 478 682 519 p.
709 466 886 507 350-52
917 464 958 504 1,.

588 546 826 607 modum
872 546 1185 624 loquimur.
1250 544 1486 622 quando
1531 563 1639 605 nos
1683 542 1862 624 aliqui
1905 546 2232 624 interrogat
2277 552 2416 623 puta
2461 544 2644 605 ‘unde
2689 544 2958 605 venisti?
3020 543 3166 625 [Me-

588 648 806 710 diolani
850 641 1079 729 veni],‘
1105 648 1391 709 debemus
1435 654 1641 708 tenere
1687 648 1826 709 istas
1870 645 2123 724 regulas
2212 643 2322 706 alia
2384 654 2522 707 sunt
2566 647 2801 707 nomina
2847 647 3165 717 civitatum,

588 752 698 813 alia
743 753 1185 831 provinciarum
1235 759 1295 810 et
1340 750 1605 811 locorum
1654 758 1713 810 et
1766 767 1971 809 rerum
2028 758 2086 810 et
2128 748 2477 809 insularum.
2567 748 2790 809 idcirco
2836 754 3061 810 tantum
3107 751 3166 810 in

588 853 928 916 nominibus
972 854 1269 914 civitatum
1315 851 1427 912 hoc
1473 850 1788 912 observare
1834 850 2137 921 debemuS,
2184 858 2248 911 ut
2293 868 2612 931 numquam
2655 852 2968 928 iungamus
2997 871 3168 932 prae·

587 958 928 1036 positiones.
1020 954 1245 1033 reliqua
1293 955 1448 1015 enim
1494 955 1688 1015 omnia
1744 954 2034 1015 rationem
2090 960 2375 1014 secuntur
2421 949 2430 1033 Ι
2477 953 2939 1033 provinciarum.
3029 963 3165 1035 puta
3217 971 3241 1010 5

588 1058 737 1120 duae
801 1065 940 1118 sunt
994 1058 1140 1119 istae
1197 1055 1459 1134 regulae,
1528 1057 1599 1117 de
1644 1054 1985 1117 nominibus
2045 1057 2339 1116 civitatum
2399 1062 2459 1115 et
2512 1056 2966 1135 provinciarum.
3066 1057 3168 1117 sed

588 1160 758 1238 quid,
807 1161 856 1219 si
900 1158 1090 1220 insula
1137 1160 1260 1219 est?
1328 1160 1443 1227 iam
1491 1161 1576 1220 sic
1622 1157 1778 1219 illam
1824 1158 2074 1237 incipies
2120 1156 2347 1228 dicere,
2406 1175 2584 1237 quem
2629 1157 2703 1218 ad
2746 1157 2988 1218 modum
3033 1176 3167 1239 pro-

585 1264 855 1323 vinciam.
916 1260 1075 1341 quid,
1121 1262 1172 1321 si
1213 1260 1379 1321 locus
1422 1262 1534 1321 sit?
1592 1262 1675 1321 sic
1721 1260 1990 1330 dicimus,
2039 1262 2206 1339 quasi
2251 1260 2323 1321 de
2379 1261 2701 1339 provincia.
2778 1278 2896 1320 non
2944 1259 3166 1321 discer-

588 1373 809 1426 nuntur
855 1365 966 1425 nisi
1013 1364 1302 1431 civitates;
1349 1364 1587 1424 nomina
1634 1363 1933 1424 civitatum
1978 1380 2095 1423 non
2142 1380 2452 1442 possumus
2497 1365 2576 1422 ita
2618 1362 2910 1441 proferre.
2972 1365 3033 1423 in
3065 1382 3167 1423 no-

587 1466 844 1528 minibus
876 1468 1172 1526 civitatum
1204 1466 1461 1545 propriis
1491 1464 1638 1527 haec
1670 1464 1841 1526 nobis
1870 1465 2155 1526 servanda
2186 1475 2349 1526 sunt:
2395 1463 2588 1544 aliqua
2618 1471 2755 1524 sunt
2777 1483 2928 1545 quae
2952 1466 3168 1544 signiti-
3194 1492 3239 1527 ιο

589 1577 723 1629 cant
746 1569 815 1629 ad
849 1567 1063 1638 locum,
1098 1567 1293 1647 aliqua
1327 1585 1478 1645 quae
1511 1568 1841 1646 significant
1873 1567 1946 1628 de
1978 1567 2126 1636 loco,
2160 1566 2351 1645 aliqua
2384 1583 2534 1643 quae
2565 1567 2895 1645 significant
2923 1569 2985 1627 in
3018 1566 3165 1636 loco,

587 1678 653 1730 ut
682 1670 937 1731 diximus
970 1668 1145 1748 paulo
1167 1676 1317 1730 fante
1353 1667 1524 1750 [ergo
1552 1672 1705 1749 siqui
1733 1669 1853 1730 vult
1883 1668 2082 1731 dicere
2104 1669 2416 1730 Mediolani
2441 1670 2593 1729 veni.
2642 1669 2738 1729 hic
2762 1668 3169 1730 Mediolianius

587 1773 761 1833 huius
785 1770 1122 1833 Mediolanii
1153 1779 1217 1832 ut
1247 1771 1384 1833 huic
1409 1770 1761 1833 Mediolanio
1796 1771 1952 1831 hunc
1978 1770 2391 1832 Mediolanium
2418 1791 2453 1831 o
2477 1770 2791 1832 Mediolani
2813 1769 2885 1831 ab
2913 1770 3026 1832 hoc
3051 1771 3167 1833 Me-

588 1874 870 1953 diolanio]
902 1891 1044 1952 ergo
1069 1873 1370 1935 videamus
1401 1873 1638 1951 regulas
1668 1873 2102 1942 adverbiorum,
2130 1890 2245 1951 quo
2279 1873 2453 1933 modo
2480 1873 2804 1935 decurrunt
2832 1875 2980 1934 istae
3011 1876 3168 1954 ipsae

589 1976 846 2055 regulae.
921 1983 987 2037 ut
1016 1985 1157 2056 puta
1189 1975 1261 2036 ad
1293 1974 1518 2038 locum:
1583 1975 1816 2054 quando
1861 1974 2127 2036 volumus
2167 1976 2500 2054 significare
2547 1975 2618 2037 ad
2649 1975 2876 2045 locum,
2924 1983 2989 2036 ut
3028 1983 3164 2055 puta
3195 1998 3242 2037 ιε)

589 2078 1014 2141 ‘Mediolanum
1060 2078 1251 2139 vado’.
1300 2078 1402 2139 sed
1434 2079 1548 2140 hoc
1580 2097 1798 2140 nomen
1829 2078 1969 2139 l'acit
1998 2076 2169 2138 nobis
2200 2077 2646 2139 dubitationem.
2695 2087 2753 2139 et
2782 2080 3174 2139 nominativus

589 2183 744 2242 enim
790 2187 848 2240 et
891 2182 1259 2242 accusativus
1319 2189 1377 2243 et
1425 2183 1716 2242 vocativus
1759 2180 1981 2242 similes
2033 2188 2186 2240 sunt.
2274 2181 2639 2242 inveniamus
2693 2198 2877 2241 unum
2933 2199 3167 2250 nomen,

590 2282 693 2344 ubi
740 2301 875 2343 vere
921 2282 1034 2344 hoc
1078 2284 1372 2364 possimus
1416 2283 1795 2361 intellegere:
1856 2301 1992 2343 ecce
2039 2289 2176 2361 puta
2221 2281 2519 2361 Karthago
2574 2283 2754 2343 huius
2797 2281 3171 2361 Karthaginis

589 2385 935 2463 Karthagini
990 2385 1412 2463 Karthaginem
1465 2404 1499 2444 o
1545 2386 1845 2462 Karthago
1891 2384 1962 2446 ab
2010 2385 2119 2445 hac
2164 2384 2552 2463 Karthagine3
2623 2392 2779 2446 stant
2830 2387 2929 2446 isti
2985 2404 3169 2448 casuS.

589 2487 823 2566 quando
855 2486 926 2548 ad
958 2486 1153 2548 locum
1186 2486 1459 2549 volumus
1506 2489 1857 2564 significare,
1907 2486 2194 2547 debemus
2237 2485 2463 2547 sublata
2494 2488 2932 2567 praepositione
2963 2506 3167 2550 secun-
3195 2510 3241 2548 ευ

588 2592 726 2651 dum
773 2592 1172 2651 accusativum
1219 2589 1444 2659 dicere;
1515 2608 1634 2650 non
1690 2588 1881 2650 debeo
1926 2588 2125 2650 dicere
2172 2589 2280 2650 ‘ad
2326 2589 2747 2668 Karthaginem
2792 2588 3006 2662 vado’,
3066 2591 3168 2651 sod

588 2692 1053 2775 ‘Karthalginem
1100 2691 1247 2752 vado
1266 2697 1301 2761 ’,
1351 2691 1680 2753 secuudum
1728 2693 2158 2753 accusativum:
2207 2692 2631 2771 Karthaginem
2676 2694 2837 2753 enim
2882 2695 3170 2754 accusati-

587 2814 689 2856 vus
747 2802 852 2856 est.
952 2795 1187 2873 quando
1245 2794 1318 2855 de
1378 2794 1508 2856 loco
1566 2797 1649 2855 vis
1694 2796 2048 2874 significare,
2097 2797 2350 2875 septimo
2408 2794 2584 2869 dicis,
2652 2793 2712 2854 id
2770 2804 2859 2857 est
2913 2795 3169 2857 ablativo

586 2897 812 2960 sublata
871 2900 1343 2977 praepositione,
1405 2897 1799 2976 ‘Karthagine
1857 2899 2085 2958 venio'.
2178 2896 2290 2958 hoc
2344 2915 2456 2958 nec
2500 2896 2927 2959 dubitationem
2972 2898 3167 2967 habet,

586 3003 649 3062 in
693 3002 891 3062 locum
938 2998 1264 3060 secundum
1310 3002 1737 3069 accusativum,
1799 3000 1873 3060 de
1918 3000 2049 3061 loco
2097 3000 2424 3061 secundum
2470 3001 2784 3079 septimum
2833 2998 2923 3080 [et
2967 2999 3164 3079 plura·
3192 3023 3240 3062 25

588 3101 714 3182 lia],
762 3109 902 3182 puta
948 3100 1195 3162 Romam
1240 3103 1407 3173 vado,
1455 3103 1639 3164 Roma
1685 3103 1874 3173 venio,
1923 3103 2327 3164 Beneventum
2370 3100 2545 3171 vado,
2592 3102 2931 3164 Benevento
2977 3105 3166 3172 venio,

590 3206 844 3284 Capuam
902 3203 1076 3272 vado,
1138 3203 1330 3284 Capua
1388 3206 1593 3274 venio,
1642 3205 1939 3266 Sermium
1995 3204 2170 3276 vado,
2233 3205 2465 3265 Sermio
2510 3205 2700 3265 venio.
2790 3205 2878 3265 sic
2921 3213 3171 3266 currunt

587 3308 699 3367 ista
745 3307 940 3367 omnia
984 3305 1311 3368 secundum
1356 3308 1542 3386 ipsam
1587 3306 2053 3368 similitudinem.
2125 3315 2183 3367 et
2223 3308 2286 3367 in
2332 3305 2671 3367 nominibus
2717 3308 2893 3368 etiam
2938 3309 3172 3368 numeri

587 3417 814 3470 tantum
870 3407 1142 3488 pluralis,
1203 3427 1353 3487 quae
1411 3410 1649 3469 nomina
1707 3409 1978 3471 videntur
2035 3428 2164 3471 esse
2211 3407 2496 3478 difficilia,
2556 3427 2797 3470 necesse
2855 3408 3040 3470 habos
3085 3410 3166 3470 sic

589 3510 777 3590 loqui,
841 3517 906 3570 ut
959 3513 1045 3570 ad
1096 3509 1249 3570 hanc
1294 3510 1497 3572 flectas
1553 3509 2025 3581 similitudinem,
2093 3520 2232 3591 puta
2289 3511 2514 3572 Puteoli
2572 3511 2767 3571 Baiae.
2870 3530 2946 3572 ne
3004 3512 3242 3574 dicasso

589 3612 763 3682 mihi,
821 3632 897 3673 ne
954 3613 1107 3672 sorte
1161 3611 1307 3673 illud
1365 3613 1438 3673 ad
1483 3629 1797 3674 numerum
1842 3617 2206 3688 sinqularem
2253 3612 2481 3681 flectas;
2550 3631 2697 3682 non,
2745 3613 2850 3674 sed
2896 3614 3168 3675 similiter

588 3716 673 3775 sic
718 3716 1015 3794 sequeris:
1085 3710 1289 3776 iltrum
1338 3718 1570 3780 numeri
1613 3718 1691 3776 sit
1731 3715 2076 3795 singulariS,
2133 3735 2207 3776 an
2255 3722 2476 3776 tantum
2523 3712 2795 3794 pluralis,
2859 3715 3017 3777 idem
3065 3725 3167 3777 est.

730 3938 755 3988 l
801 3938 1112 4004 interrogant
1149 3939 1197 3986 Α
1211 3940 1313 3989 BC
1477 3940 1508 3988 5
1547 3939 1792 3988 rationem
1839 3945 2118 4003 sequuntur
2154 3939 2424 3991 ,nominum
2462 3946 2585 4002 puta
2618 3936 2669 3986 B
2701 3938 2893 3987 ratione
2931 3947 3170 3987 secuntur

587 4006 898 4072 (sequuntur
928 4007 993 4072 C)
1033 4011 1387 4074 pronominum
1427 4018 1550 4074 puta
1588 4008 1692 4060 AC
1832 4009 1862 4058 7
1901 4008 2327 4072 quemadmodum
2375 4008 2753 4074 prouinciarum
2791 4023 2931 4061 corr.
2969 4024 3077 4059 -am
3119 4009 3167 4057 A

727 4077 793 4128 10
827 4076 951 4127 haec
989 4079 1197 4128 nomina
1227 4080 1314 4138 (ob
1352 4078 1475 4132 add.
1509 4078 1563 4143 c)
1598 4079 1855 4129 seruanda
1891 4088 2009 4130 sunt
2034 4078 2200 4129 ABG
2339 4079 2395 4129 11
2440 4088 2492 4128 ut
2526 4078 2751 4128 diximus
2777 4078 3034 4143 (dicemus
3070 4077 3168 4142 ὤ)

588 4148 737 4214 paulo
770 4157 887 4212 post
924 4163 1047 4214 ergo
1079 4148 1246 4200 ABG
1423 4149 1482 4199 13
1519 4162 1548 4198 o
1587 4149 1925 4200 mediolanius
1955 4148 2062 4199 Ac
2227 4149 2293 4199 15
2328 4157 2381 4197 ut
2411 4155 2532 4214 puta
2569 4148 2907 4198 mediolanius
2944 4149 3034 4198 sed
3075 4148 3169 4198 hoc

588 4218 750 4268 ABG
890 4218 954 4270 16
991 4227 1040 4267 et
1080 4220 1423 4270 nominatiuus
1462 4220 1597 4268 enim
1644 4229 1693 4270 et
1730 4220 1998 4285 genetiuus
2046 4220 2209 4283 (corr.
2247 4226 2296 4268 et
2346 4217 2697 4282 accusatiuus)
2735 4226 2782 4267 et
2820 4219 3085 4268 uocatiuus
3122 4218 3171 4268 B

588 4298 636 4337 et
670 4287 1012 4338 nominatiuus
1049 4291 1181 4339 enim
1215 4298 1265 4339 et
1293 4289 1559 4340 uocatiuus
1592 4298 1639 4340 et
1683 4290 2007 4340 accusatiuus
2043 4291 2085 4340 0
2121 4300 2170 4338 et
2205 4289 2550 4339 nominatiuus
2581 4288 2717 4337 enim
2749 4298 2798 4337 et
2826 4289 3093 4339 uocatiuus
3119 4290 3169 4338 A

729 4358 793 4408 18
830 4360 1089 4422 possimus
1124 4359 1220 4409 Ba
1271 4375 1546 4427 possumus
1581 4361 1631 4410 A
1645 4361 1685 4411 C
1824 4359 1891 4410 20
1937 4359 2135 4409 sublata
2182 4359 2557 4425 praepositione
2605 4358 2774 4408 dicere
2799 4356 2967 4409 ABG
3103 4361 3169 4409 22

588 4428 863 4478 secundum
899 4431 1031 4479 enim
1071 4429 1428 4497 karthaginem
1464 4431 1784 4480 accusatiuus
1816 4439 1893 4479 est
1933 4429 2096 4480 ABG
2262 4431 2327 4480 24
2362 4428 2616 4494 kartagini
2655 4444 2794 4477 corr.
2837 4443 2924 4477 -ne
2961 4428 3011 4477 A
3054 4429 3167 4478 kar·

593 4498 791 4565 thagini
830 4499 871 4549 G
1041 4499 1139 4550 hoc
1167 4516 1260 4550 nec
1298 4501 1416 4550 dum
1450 4500 1815 4551 dubitationem
1848 4500 1895 4549 A
2072 4501 2139 4551 25
2177 4506 2225 4549 et
2254 4498 2472 4563 pluralia
2510 4498 2614 4548 AG
2645 4508 2694 4547 et
2722 4499 2871 4565 plura
2905 4497 3007 4547 alia
3040 4499 3090 4549 B
3103 4497 3167 4548 a*

729 4570 794 4618 27
839 4584 1053 4636 capyam
1097 4571 1230 4623 uado
1273 4585 1434 4637 capys
1477 4573 1624 4621 uenio
1666 4572 1716 4621 A
1858 4570 1926 4622 28
1969 4578 2020 4620 et
2048 4570 2096 4619 in
2137 4569 2426 4620 nominibus
2462 4567 2725 4632 (omnibus
2758 4568 2834 4632 B)
2862 4569 3015 4617 etiam
3041 4584 3169 4633 quae

585 4638 817 4703 (quando
850 4640 900 4689 A
947 4655 1083 4691 corr.
1124 4643 1272 4692 etiam
1310 4657 1439 4704 quae
1480 4641 1542 4704 a)
1581 4642 1786 4691 uomina
1825 4641 2060 4692 uidentur
2095 4656 2208 4690 esse
2257 4638 2484 4690 difficilia
2522 4653 2730 4689 necesse
2764 4638 2908 4703 (esse
2942 4639 2994 4688 A
3027 4654 3164 4691 corr.

588 4723 797 4759 necesse
833 4710 890 4774 a)
927 4710 1080 4761 babet
1122 4712 1197 4760 sic
1235 4713 1369 4773 loqui
1409 4721 1463 4760 ut
1505 4712 1637 4761 hanc
1676 4714 1843 4761 nectat
1877 4711 2256 4763 similitudinem
2294 4710 2463 4760 ABG
2624 4707 2693 4759 30
2729 4709 2873 4758 baiae
2910 4708 2989 4759 Ob
3025 4709 3166 4760 uaiae

587 4779 844 4898 Zaegade
883 4781 933 4829 A
1073 4781 1149 4831 31.
1178 4781 1240 4830 ad
1284 4797 1544 4832 numerum
1583 4783 1897 4849 singularem
1942 4783 2114 4833 flectas
2150 4780 2521 4836 Lindemannus
2554 4780 2616 4829 ad
2663 4793 2926 4829 numerum
2974 4778 3165 4829 flectam
