3541 5564
628 394 754 458 650
1745 390 2104 451 MACROBll

710 535 721 547 .
748 506 835 544 171.
867 504 915 543 τε
946 501 997 543 ν.

624 529 745 667 mv!
795 584 1093 664 pallescit,
1142 583 1238 641 cui
1287 580 1537 640 necdum
1586 587 1743 639 totus
1790 579 2036 640 diffusus
2093 586 2183 637 est
2228 577 2444 657 pallor,
2492 586 2553 636 et
2596 575 2866 646 calescit,
2915 578 3017 657 qui
3063 579 3216 636 inci-

624 691 887 768 pientem
951 685 1132 746 sentit
1188 683 1468 745 calorem.
1560 683 1733 741 tertia
1795 681 2091 760 perfecta,
2150 698 2300 760 quae
2358 681 2929 740 consummationem
2990 681 3081 738 rei
3140 679 3216 737 de

624 810 737 871 qua
796 789 1057 868 loquitur
1115 785 1371 847 ostendit
1428 792 1486 844 et
1540 790 1848 862 peractum
1905 784 2166 843 officium
2221 784 2501 850 actioniS,
2562 800 2671 841 nec
2728 781 2920 841 adhuc
2964 782 3218 858 cogitari

627 892 715 953 vel
762 893 989 971 coeptis
1033 889 1303 950 haerere.
1395 893 1605 965 quarta
1661 885 2125 963 frequentativa,
2185 884 2340 963 quod
2398 902 2517 957 uno
2563 882 2746 944 verbo
2791 884 3218 962 frequentatio-

628 982 1346 1054 nem⁴administrationis
1391 989 1676 1057 ostendit,
1725 1006 1876 1066 quae
1923 989 2099 1047 etiam
2147 988 2422 1047 iterativa
2455 988 2775 1054 vocitatur,
2823 986 2976 1064 quod
3011 987 3215 1045 iterati
3248 996 3274 1034 ⁵

627 1114 698 1156 ac
756 1096 1103 1174 saepissime
1162 1093 1405 1171 repetiti
1463 1089 1733 1169 obsequii
1799 1089 2069 1165 designat
2126 1089 2434 1156 effectum,
2505 1096 2568 1147 ut
2635 1095 2727 1149 est
2789 1088 2942 1148 lecto
2999 1087 3218 1147 lectito.

631 1197 767 1258 ideo
812 1204 1007 1258 autem
1066 1195 1177 1254 hoc
1235 1194 1444 1253 ordine
1504 1192 1765 1269 digestae
1814 1199 1979 1259 sunt,
2026 1192 2165 1269 quia
2211 1192 2469 1269 primum
2515 1197 2637 1257 est,
2689 1198 2751 1249 ut
2795 1190 2866 1249 dc
2914 1188 3107 1268 aliqua
3155 1207 3220 1249 re

629 1301 933 1378 capiamus
991 1294 1339 1364 consilium;
1402 1293 1757 1362 secundum,
1819 1300 1883 1353 ut
1939 1294 2168 1352 firmato
2227 1292 2475 1353 consilio
2531 1294 2889 1370 incipiamus
2946 1291 3005 1351 id
3064 1291 3219 1370 quod

627 1401 886 1479 placuit;
952 1400 1228 1466 tertium,
1287 1404 1353 1457 ut
1396 1404 1600 1475 coepta
1649 1395 2057 1474 perficiamus;
2110 1402 2419 1474 quartum,
2466 1402 2530 1453 ut
2575 1395 2691 1454 iam
2738 1393 3001 1471 perfecta
3048 1411 3224 1470 repe·

630 1509 839 1562 tamus.
930 1518 1088 1560 nunc
1134 1499 1206 1559 de
1254 1516 1369 1558 una
1414 1516 1646 1578 quaque
1694 1515 1898 1557 earum
1941 1503 2230 1557 tractatus
2275 1498 2556 1575 proprius
2599 1503 2984 1574 proponatur.
3253 1507 3302 1541 ¹0

375 1576 504 1663 ⁸625,
534 1605 597 1652 27
796 1602 880 1662 De
927 1601 1285 1662 meditativa.
1376 1599 1521 1660 haec
1567 1600 1753 1659 forma
1816 1605 1934 1658 tota
1993 1600 2429 1676 coniugationis
2475 1606 2565 1659 est
2610 1599 2828 1657 tertiae
2873 1596 3220 1676 productae.

627 1706 799 1764 cuius
864 1704 1081 1766 similis
1138 1703 1291 1782 apud
1350 1702 1608 1762 Graecos
1664 1717 1897 1780 quoque
1955 1702 2188 1779 species
2225 1702 2564 1767 invenitur.
2655 1699 2796 1759 inde
2853 1706 2992 1759 sunt
3058 1701 3224 1758 enim

629 1805 762 1874 illa,
808 1804 1115 1885 μαθητιῶ
1162 1800 1488 1883 δαιμονιῶ
1534 1801 1816 1882 βινητιῶ
1863 1795 2187 1881 minandi:
2235 1802 2329 1862 his
2375 1803 2535 1860 enim
2584 1799 2798 1877 verbis,
2829 1808 3222 1881 temptamen-

634 1914 756 1968 tum
803 1907 1096 1987 quoddam
1153 1909 1239 1966 rei
1300 1913 1359 1965 et
1416 1905 1754 1973 meditatio,
1813 1922 1931 1963 non
1979 1906 2104 1982 ipse
2152 1904 2397 1963 effectus
2442 1905 2833 1982 exprimitur;
2877 1902 3097 1983 quibus
3142 1904 3224 1961 si-

631 2008 796 2070 milia
851 2008 953 2069 illa
1011 2010 1190 2068 etiam
1247 2007 1553 2075 videntur,
1614 1999 1841 2083 ῥιγείω
1898 1999 2140 2065 ὀκνείω
2196 2004 2535 2084 γαμησείω
2581 2003 3000 2085 πολεμησείω
3044 2002 3222 2083 βρω-
3257 2014 3306 2052 15

635 2109 790 2172 σείω
838 2106 1064 2184 ὄψει’ω.

394 2222 512 2285 625,
540 2223 606 2271 34
807 2212 892 2272 De
940 2212 1296 2272 inchoativa.
1369 2209 1516 2270 haec
1562 2211 1753 2270 forma
1799 2226 2036 2287 semper
2081 2210 2296 2269 tertiae
2344 2216 2657 2289 correptae
2704 2219 2798 2270 est
2839 2212 2903 2270 in
2949 2207 3230 2268 omnihus

639 2312 866 2383 verbiS,
916 2333 948 2374 a
993 2311 1465 2393 quibuscumque
1514 2312 1742 2379 veniat,
1792 2310 1940 2370 adeo
1987 2318 2078 2380 ut,
2128 2312 2241 2371 etsi
2287 2330 2317 2371 a
2351 2311 2533 2371 verbo
2577 2314 2804 2392 primae
2851 2311 3228 2388 coniugatio-

636 2417 731 2475 nis
760 2416 1094 2484 derivetur,
1144 2414 1215 2474 ad
1263 2421 1597 2492 correptam
1628 2421 1826 2473 tamen
1859 2414 2098 2473 tertiam
2145 2420 2436 2484 transeat,
2484 2421 2550 2474 ut
2581 2413 2654 2474 ab
2686 2432 2758 2473 eo
2789 2413 2941 2492 quod
2990 2421 3080 2473 est
3128 2413 3228 2472 hio

636 2517 764 2578 hias
806 2518 1009 2579 hiasco
1055 2523 1115 2575 et
1170 2534 1279 2595 per
1338 2515 1728 2576 conlisionem
1790 2532 1895 2575 seu
1941 2517 2409 2575 contractionem
2456 2515 2639 2575 hisco.
2730 2523 2791 2576 et
2831 2533 3071 2594 semper
3116 2513 3229 2574 sub
3259 2526 3310 2563 ²0

640 2621 828 2679 activa
874 2625 1099 2678 tantum
1145 2617 1541 2678 declinatione
1588 2618 1923 2696 profertur,
1982 2618 2159 2676 etiam
2206 2619 2259 2677 si
2303 2618 2502 2679 veniat
2547 2635 2618 2677 ex
2663 2615 3010 2696 principali,
3070 2615 3230 2696 quod

640 2720 733 2780 sit'
763 2720 957 2780 simile
1004 2720 1271 2799 passivo,
1333 2727 1398 2778 ut
1453 2737 1485 2779 a
1542 2720 1836 2778 misereor
1894 2719 2214 2778 miseresce
2273 2727 2331 2778 et
2389 2736 2419 2777 a
2467 2716 2604 2778 labo
2651 2718 2918 2789 labasco,
2967 2720 3230 2778 ‘mise-

641 2823 1015 2883 rescimus
1071 2820 1309 2880 ultro’
1367 2831 1428 2881 et
1480 2821 1864 2882 ‘labascet
1919 2823 2166 2882 victus
2227 2840 2364 2881 uno
2433 2821 2660 2882 verbo
2727 2842 2784 2902 q.
2843 2825 2930 2882 c’.
3020 2829 3233 2906 contra

642 2942 819 3003 saepe
864 2923 1122 2984 trahitur
1168 2942 1239 2983 ex
1272 2922 1453 2983 verbo
1484 2923 1674 2983 activo
1720 2930 1781 2982 et
1825 2923 2121 3000 significat
2165 2925 2535 3002 passionem,
2582 2926 2851 3004 quamvis
2894 2925 3084 2984 activa
3131 2923 3234 2983 de-

644 3026 963 3086 clinatione
1009 3026 1307 3094 flectatur,
1355 3031 1422 3085 ut
1464 3025 1759 3094 lentesco,
3261 3033 3311 3074 ²5

945 3127 1073 3188 sed
1119 3127 1317 3206 picis
1362 3129 1433 3186 in
1479 3144 1756 3187 morem
1804 3126 1888 3186 ad
1936 3127 2223 3205 digitos
2267 3127 2634 3188 lentescit
2678 3127 3043 3189 habendo.

644 3238 780 3290 sunt
825 3228 1113 3310 quaedam
1160 3228 1493 3288 inchoativa
1538 3235 1599 3288 et
1643 3230 1773 3288 sine
1820 3228 2151 3289 substantia
2199 3228 2581 3307 principalis:
2629 3229 2927 3307 Vergilius
2973 3233 3080 3289 ‘et
3124 3239 3231 3290 tc-

643 3331 910 3392 nebris
965 3333 1423 3409 nigrescunt
1490 3331 1732 3390 omnia
1801 3331 2143 3399 circum’,
2214 3349 2348 3391 cum
2414 3347 2530 3389 non
2598 3332 2820 3393 dicitur
2874 3334 3114 3410 nigreo;
3173 3341 3236 3391 et.

645 3430 974 3515 Lucreltius
1019 3433 1571 3509 ‘grandescere
1618 3433 1996 3502 adauctu',
2056 3450 2168 3493 nec
2212 3439 2409 3492 tamen
2454 3432 2677 3493 dicitur
2720 3434 3002 3512 granden.
3093 3443 3236 3494 sunt

645 3555 794 3615 quae
849 3534 1075 3595 habent
1129 3534 1480 3613 principalis
1536 3536 1626 3594 sui
1684 3552 1997 3613 personam
2055 3536 2322 3603 tertiam,
2392 3553 2525 3596 cum
2584 3536 2776 3614 prima
2832 3555 2950 3596 non
3007 3544 3233 3596 exstet:
3262 3548 3311 3584 δυ

647 3635 903 3697 hebesco
960 3653 1000 3694 a
1054 3637 1229 3695 verbo
1283 3644 1370 3697 est
1424 3635 1634 3705 hebet,
1705 3634 1898 3694 hebeo
1952 3643 2149 3696 autem
2207 3637 2453 3697 latinum
2509 3655 2623 3697 non
2681 3647 2803 3698 est:
2870 3639 3136 3699 lentesco
3201 3658 3234 3698 a

650 3737 832 3798 verbo
873 3739 1090 3806 lentet‚
1137 3736 1400 3799 Lucilius
1446 3739 1732 3798 ‘lentot
1776 3741 2024 3817 opus';
2085 3737 2188 3798 sed
2247 3739 2442 3799 lenteo
2498 3741 2626 3800 sine
2669 3758 2784 3802 usu
2829 3748 2958 3801 est:
3020 3759 3232 3819 aegre-

648 3841 761 3901 scit
804 3858 835 3899 a
880 3838 1062 3900 verbo
1106 3848 1337 3916 aegret,
1383 3841 1698 3901 Lucretius

952 3959 1170 4020 saepe
1214 3944 1465 4022 itaque
1508 3944 1579 4001 in
1612 3948 1949 4020 promptu
1993 3961 2263 4022 corpus
2306 3931 2497 4022 quod
2529 3946 2906 4005 cernimus
2937 3955 3234 4022 aegret;

653 4062 868 4122 aegreo
926 4050 1121 4104 tamen
1180 4043 1403 4103 dictum
1459 4062 1578 4103 non
1634 4052 1743 4104 est.
1832 4042 1979 4103 haec
2034 4045 2222 4105 forma
2280 4064 2515 4125 semper
2557 4049 2618 4108 in
2665 4065 2767 4106 sco
2813 4047 3065 4117 desinit,
3116 4059 3312 4107 non3⁵

650 4154 847 4207 tamen
902 4145 1188 4224 quidquid
1236 4147 1358 4205 exit
1410 4146 1473 4205 in
1516 4163 1617 4204 sco
1660 4146 2057 4205 inchoativum
2105 4153 2216 4206 est.
2304 4167 2439 4208 nam
2483 4166 2632 4229 quae
2675 4166 2794 4209 non
2840 4157 2977 4209 sunt
3022 4169 3056 4208 a
3102 4169 3234 4210 ver-

791 4334 818 4383 1
844 4333 1069 4398 palescet
1091 4347 1227 4385 corr.
1254 4331 1464 4396 palescit
1487 4330 1536 4379 B
1627 4331 1822 4381 caliscit
1846 4331 1895 4380 B
1986 4333 2020 4380 4
2044 4331 2472 4394 frequentationes
2499 4334 2548 4384 B
2636 4335 2668 4383 6
2695 4335 2806 4385 desi
2849 4337 2921 4385 nit
2945 4336 2996 4385 B
3092 4339 3157 4386 19
3183 4348 3239 4386 ut

654 4401 815 4452 om.B
906 4402 971 4450 22
996 4400 1258 4450 miserisco
1285 4399 1335 4447 B
1404 4399 1768 4449 miscriscimus
1796 4398 1872 4448 B:
1903 4400 1952 4448 V
1953 4415 2061 4466 cry.
2087 4403 2223 4452 Aen.
2251 4404 2292 4451 11
2320 4403 2417 4452 145
2492 4404 2558 4453 23
2582 4403 2805 4453 labascet
2867 4404 3069 4455 Terent.
3097 4405 3238 4455 Eun.

659 4472 677 4519 l
704 4472 753 4527 2,
778 4471 844 4521 98
980 4470 1047 4518 25
1071 4469 1298 4516 flectatur
1329 4482 1465 4518 corr.
1493 4467 1720 4517 flectetur
1744 4468 1796 4517 B
1931 4470 1996 4517 26
2020 4466 2131 4534 sed]
2167 4470 2322 4536 Verq.
2344 4486 2518 4535 qeorq.
2541 4471 2585 4519 11
2611 4472 2710 4520 250
2825 4473 3049 4522 lentiscit
3073 4472 3125 4521 B

656 4539 720 4587 27
747 4550 796 4586 et
818 4533 1055 4601 tenebris]
1090 4536 1245 4600 Ver-9.
1272 4537 1405 4586 Aen.
1432 4535 1633 4599 Kisa-1
1769 4537 1835 4587 28
1870 4536 2165 4600 ingr-escunt
2197 4555 2335 4588 corr.
2376 4541 2667 4603 nigrescunt
2691 4538 2742 4587 B
2876 4556 2994 4589 cum
3034 4577 3237 4594 ......

658 4607 802 4669 nigro
829 4605 878 4654 B
1022 4607 1088 4653 29
1122 4606 1459 4669 grandescere
1490 4601 1677 4654 l'iauctu
1701 4604 1753 4652 B
1776 4606 2112 4668 grandescere
2135 4607 2352 4656 adaucta
2376 4609 2458 4659 ed.
2492 4608 2643 4659 Vina.
2670 4608 2880 4658 Lucu-ee,
2905 4610 2951 4658 11
2979 4611 3110 4659 1122

659 4676 722 4734 31
758 4673 977 4724 hebesco
1014 4706 1215 4726 ......
1251 4682 1327 4722 est
1357 4671 1425 4720 B.
1462 4673 1556 4722 huc
1585 4675 1851 4737 pertinere
1884 4674 2117 4724 videntur
2151 4691 2281 4740 quae
2316 4677 2367 4724 in
2402 4677 2494 4725 imo
2530 4676 2756 4739 maraine
2789 4677 3109 4727 membranae
3143 4679 3238 4726 ad·

657 4744 856 4805 scripta
892 4748 1006 4790 sunt
1041 4743 1093 4790 in
1129 4740 1197 4800 B,
1226 4756 1283 4788 ca
1309 4741 1461 4790 verba
1488 4755 1616 4801 quae
1641 4741 1853 4804 primam
1880 4756 1979 4790 non
2005 4741 2193 4791 habent
2219 4757 2486 4808 personam
2623 4742 2866 4810 lentesco]
2894 4745 3044 4796 lentis
3072 4785 3084 4796 .
3107 4784 3119 4795 .
3145 4788 3156 4797 .
3187 4746 3239 4794 B

796 4812 860 4859 32
897 4805 1141 4870 Lucilius]
1177 4808 1225 4856 in
1252 4809 1365 4858 Vlll
1392 4809 1690 4859 Priscianus
1722 4812 1755 4859 l.
1782 4809 1897 4858 Vlll
1921 4826 1975 4873 p.
2004 4811 2120 4870 397,
2146 4812 2214 4860 25
2349 4814 2415 4862 33
2443 4809 2724 4877 Lucretius]
2757 4814 2820 4862 ΙΙΙ
2852 4815 2949 4863 106
3086 4817 3150 4864 34
3186 4815 3236 4863 iu

663 4885 841 4943 proptu
869 4875 918 4924 Β
1054 4890 1319 4924 cernemus
1344 4876 1394 4923 B
