<?xml version="1.0" encoding="UTF-8"?>
<!DOCTYPE html PUBLIC "-//W3C//DTD XHTML 1.0 Transitional//EN"
    "http://www.w3.org/TR/xhtml1/DTD/xhtml1-transitional.dtd">
<html xmlns="http://www.w3.org/1999/xhtml" xml:lang="en" lang="en">
 <head>
  <title>
</title>
<meta http-equiv="Content-Type" content="text/html;charset=utf-8" />
  <meta name='ocr-system' content='tesseract 3.04.00' />
  <meta name='ocr-capabilities' content='ocr_page ocr_carea ocr_par ocr_line ocrx_word'/>
</head>
<body>
  <div class='ocr_page' id='page_1' title='image "./grammaticilatin10keilgoog_0627.png"; bbox 0 0 3541 5564; ppageno 0'>
   <div class='ocr_carea' id='block_1_1' title="bbox 1067 466 2934 539">
    <p class='ocr_par' dir='ltr' id='par_1_1' title="bbox 1067 466 2934 539">
     <span class='ocr_line' id='line_1_1' title="bbox 1067 466 2934 539; baseline 0.001 -11"><span class='ocrx_word' id='word_1_1' title='bbox 1067 467 1466 539; x_wconf 80' lang='lat' dir='ltr'><strong>EXCERPTA</strong></span> <span class='ocrx_word' id='word_1_2' title='bbox 1510 468 1858 529; x_wconf 81' lang='lat' dir='ltr'><strong>PARISINA</strong></span> <span class='ocrx_word' id='word_1_3' title='bbox 1903 468 2051 530; x_wconf 84' lang='lat' dir='ltr'>XVI.</span> <span class='ocrx_word' id='word_1_4' title='bbox 2100 469 2254 531; x_wconf 88' lang='lat' dir='ltr'><strong>XVll</strong></span> <span class='ocrx_word' id='word_1_5' title='bbox 2809 466 2934 529; x_wconf 83' lang='lat'><strong>619</strong></span> 
     </span>
    </p>
   </div>
   <div class='ocr_carea' id='block_1_2' title="bbox 362 574 2933 735">
    <p class='ocr_par' dir='ltr' id='par_1_2' title="bbox 362 574 2933 735">
     <span class='ocr_line' id='line_1_2' title="bbox 2533 574 2865 628; baseline 0.003 -12"><span class='ocrx_word' id='word_1_6' title='bbox 2533 588 2575 628; x_wconf 89' lang='lat' dir='ltr'><strong>p.</strong></span> <span class='ocrx_word' id='word_1_7' title='bbox 2597 576 2711 616; x_wconf 80' lang='lat'>2755.</span> <span class='ocrx_word' id='word_1_8' title='bbox 2742 577 2791 615; x_wconf 82' lang='grc'><strong>56</strong></span> <span class='ocrx_word' id='word_1_9' title='bbox 2821 574 2865 617; x_wconf 85' lang='grc' dir='ltr'><strong>Ρ.</strong></span> 
     </span>
     <span class='ocr_line' id='line_1_3' title="bbox 362 655 2933 735; baseline 0 -22"><span class='ocrx_word' id='word_1_10' title='bbox 362 655 603 715; x_wconf 89' lang='lat' dir='ltr'><strong>clinatio</strong></span> <span class='ocrx_word' id='word_1_11' title='bbox 649 663 908 731; x_wconf 85' lang='lat' dir='ltr'><strong>vagatur,</strong></span> <span class='ocrx_word' id='word_1_12' title='bbox 957 655 1059 715; x_wconf 86' lang='lat' dir='ltr'><strong>sed</strong></span> <span class='ocrx_word' id='word_1_13' title='bbox 1105 663 1354 733; x_wconf 83' lang='lat' dir='ltr'><strong>utroque</strong></span> <span class='ocrx_word' id='word_1_14' title='bbox 1402 656 1665 735; x_wconf 79' lang='lat' dir='ltr'><strong>perfecto</strong></span> <span class='ocrx_word' id='word_1_15' title='bbox 1708 657 1885 717; x_wconf 89' lang='lat' dir='ltr'><strong>simul</strong></span> <span class='ocrx_word' id='word_1_16' title='bbox 1942 659 2162 717; x_wconf 75' lang='lat' dir='ltr'><strong>iuncto,</strong></span> <span class='ocrx_word' id='word_1_17' title='bbox 2251 655 2455 715; x_wconf 91' lang='lat' dir='ltr'><strong>dicunt</strong></span> <span class='ocrx_word' id='word_1_18' title='bbox 2512 657 2671 714; x_wconf 90' lang='lat' dir='ltr'><strong>enim</strong></span> <span class='ocrx_word' id='word_1_19' title='bbox 2717 672 2933 733; x_wconf 89' lang='grc' dir='ltr'><strong><em>παρα-</em></strong></span> 
     </span>
    </p>
   </div>
   <div class='ocr_carea' id='block_1_3' title="bbox 292 749 3158 4699">
    <p class='ocr_par' dir='ltr' id='par_1_3' title="bbox 292 749 2949 2665">
     <span class='ocr_line' id='line_1_4' title="bbox 364 749 2935 836; baseline 0 -21"><span class='ocrx_word' id='word_1_20' title='bbox 364 752 672 836; x_wconf 80' lang='grc' dir='ltr'><strong><em>κειμένον</em></strong></span> <span class='ocrx_word' id='word_1_21' title='bbox 714 752 824 816; x_wconf 78' lang='grc' dir='ltr'><strong>καὶ</strong></span> <span class='ocrx_word' id='word_1_22' title='bbox 866 749 1446 834; x_wconf 83' lang='grc' dir='ltr'><strong><em>ὑπερσυντελικοῦ</em></strong></span> <span class='ocrx_word' id='word_1_23' title='bbox 1486 758 1797 836; x_wconf 83' lang='grc' dir='ltr'><strong><em>νενίκηκε</em></strong></span> <span class='ocrx_word' id='word_1_24' title='bbox 1837 752 2239 836; x_wconf 82' lang='grc' dir='ltr'><strong><em>νενικηκέτω</em></strong></span> <span class='ocrx_word' id='word_1_25' title='bbox 2281 766 2340 816; x_wconf 90' lang='lat' dir='ltr'><strong>et</strong></span> <span class='ocrx_word' id='word_1_26' title='bbox 2386 755 2702 835; x_wconf 86' lang='grc' dir='ltr'><strong><em>νενίκησο</em></strong></span> <span class='ocrx_word' id='word_1_27' title='bbox 2747 775 2935 816; x_wconf 84' lang='grc' dir='ltr'><strong><em>νενι-</em></strong></span> 
     </span>
     <span class='ocr_line' id='line_1_5' title="bbox 363 854 2932 938; baseline -0.001 -21"><span class='ocrx_word' id='word_1_28' title='bbox 363 854 653 936; x_wconf 85' lang='grc' dir='ltr'><strong><em>κήσθω.’</em></strong></span> <span class='ocrx_word' id='word_1_29' title='bbox 707 858 861 938; x_wconf 91' lang='lat' dir='ltr'><strong>quod</strong></span> <span class='ocrx_word' id='word_1_30' title='bbox 908 877 1082 938; x_wconf 90' lang='lat' dir='ltr'><strong>qnam</strong></span> <span class='ocrx_word' id='word_1_31' title='bbox 1130 862 1530 920; x_wconf 85' lang='lat' dir='ltr'><strong>necessarium</strong></span> <span class='ocrx_word' id='word_1_32' title='bbox 1577 860 1670 927; x_wconf 87' lang='lat' dir='ltr'><strong>sit,</strong></span> <span class='ocrx_word' id='word_1_33' title='bbox 1719 859 1859 919; x_wconf 89' lang='lat' dir='ltr'><strong>hinc</strong></span> <span class='ocrx_word' id='word_1_34' title='bbox 1905 867 2139 938; x_wconf 88' lang='lat' dir='ltr'><strong>sumpto</strong></span> <span class='ocrx_word' id='word_1_35' title='bbox 2183 868 2531 936; x_wconf 84' lang='lat' dir='ltr'><strong>argumento</strong></span> <span class='ocrx_word' id='word_1_36' title='bbox 2578 861 2932 936; x_wconf 78' lang='lat' dir='ltr'><strong>requiratur.</strong></span> 
     </span>
     <span class='ocr_line' id='line_1_6' title="bbox 360 959 2935 1040; baseline 0.001 -24"><span class='ocrx_word' id='word_1_37' title='bbox 360 978 647 1037; x_wconf 86' lang='lat' dir='ltr'><strong>ponamus</strong></span> <span class='ocrx_word' id='word_1_38' title='bbox 703 969 968 1022; x_wconf 87' lang='lat' dir='ltr'><strong>senatum</strong></span> <span class='ocrx_word' id='word_1_39' title='bbox 1026 969 1359 1039; x_wconf 82' lang='lat' dir='ltr'><strong>pugnaturo</strong></span> <span class='ocrx_word' id='word_1_40' title='bbox 1415 960 1640 1021; x_wconf 83' lang='lat' dir='ltr'><strong>consuli</strong></span> <span class='ocrx_word' id='word_1_41' title='bbox 1709 960 1799 1019; x_wconf 88' lang='lat' dir='ltr'><strong>vel</strong></span> <span class='ocrx_word' id='word_1_42' title='bbox 1869 960 2158 1020; x_wconf 79' lang='lat' dir='ltr'><strong>militibus</strong></span> <span class='ocrx_word' id='word_1_43' title='bbox 2224 962 2520 1040; x_wconf 89' lang='lat' dir='ltr'><strong>imperare</strong></span> <span class='ocrx_word' id='word_1_44' title='bbox 2586 959 2935 1020; x_wconf 82' lang='lat' dir='ltr'><strong>conficiendi</strong></span> 
     </span>
     <span class='ocr_line' id='line_1_7' title="bbox 310 1053 2938 1142; baseline 0.001 -23"><span class='ocrx_word' id='word_1_45' title='bbox 310 1077 335 1113; x_wconf 78' lang='lat'>⁵</span> <span class='ocrx_word' id='word_1_46' title='bbox 364 1060 505 1121; x_wconf 87' lang='lat' dir='ltr'><strong>belli</strong></span> <span class='ocrx_word' id='word_1_47' title='bbox 554 1062 943 1131; x_wconf 81' lang='lat' dir='ltr'><strong>celeritatem,</strong></span> <span class='ocrx_word' id='word_1_48' title='bbox 992 1057 1122 1140; x_wconf 84' lang='grc' dir='ltr'><strong><em>πρὸ</em></strong></span> <span class='ocrx_word' id='word_1_49' title='bbox 1171 1056 1349 1141; x_wconf 74' lang='grc' dir='ltr'><strong><em>ὥρας</em></strong></span> <span class='ocrx_word' id='word_1_50' title='bbox 1392 1058 1583 1142; x_wconf 79' lang='grc' dir='ltr'><strong><em>ἕκτης</em></strong></span> <span class='ocrx_word' id='word_1_51' title='bbox 1625 1054 1664 1140; x_wconf 84' lang='grc' dir='ltr'><em>ἡ</em></span> <span class='ocrx_word' id='word_1_52' title='bbox 1712 1055 2016 1141; x_wconf 77' lang='grc' dir='ltr'><strong><em>συμβολὴ</em></strong></span> <span class='ocrx_word' id='word_1_53' title='bbox 2061 1057 2527 1142; x_wconf 74' lang='grc' dir='ltr'><strong><em>πεπληρώσθω</em></strong></span> <span class='ocrx_word' id='word_1_54' title='bbox 2574 1062 2664 1121; x_wconf 86' lang='lat' dir='ltr'><strong>vel</strong></span> <span class='ocrx_word' id='word_1_55' title='bbox 2695 1053 2735 1139; x_wconf 87' lang='grc' dir='ltr'><em>ἡ</em></span> <span class='ocrx_word' id='word_1_56' title='bbox 2763 1056 2938 1140; x_wconf 79' lang='grc' dir='ltr'><strong><em>μάχη</em></strong></span> 
     </span>
     <span class='ocr_line' id='line_1_8' title="bbox 363 1157 2936 1244; baseline -0 -23"><span class='ocrx_word' id='word_1_57' title='bbox 363 1159 761 1244; x_wconf 82' lang='grc' dir='ltr'><strong><em>πεποιήσθω</em></strong></span> <span class='ocrx_word' id='word_1_58' title='bbox 820 1165 907 1225; x_wconf 89' lang='lat' dir='ltr'><strong>vel</strong></span> <span class='ocrx_word' id='word_1_59' title='bbox 966 1157 1001 1224; x_wconf 87' lang='grc' dir='ltr'>ὁ</span> <span class='ocrx_word' id='word_1_60' title='bbox 1061 1162 1351 1244; x_wconf 82' lang='grc' dir='ltr'><strong><em>πόλεμος</em></strong></span> <span class='ocrx_word' id='word_1_61' title='bbox 1406 1159 1812 1242; x_wconf 85' lang='grc' dir='ltr'><strong><em>νενικήσθω.</em></strong></span> <span class='ocrx_word' id='word_1_62' title='bbox 1902 1164 2166 1223; x_wconf 79' lang='lat' dir='ltr'><strong>futurum</strong></span> <span class='ocrx_word' id='word_1_63' title='bbox 2223 1182 2456 1243; x_wconf 83' lang='lat' dir='ltr'><strong>quoque</strong></span> <span class='ocrx_word' id='word_1_64' title='bbox 2511 1180 2682 1223; x_wconf 90' lang='lat' dir='ltr'><strong>suum</strong></span> <span class='ocrx_word' id='word_1_65' title='bbox 2726 1163 2936 1223; x_wconf 86' lang='lat' dir='ltr'><strong>Graeci</strong></span> 
     </span>
     <span class='ocr_line' id='line_1_9' title="bbox 360 1265 2935 1346; baseline -0.001 -23"><span class='ocrx_word' id='word_1_66' title='bbox 360 1283 493 1323; x_wconf 87' lang='lat' dir='ltr'><strong>cum</strong></span> <span class='ocrx_word' id='word_1_67' title='bbox 539 1269 759 1326; x_wconf 86' lang='lat' dir='ltr'><strong>aoristo</strong></span> <span class='ocrx_word' id='word_1_68' title='bbox 790 1269 1057 1345; x_wconf 87' lang='lat' dir='ltr'><strong>iungunt,</strong></span> <span class='ocrx_word' id='word_1_69' title='bbox 1106 1269 1243 1346; x_wconf 87' lang='lat' dir='ltr'><strong>quia</strong></span> <span class='ocrx_word' id='word_1_70' title='bbox 1290 1265 1502 1327; x_wconf 85' lang='lat' dir='ltr'><strong>iisdem</strong></span> <span class='ocrx_word' id='word_1_71' title='bbox 1548 1268 1737 1343; x_wconf 83' lang='lat' dir='ltr'><strong>signis</strong></span> <span class='ocrx_word' id='word_1_72' title='bbox 1766 1269 1827 1324; x_wconf 77' lang='lat' dir='ltr'><strong>in</strong></span> <span class='ocrx_word' id='word_1_73' title='bbox 1874 1265 2191 1326; x_wconf 88' lang='lat' dir='ltr'><strong>indicativo</strong></span> <span class='ocrx_word' id='word_1_74' title='bbox 2223 1273 2538 1343; x_wconf 85' lang='lat' dir='ltr'><strong>utrumque</strong></span> <span class='ocrx_word' id='word_1_75' title='bbox 2585 1265 2935 1325; x_wconf 85' lang='lat' dir='ltr'><strong>dinoscitur.</strong></span> 
     </span>
     <span class='ocr_line' id='line_1_10' title="bbox 364 1361 2940 1446; baseline 0 -21"><span class='ocrx_word' id='word_1_76' title='bbox 364 1385 497 1426; x_wconf 90' lang='lat' dir='ltr'><strong>nam</strong></span> <span class='ocrx_word' id='word_1_77' title='bbox 544 1370 593 1426; x_wconf 89' lang='lat' dir='ltr'><strong>si</strong></span> <span class='ocrx_word' id='word_1_78' title='bbox 640 1370 899 1428; x_wconf 89' lang='lat' dir='ltr'><strong>aoristus</strong></span> <span class='ocrx_word' id='word_1_79' title='bbox 946 1369 1177 1429; x_wconf 85' lang='lat' dir='ltr'><strong>desinat</strong></span> <span class='ocrx_word' id='word_1_80' title='bbox 1222 1371 1282 1428; x_wconf 93' lang='lat' dir='ltr'><strong>in</strong></span> <span class='ocrx_word' id='word_1_81' title='bbox 1329 1381 1437 1446; x_wconf 93' lang='grc' dir='ltr'><strong>σα,</strong></span> <span class='ocrx_word' id='word_1_82' title='bbox 1484 1370 1746 1428; x_wconf 81' lang='lat' dir='ltr'><strong>futurum</strong></span> <span class='ocrx_word' id='word_1_83' title='bbox 1793 1369 1855 1427; x_wconf 92' lang='lat' dir='ltr'><strong>in</strong></span> <span class='ocrx_word' id='word_1_84' title='bbox 1902 1378 1996 1427; x_wconf 92' lang='grc' dir='ltr'><strong>σω</strong></span> <span class='ocrx_word' id='word_1_85' title='bbox 2041 1370 2423 1434; x_wconf 88' lang='lat' dir='ltr'><strong>terminatur,</strong></span> <span class='ocrx_word' id='word_1_86' title='bbox 2482 1361 2774 1445; x_wconf 79' lang='grc' dir='ltr'><em>ἐλάλησα</em></span> <span class='ocrx_word' id='word_1_87' title='bbox 2820 1366 2940 1425; x_wconf 78' lang='grc' dir='ltr'><strong><em>λα·-</em></strong></span> 
     </span>
     <span class='ocr_line' id='line_1_11' title="bbox 366 1463 2940 1548; baseline 0 -22"><span class='ocrx_word' id='word_1_88' title='bbox 366 1464 578 1548; x_wconf 83' lang='grc' dir='ltr'><strong><em>λήσω;</em></strong></span> <span class='ocrx_word' id='word_1_89' title='bbox 640 1471 690 1529; x_wconf 87' lang='lat' dir='ltr'><strong>si</strong></span> <span class='ocrx_word' id='word_1_90' title='bbox 747 1469 857 1529; x_wconf 87' lang='lat' dir='ltr'><strong>hoc</strong></span> <span class='ocrx_word' id='word_1_91' title='bbox 919 1473 979 1530; x_wconf 90' lang='lat' dir='ltr'><strong>in</strong></span> <span class='ocrx_word' id='word_1_92' title='bbox 1038 1468 1148 1548; x_wconf 84' lang='grc' dir='ltr'><strong>ξα,</strong></span> <span class='ocrx_word' id='word_1_93' title='bbox 1207 1470 1350 1531; x_wconf 88' lang='lat' dir='ltr'><strong>illud</strong></span> <span class='ocrx_word' id='word_1_94' title='bbox 1414 1475 1474 1531; x_wconf 91' lang='lat' dir='ltr'><strong>in</strong></span> <span class='ocrx_word' id='word_1_95' title='bbox 1534 1465 1657 1545; x_wconf 82' lang='grc' dir='ltr'><strong>ξω,</strong></span> <span class='ocrx_word' id='word_1_96' title='bbox 1703 1465 1955 1546; x_wconf 83' lang='grc' dir='ltr'><strong><em>ἔπραξα</em></strong></span> <span class='ocrx_word' id='word_1_97' title='bbox 2001 1463 2257 1546; x_wconf 79' lang='grc' dir='ltr'><strong><em>πράξω;</em></strong></span> <span class='ocrx_word' id='word_1_98' title='bbox 2324 1471 2373 1528; x_wconf 89' lang='lat' dir='ltr'><strong>si</strong></span> <span class='ocrx_word' id='word_1_99' title='bbox 2432 1471 2491 1527; x_wconf 92' lang='lat' dir='ltr'><strong>in</strong></span> <span class='ocrx_word' id='word_1_100' title='bbox 2540 1480 2656 1545; x_wconf 82' lang='grc' dir='ltr'><strong>ψα,</strong></span> <span class='ocrx_word' id='word_1_101' title='bbox 2703 1470 2764 1527; x_wconf 91' lang='lat' dir='ltr'><strong>in</strong></span> <span class='ocrx_word' id='word_1_102' title='bbox 2812 1474 2940 1544; x_wconf 82' lang='grc' dir='ltr'><strong>ψω,</strong></span> 
     </span>
     <span class='ocr_line' id='line_1_12' title="bbox 292 1565 2940 1652; baseline -0.001 -22"><span class='ocrx_word' id='word_1_103' title='bbox 292 1587 339 1623; x_wconf 81' lang='lat'><strong>1⁰</strong></span> <span class='ocrx_word' id='word_1_104' title='bbox 368 1567 629 1649; x_wconf 80' lang='grc' dir='ltr'><strong><em>ἔπεμψα</em></strong></span> <span class='ocrx_word' id='word_1_105' title='bbox 675 1566 932 1652; x_wconf 80' lang='grc' dir='ltr'><strong><em>πέμψω.</em></strong></span> <span class='ocrx_word' id='word_1_106' title='bbox 1002 1590 1144 1648; x_wconf 85' lang='lat' dir='ltr'><strong>ergo</strong></span> <span class='ocrx_word' id='word_1_107' title='bbox 1175 1567 1473 1651; x_wconf 77' lang='grc' dir='ltr'><strong><em>λάλησον</em></strong></span> <span class='ocrx_word' id='word_1_108' title='bbox 1504 1567 1760 1647; x_wconf 81' lang='grc' dir='ltr'><strong><em>πρᾶξον</em></strong></span> <span class='ocrx_word' id='word_1_109' title='bbox 1789 1565 2053 1647; x_wconf 81' lang='grc' dir='ltr'><strong><em>πέμψον</em></strong></span> <span class='ocrx_word' id='word_1_110' title='bbox 2084 1570 2467 1647; x_wconf 85' lang='lat' dir='ltr'><strong>adsignantur</strong></span> <span class='ocrx_word' id='word_1_111' title='bbox 2498 1569 2672 1630; x_wconf 87' lang='lat' dir='ltr'><strong>simul</strong></span> <span class='ocrx_word' id='word_1_112' title='bbox 2702 1571 2940 1648; x_wconf 85' lang='lat' dir='ltr'><strong>utrique</strong></span> 
     </span>
     <span class='ocr_line' id='line_1_13' title="bbox 360 1671 2941 1752; baseline 0 -23"><span class='ocrx_word' id='word_1_113' title='bbox 360 1673 645 1750; x_wconf 87' lang='lat' dir='ltr'><strong>tempori,</strong></span> <span class='ocrx_word' id='word_1_114' title='bbox 703 1676 842 1752; x_wconf 82' lang='lat' dir='ltr'><strong>quia</strong></span> <span class='ocrx_word' id='word_1_115' title='bbox 902 1676 1207 1752; x_wconf 88' lang='lat' dir='ltr'><strong>utriusque</strong></span> <span class='ocrx_word' id='word_1_116' title='bbox 1268 1674 1433 1749; x_wconf 85' lang='lat' dir='ltr'><strong>signa</strong></span> <span class='ocrx_word' id='word_1_117' title='bbox 1492 1671 1916 1733; x_wconf 87' lang='lat' dir='ltr'><strong>demonstrant.</strong></span> <span class='ocrx_word' id='word_1_118' title='bbox 2005 1675 2182 1732; x_wconf 89' lang='lat' dir='ltr'><strong>tertia</strong></span> <span class='ocrx_word' id='word_1_119' title='bbox 2241 1691 2382 1732; x_wconf 89' lang='lat' dir='ltr'><strong>vero</strong></span> <span class='ocrx_word' id='word_1_120' title='bbox 2441 1690 2693 1750; x_wconf 86' lang='lat' dir='ltr'><strong>persona</strong></span> <span class='ocrx_word' id='word_1_121' title='bbox 2754 1674 2941 1748; x_wconf 85' lang='lat' dir='ltr'><strong>magis</strong></span> 
     </span>
     <span class='ocr_line' id='line_1_14' title="bbox 364 1768 2949 1854; baseline 0 -23"><span class='ocrx_word' id='word_1_122' title='bbox 364 1774 646 1833; x_wconf 88' lang='lat' dir='ltr'><strong>aoristum</strong></span> <span class='ocrx_word' id='word_1_123' title='bbox 691 1777 938 1852; x_wconf 86' lang='lat' dir='ltr'><strong>respicit</strong></span> <span class='ocrx_word' id='word_1_124' title='bbox 990 1794 1164 1854; x_wconf 89' lang='lat' dir='ltr'><strong>quam</strong></span> <span class='ocrx_word' id='word_1_125' title='bbox 1222 1775 1517 1835; x_wconf 79' lang='lat' dir='ltr'><strong>futurum:</strong></span> <span class='ocrx_word' id='word_1_126' title='bbox 1587 1775 1726 1833; x_wconf 82' lang='lat' dir='ltr'><strong>facit</strong></span> <span class='ocrx_word' id='word_1_127' title='bbox 1784 1775 1943 1833; x_wconf 89' lang='lat' dir='ltr'><strong>enim</strong></span> <span class='ocrx_word' id='word_1_128' title='bbox 2001 1768 2352 1851; x_wconf 77' lang='grc' dir='ltr'><strong><em>λαλησάτω</em></strong></span> <span class='ocrx_word' id='word_1_129' title='bbox 2409 1768 2718 1852; x_wconf 84' lang='grc' dir='ltr'><strong><em>πραξάτω</em></strong></span> <span class='ocrx_word' id='word_1_130' title='bbox 2777 1791 2949 1852; x_wconf 57' lang='grc' dir='ltr'><strong><em>πεμ-,</em></strong></span> 
     </span>
     <span class='ocr_line' id='line_1_15' title="bbox 367 1867 2943 1956; baseline -0.001 -22"><span class='ocrx_word' id='word_1_131' title='bbox 367 1869 576 1953; x_wconf 74' lang='grc' dir='ltr'><strong><em>φάτω,</em></strong></span> <span class='ocrx_word' id='word_1_132' title='bbox 621 1894 753 1935; x_wconf 86' lang='lat' dir='ltr'><strong>cum</strong></span> <span class='ocrx_word' id='word_1_133' title='bbox 802 1888 887 1935; x_wconf 92' lang='grc' dir='ltr'><strong>σα</strong></span> <span class='ocrx_word' id='word_1_134' title='bbox 932 1871 1010 1950; x_wconf 79' lang='grc' dir='ltr'><strong>ξα</strong></span> <span class='ocrx_word' id='word_1_135' title='bbox 1056 1884 1148 1948; x_wconf 76' lang='grc' dir='ltr'><strong>ψα</strong></span> <span class='ocrx_word' id='word_1_136' title='bbox 1193 1874 1605 1956; x_wconf 79' lang='grc' dir='ltr'><strong><em>χαρακτῆρες</em></strong></span> <span class='ocrx_word' id='word_1_137' title='bbox 1648 1877 1769 1934; x_wconf 89' lang='lat' dir='ltr'><strong>sint</strong></span> <span class='ocrx_word' id='word_1_138' title='bbox 1814 1867 2154 1953; x_wconf 77' lang='grc' dir='ltr'><strong><em>ἀορίστου.</em></strong></span> <span class='ocrx_word' id='word_1_139' title='bbox 2226 1876 2383 1935; x_wconf 88' lang='lat' dir='ltr'><strong>idem</strong></span> <span class='ocrx_word' id='word_1_140' title='bbox 2415 1882 2581 1935; x_wconf 86' lang='lat' dir='ltr'><strong>sonat</strong></span> <span class='ocrx_word' id='word_1_141' title='bbox 2627 1882 2685 1934; x_wconf 89' lang='lat' dir='ltr'><strong>et</strong></span> <span class='ocrx_word' id='word_1_142' title='bbox 2716 1874 2943 1953; x_wconf 80' lang='lat' dir='ltr'><strong>plurale</strong></span> 
     </span>
     <span class='ocr_line' id='line_1_16' title="bbox 365 1971 2944 2056; baseline 0 -23"><span class='ocrx_word' id='word_1_143' title='bbox 365 1971 706 2054; x_wconf 82' lang='grc' dir='ltr'><strong><em>ποιήσατε,</em></strong></span> <span class='ocrx_word' id='word_1_144' title='bbox 753 1980 920 2037; x_wconf 89' lang='lat' dir='ltr'><strong>cuius</strong></span> <span class='ocrx_word' id='word_1_145' title='bbox 965 1979 1141 2037; x_wconf 89' lang='lat' dir='ltr'><strong>tertia</strong></span> <span class='ocrx_word' id='word_1_146' title='bbox 1187 1996 1436 2056; x_wconf 88' lang='lat' dir='ltr'><strong>persona</strong></span> <span class='ocrx_word' id='word_1_147' title='bbox 1484 1995 1689 2036; x_wconf 87' lang='lat' dir='ltr'><strong>rursus</strong></span> <span class='ocrx_word' id='word_1_148' title='bbox 1744 1994 1879 2035; x_wconf 90' lang='lat' dir='ltr'><strong>cum</strong></span> <span class='ocrx_word' id='word_1_149' title='bbox 1926 1976 2324 2036; x_wconf 89' lang='lat' dir='ltr'><strong>additamento</strong></span> <span class='ocrx_word' id='word_1_150' title='bbox 2370 1978 2578 2036; x_wconf 81' lang='lat' dir='ltr'><strong>tertiae</strong></span> <span class='ocrx_word' id='word_1_151' title='bbox 2624 1976 2944 2053; x_wconf 82' lang='lat' dir='ltr'><strong>singularis</strong></span> 
     </span>
     <span class='ocr_line' id='line_1_17' title="bbox 294 2073 2941 2158; baseline 0.001 -23"><span class='ocrx_word' id='word_1_152' title='bbox 294 2091 340 2129; x_wconf 83' lang='lat'><strong>15</strong></span> <span class='ocrx_word' id='word_1_153' title='bbox 367 2078 623 2138; x_wconf 82' lang='lat' dir='ltr'><strong>eflicitur</strong></span> <span class='ocrx_word' id='word_1_154' title='bbox 667 2073 1162 2158; x_wconf 80' lang='grc' dir='ltr'><strong><em>ποιησάτωσαν.</em></strong></span> <span class='ocrx_word' id='word_1_155' title='bbox 1240 2087 1299 2138; x_wconf 91' lang='lat' dir='ltr'><strong>et</strong></span> <span class='ocrx_word' id='word_1_156' title='bbox 1346 2089 1407 2139; x_wconf 93' lang='lat' dir='ltr'><strong>ut</strong></span> <span class='ocrx_word' id='word_1_157' title='bbox 1452 2078 1563 2137; x_wconf 89' lang='lat' dir='ltr'><strong>hoc</strong></span> <span class='ocrx_word' id='word_1_158' title='bbox 1608 2078 1768 2137; x_wconf 89' lang='lat' dir='ltr'><strong>idem</strong></span> <span class='ocrx_word' id='word_1_159' title='bbox 1817 2085 2063 2156; x_wconf 84' lang='lat' dir='ltr'><strong>tempus,</strong></span> <span class='ocrx_word' id='word_1_160' title='bbox 2134 2077 2191 2137; x_wconf 94' lang='lat' dir='ltr'><strong>id</strong></span> <span class='ocrx_word' id='word_1_161' title='bbox 2239 2085 2328 2136; x_wconf 90' lang='lat' dir='ltr'><strong>est</strong></span> <span class='ocrx_word' id='word_1_162' title='bbox 2375 2080 2641 2138; x_wconf 80' lang='lat' dir='ltr'><strong>futurum</strong></span> <span class='ocrx_word' id='word_1_163' title='bbox 2687 2079 2941 2156; x_wconf 87' lang='lat' dir='ltr'><strong>impera-</strong></span> 
     </span>
     <span class='ocr_line' id='line_1_18' title="bbox 371 2179 2943 2258; baseline 0.001 -22"><span class='ocrx_word' id='word_1_164' title='bbox 371 2180 493 2248; x_wconf 87' lang='lat' dir='ltr'><strong>tivi,</strong></span> <span class='ocrx_word' id='word_1_165' title='bbox 525 2181 825 2258; x_wconf 86' lang='lat' dir='ltr'><strong>passivum</strong></span> <span class='ocrx_word' id='word_1_166' title='bbox 865 2182 981 2249; x_wconf 80' lang='lat' dir='ltr'><strong>fiat,</strong></span> <span class='ocrx_word' id='word_1_167' title='bbox 1030 2182 1285 2241; x_wconf 84' lang='lat' dir='ltr'><strong>sumitur</strong></span> <span class='ocrx_word' id='word_1_168' title='bbox 1316 2182 1570 2239; x_wconf 87' lang='lat' dir='ltr'><strong>aoristus</strong></span> <span class='ocrx_word' id='word_1_169' title='bbox 1614 2180 1851 2248; x_wconf 77' lang='lat' dir='ltr'><strong>infiniti,</strong></span> <span class='ocrx_word' id='word_1_170' title='bbox 1901 2187 1959 2238; x_wconf 88' lang='lat' dir='ltr'><strong>et</strong></span> <span class='ocrx_word' id='word_1_171' title='bbox 2004 2179 2161 2239; x_wconf 87' lang='lat' dir='ltr'><strong>nulla</strong></span> <span class='ocrx_word' id='word_1_172' title='bbox 2194 2181 2433 2239; x_wconf 87' lang='lat' dir='ltr'><strong>omnino</strong></span> <span class='ocrx_word' id='word_1_173' title='bbox 2478 2179 2673 2238; x_wconf 87' lang='lat' dir='ltr'><strong>littera</strong></span> <span class='ocrx_word' id='word_1_174' title='bbox 2722 2187 2943 2239; x_wconf 86' lang='lat' dir='ltr'><strong>mutata</strong></span> 
     </span>
     <span class='ocr_line' id='line_1_19' title="bbox 368 2279 2943 2361; baseline 0.001 -22"><span class='ocrx_word' id='word_1_175' title='bbox 368 2287 709 2360; x_wconf 82' lang='lat' dir='ltr'><strong>tantumque</strong></span> <span class='ocrx_word' id='word_1_176' title='bbox 756 2288 1003 2342; x_wconf 86' lang='lat' dir='ltr'><strong>accentu</strong></span> <span class='ocrx_word' id='word_1_177' title='bbox 1049 2300 1284 2342; x_wconf 88' lang='lat' dir='ltr'><strong>sursum</strong></span> <span class='ocrx_word' id='word_1_178' title='bbox 1331 2281 1401 2341; x_wconf 88' lang='lat' dir='ltr'><strong>ad</strong></span> <span class='ocrx_word' id='word_1_179' title='bbox 1447 2280 1905 2361; x_wconf 84' lang='lat' dir='ltr'><strong>praecedentem</strong></span> <span class='ocrx_word' id='word_1_180' title='bbox 1961 2279 2244 2360; x_wconf 81' lang='lat' dir='ltr'><strong>syllabam</strong></span> <span class='ocrx_word' id='word_1_181' title='bbox 2290 2288 2481 2341; x_wconf 88' lang='lat' dir='ltr'><strong>tracto</strong></span> <span class='ocrx_word' id='word_1_182' title='bbox 2527 2282 2790 2341; x_wconf 87' lang='lat' dir='ltr'><strong>futurum</strong></span> <span class='ocrx_word' id='word_1_183' title='bbox 2837 2284 2943 2341; x_wconf 90' lang='lat' dir='ltr'><strong>im-</strong></span> 
     </span>
     <span class='ocr_line' id='line_1_20' title="bbox 368 2376 2947 2462; baseline 0.001 -23"><span class='ocrx_word' id='word_1_184' title='bbox 368 2385 617 2460; x_wconf 89' lang='lat' dir='ltr'><strong>perativi</strong></span> <span class='ocrx_word' id='word_1_185' title='bbox 683 2385 899 2462; x_wconf 88' lang='lat' dir='ltr'><strong>passivi</strong></span> <span class='ocrx_word' id='word_1_186' title='bbox 967 2385 1059 2452; x_wconf 79' lang='lat' dir='ltr'><strong>fit,</strong></span> <span class='ocrx_word' id='word_1_187' title='bbox 1128 2381 1400 2460; x_wconf 82' lang='grc' dir='ltr'><strong><em>ποιῆσαι</em></strong></span> <span class='ocrx_word' id='word_1_188' title='bbox 1466 2382 1773 2462; x_wconf 87' lang='grc' dir='ltr'><strong><em>ποίησαι,</em></strong></span> <span class='ocrx_word' id='word_1_189' title='bbox 1839 2380 2123 2461; x_wconf 83' lang='grc' dir='ltr'><strong><em>λαλῆσαι</em></strong></span> <span class='ocrx_word' id='word_1_190' title='bbox 2179 2376 2494 2462; x_wconf 81' lang='grc' dir='ltr'><strong><em>λάλησαι,</em></strong></span> <span class='ocrx_word' id='word_1_191' title='bbox 2552 2385 2720 2443; x_wconf 88' lang='lat' dir='ltr'><strong>cuius</strong></span> <span class='ocrx_word' id='word_1_192' title='bbox 2774 2385 2947 2442; x_wconf 88' lang='lat' dir='ltr'><strong>tertia</strong></span> 
     </span>
     <span class='ocr_line' id='line_1_21' title="bbox 368 2478 2949 2564; baseline 0.001 -22"><span class='ocrx_word' id='word_1_193' title='bbox 368 2503 616 2564; x_wconf 89' lang='lat' dir='ltr'><strong>persona</strong></span> <span class='ocrx_word' id='word_1_194' title='bbox 664 2486 728 2545; x_wconf 81' lang='lat' dir='ltr'><strong>sit</strong></span> <span class='ocrx_word' id='word_1_195' title='bbox 772 2484 844 2545; x_wconf 93' lang='lat' dir='ltr'><strong>de</strong></span> <span class='ocrx_word' id='word_1_196' title='bbox 892 2486 1066 2544; x_wconf 90' lang='lat' dir='ltr'><strong>tertia</strong></span> <span class='ocrx_word' id='word_1_197' title='bbox 1113 2486 1287 2544; x_wconf 90' lang='lat' dir='ltr'><strong>activi</strong></span> <span class='ocrx_word' id='word_1_198' title='bbox 1335 2492 1557 2545; x_wconf 92' lang='lat' dir='ltr'><strong>mutato</strong></span> <span class='ocrx_word' id='word_1_199' title='bbox 1601 2504 1636 2544; x_wconf 92' lang='grc' dir='ltr'><strong><em>τ</em></strong></span> <span class='ocrx_word' id='word_1_200' title='bbox 1680 2486 1742 2543; x_wconf 89' lang='lat' dir='ltr'><strong>in</strong></span> <span class='ocrx_word' id='word_1_201' title='bbox 1788 2486 1901 2560; x_wconf 88' lang='grc' dir='ltr'><strong>σθ,</strong></span> <span class='ocrx_word' id='word_1_202' title='bbox 1950 2478 2286 2562; x_wconf 79' lang='grc' dir='ltr'><strong><em>ποιησάτω</em></strong></span> <span class='ocrx_word' id='word_1_203' title='bbox 2331 2481 2747 2564; x_wconf 78' lang='grc' dir='ltr'><strong><em>ποιησάσθω,</em></strong></span> <span class='ocrx_word' id='word_1_204' title='bbox 2795 2487 2949 2544; x_wconf 88' lang='lat' dir='ltr'><strong>sicut</strong></span> 
     </span>
     <span class='ocr_line' id='line_1_22' title="bbox 292 2580 1986 2665; baseline -0.001 -20"><span class='ocrx_word' id='word_1_205' title='bbox 292 2599 343 2637; x_wconf 71' lang='lat'><strong>³20</strong></span> <span class='ocrx_word' id='word_1_206' title='bbox 374 2595 432 2645; x_wconf 88' lang='lat' dir='ltr'><strong>et</strong></span> <span class='ocrx_word' id='word_1_207' title='bbox 476 2592 723 2647; x_wconf 80' lang='grc' dir='ltr'><strong><em>ποιεῖτε</em></strong></span> <span class='ocrx_word' id='word_1_208' title='bbox 771 2588 1077 2646; x_wconf 82' lang='grc' dir='ltr'><strong><em>ποιεῖσθε</em></strong></span> <span class='ocrx_word' id='word_1_209' title='bbox 1122 2593 1183 2645; x_wconf 90' lang='lat' dir='ltr'><strong>et</strong></span> <span class='ocrx_word' id='word_1_210' title='bbox 1226 2582 1546 2665; x_wconf 80' lang='grc' dir='ltr'><strong><em>ποιήσατε</em></strong></span> <span class='ocrx_word' id='word_1_211' title='bbox 1591 2580 1986 2665; x_wconf 88' lang='grc' dir='ltr'><strong><em>ποιήσασθε.</em></strong></span> 
     </span>
    </p>

    <p class='ocr_par' dir='ltr' id='par_1_4' title="bbox 370 2680 3158 3073">
     <span class='ocr_line' id='line_1_23' title="bbox 538 2680 3158 2773; baseline -0.001 -26"><span class='ocrx_word' id='word_1_212' title='bbox 538 2687 619 2747; x_wconf 88' lang='lat' dir='ltr'><strong>De</strong></span> <span class='ocrx_word' id='word_1_213' title='bbox 687 2690 1063 2748; x_wconf 85' lang='lat' dir='ltr'><strong>coniunctivo</strong></span> <span class='ocrx_word' id='word_1_214' title='bbox 1131 2689 1321 2773; x_wconf 83' lang='lat' dir='ltr'><strong>modo.</strong></span> <span class='ocrx_word' id='word_1_215' title='bbox 1426 2689 1797 2747; x_wconf 88' lang='lat' dir='ltr'><strong>coniunctiva</strong></span> <span class='ocrx_word' id='word_1_216' title='bbox 1864 2685 2239 2755; x_wconf 89' lang='lat' dir='ltr'><strong>Latinorum,</strong></span> <span class='ocrx_word' id='word_1_217' title='bbox 2317 2705 2466 2766; x_wconf 89' lang='lat' dir='ltr'><strong>quae</strong></span> <span class='ocrx_word' id='word_1_218' title='bbox 2541 2680 2950 2749; x_wconf 81' lang='grc' dir='ltr'><strong><em>ὑποτακτικά</em></strong></span> <span class='ocrx_word' id='word_1_219' title='bbox 2979 2700 3071 2747; x_wconf 79' lang='lat'><strong>159</strong></span> <span class='ocrx_word' id='word_1_220' title='bbox 3101 2700 3158 2745; x_wconf 89' lang='lat' dir='ltr'><strong>v.</strong></span> 
     </span>
     <span class='ocr_line' id='line_1_24' title="bbox 370 2789 2948 2868; baseline 0 -19"><span class='ocrx_word' id='word_1_221' title='bbox 370 2789 756 2860; x_wconf 87' lang='lat' dir='ltr'><strong>Graecorum,</strong></span> <span class='ocrx_word' id='word_1_222' title='bbox 816 2809 1051 2850; x_wconf 88' lang='lat' dir='ltr'><strong>cansam</strong></span> <span class='ocrx_word' id='word_1_223' title='bbox 1113 2790 1382 2851; x_wconf 84' lang='lat' dir='ltr'><strong>vocabuli</strong></span> <span class='ocrx_word' id='word_1_224' title='bbox 1429 2809 1501 2849; x_wconf 87' lang='lat' dir='ltr'><strong>ex</strong></span> <span class='ocrx_word' id='word_1_225' title='bbox 1547 2808 1661 2850; x_wconf 92' lang='lat' dir='ltr'><strong>una</strong></span> <span class='ocrx_word' id='word_1_226' title='bbox 1708 2790 2029 2868; x_wconf 87' lang='lat' dir='ltr'><strong>eademque</strong></span> <span class='ocrx_word' id='word_1_227' title='bbox 2088 2790 2320 2864; x_wconf 84' lang='lat' dir='ltr'><strong>origine</strong></span> <span class='ocrx_word' id='word_1_228' title='bbox 2375 2791 2724 2850; x_wconf 86' lang='lat' dir='ltr'><strong>sortiuntur.</strong></span> <span class='ocrx_word' id='word_1_229' title='bbox 2816 2809 2948 2851; x_wconf 86' lang='lat' dir='ltr'><strong>nam</strong></span> 
     </span>
     <span class='ocr_line' id='line_1_25' title="bbox 372 2891 2949 2970; baseline 0.002 -21"><span class='ocrx_word' id='word_1_230' title='bbox 372 2910 443 2950; x_wconf 86' lang='lat' dir='ltr'><strong>ex</strong></span> <span class='ocrx_word' id='word_1_231' title='bbox 501 2891 620 2951; x_wconf 87' lang='lat' dir='ltr'><strong>sola</strong></span> <span class='ocrx_word' id='word_1_232' title='bbox 676 2894 1091 2952; x_wconf 88' lang='lat' dir='ltr'><strong>coniunctione</strong></span> <span class='ocrx_word' id='word_1_233' title='bbox 1148 2910 1297 2970; x_wconf 88' lang='lat' dir='ltr'><strong>quae</strong></span> <span class='ocrx_word' id='word_1_234' title='bbox 1357 2894 1413 2952; x_wconf 86' lang='lat' dir='ltr'><strong>ei</strong></span> <span class='ocrx_word' id='word_1_235' title='bbox 1471 2891 1689 2951; x_wconf 89' lang='lat' dir='ltr'><strong>accidit</strong></span> <span class='ocrx_word' id='word_1_236' title='bbox 1743 2892 2148 2960; x_wconf 78' lang='lat' dir='ltr'><strong>coniunctivus</strong></span> <span class='ocrx_word' id='word_1_237' title='bbox 2206 2891 2412 2951; x_wconf 88' lang='lat' dir='ltr'><strong>modus</strong></span> <span class='ocrx_word' id='word_1_238' title='bbox 2471 2893 2794 2970; x_wconf 88' lang='lat' dir='ltr'><strong>appellatus</strong></span> <span class='ocrx_word' id='word_1_239' title='bbox 2840 2901 2949 2962; x_wconf 91' lang='lat' dir='ltr'><strong>est,</strong></span> 
     </span>
     <span class='ocr_line' id='line_1_26' title="bbox 376 2986 2949 3073; baseline 0.001 -22"><span class='ocrx_word' id='word_1_240' title='bbox 376 2992 527 3051; x_wconf 85' lang='lat' dir='ltr'><strong>unde</strong></span> <span class='ocrx_word' id='word_1_241' title='bbox 584 3003 641 3052; x_wconf 88' lang='lat' dir='ltr'><strong>et</strong></span> <span class='ocrx_word' id='word_1_242' title='bbox 698 2993 911 3053; x_wconf 87' lang='lat' dir='ltr'><strong>Graeci</strong></span> <span class='ocrx_word' id='word_1_243' title='bbox 968 2986 1419 3054; x_wconf 81' lang='grc' dir='ltr'><strong><em>ὑποτακτικὸν</em></strong></span> <span class='ocrx_word' id='word_1_244' title='bbox 1464 2986 1574 3053; x_wconf 74' lang='grc' dir='ltr'><strong>διὰ</strong></span> <span class='ocrx_word' id='word_1_245' title='bbox 1620 2991 1740 3053; x_wconf 85' lang='grc' dir='ltr'><strong><em>τοῦ</em></strong></span> <span class='ocrx_word' id='word_1_246' title='bbox 1786 2987 2234 3070; x_wconf 79' lang='grc' dir='ltr'><strong><em>ὑποτετάχθαι</em></strong></span> <span class='ocrx_word' id='word_1_247' title='bbox 2283 2995 2704 3054; x_wconf 86' lang='lat' dir='ltr'><strong>vocitaverunt.</strong></span> <span class='ocrx_word' id='word_1_248' title='bbox 2794 2994 2949 3073; x_wconf 88' lang='lat' dir='ltr'><strong>apud</strong></span> 
     </span>
    </p>

    <p class='ocr_par' dir='ltr' id='par_1_5' title="bbox 297 3091 2953 3580">
     <span class='ocr_line' id='line_1_27' title="bbox 297 3091 2948 3175; baseline 0.002 -24"><span class='ocrx_word' id='word_1_249' title='bbox 297 3107 347 3146; x_wconf 81' lang='lat'><strong>25</strong></span> <span class='ocrx_word' id='word_1_250' title='bbox 373 3112 520 3171; x_wconf 83' lang='lat' dir='ltr'><strong>quos</strong></span> <span class='ocrx_word' id='word_1_251' title='bbox 567 3093 675 3153; x_wconf 91' lang='lat' dir='ltr'><strong>hoc</strong></span> <span class='ocrx_word' id='word_1_252' title='bbox 720 3094 898 3155; x_wconf 88' lang='lat' dir='ltr'><strong>habet</strong></span> <span class='ocrx_word' id='word_1_253' title='bbox 941 3096 1324 3175; x_wconf 87' lang='lat' dir='ltr'><strong>praecipuum</strong></span> <span class='ocrx_word' id='word_1_254' title='bbox 1370 3096 1466 3154; x_wconf 88' lang='lat' dir='ltr'><strong>hic</strong></span> <span class='ocrx_word' id='word_1_255' title='bbox 1512 3094 1739 3164; x_wconf 78' lang='lat' dir='ltr'><strong>moduS,</strong></span> <span class='ocrx_word' id='word_1_256' title='bbox 1784 3095 1940 3173; x_wconf 91' lang='lat' dir='ltr'><strong>quod</strong></span> <span class='ocrx_word' id='word_1_257' title='bbox 1974 3113 2144 3154; x_wconf 89' lang='lat' dir='ltr'><strong>omne</strong></span> <span class='ocrx_word' id='word_1_258' title='bbox 2194 3091 2202 3175; x_wconf 84' lang='grc' dir='ltr'>Ι</span> <span class='ocrx_word' id='word_1_259' title='bbox 2253 3102 2486 3173; x_wconf 84' lang='lat' dir='ltr'><strong>tempus</strong></span> <span class='ocrx_word' id='word_1_260' title='bbox 2528 3099 2658 3156; x_wconf 85' lang='lat' dir='ltr'><strong>eius</strong></span> <span class='ocrx_word' id='word_1_261' title='bbox 2697 3099 2948 3156; x_wconf 88' lang='lat' dir='ltr'><strong>activum</strong></span> 
     </span>
     <span class='ocr_line' id='line_1_28' title="bbox 373 3188 2952 3278; baseline 0.002 -24"><span class='ocrx_word' id='word_1_262' title='bbox 373 3197 623 3273; x_wconf 89' lang='lat' dir='ltr'><strong>primam</strong></span> <span class='ocrx_word' id='word_1_263' title='bbox 672 3214 982 3274; x_wconf 88' lang='lat' dir='ltr'><strong>personam</strong></span> <span class='ocrx_word' id='word_1_264' title='bbox 1030 3197 1386 3275; x_wconf 81' lang='lat' dir='ltr'><strong>singularem</strong></span> <span class='ocrx_word' id='word_1_265' title='bbox 1434 3199 1495 3256; x_wconf 90' lang='lat' dir='ltr'><strong>in</strong></span> <span class='ocrx_word' id='word_1_266' title='bbox 1542 3215 1593 3254; x_wconf 90' lang='grc' dir='ltr'><strong><em>ω</em></strong></span> <span class='ocrx_word' id='word_1_267' title='bbox 1639 3197 1843 3264; x_wconf 88' lang='lat' dir='ltr'><strong>mittit,</strong></span> <span class='ocrx_word' id='word_1_268' title='bbox 1893 3188 2014 3257; x_wconf 81' lang='grc' dir='ltr'><strong>ἐὰν</strong></span> <span class='ocrx_word' id='word_1_269' title='bbox 2058 3194 2229 3256; x_wconf 73' lang='grc' dir='ltr'><strong><em>ποιῶ</em></strong></span> <span class='ocrx_word' id='word_1_270' title='bbox 2273 3189 2392 3256; x_wconf 79' lang='grc' dir='ltr'><strong>ἐὰν</strong></span> <span class='ocrx_word' id='word_1_271' title='bbox 2436 3193 2782 3278; x_wconf 83' lang='grc' dir='ltr'><strong><em>πεποιήκω</em></strong></span> <span class='ocrx_word' id='word_1_272' title='bbox 2830 3191 2952 3258; x_wconf 74' lang='grc' dir='ltr'><strong>ἐὰν</strong></span> 
     </span>
     <span class='ocr_line' id='line_1_29' title="bbox 375 3285 2943 3377; baseline 0.002 -23"><span class='ocrx_word' id='word_1_273' title='bbox 375 3285 654 3375; x_wconf 82' lang='grc' dir='ltr'><strong><em>ποιήσω,</em></strong></span> <span class='ocrx_word' id='word_1_274' title='bbox 701 3297 846 3357; x_wconf 90' lang='lat' dir='ltr'><strong>adeo</strong></span> <span class='ocrx_word' id='word_1_275' title='bbox 890 3306 954 3358; x_wconf 93' lang='lat' dir='ltr'><strong>ut</strong></span> <span class='ocrx_word' id='word_1_276' title='bbox 999 3307 1058 3357; x_wconf 87' lang='lat' dir='ltr'><strong>et</strong></span> <span class='ocrx_word' id='word_1_277' title='bbox 1102 3298 1203 3359; x_wconf 91' lang='lat' dir='ltr'><strong>illa</strong></span> <span class='ocrx_word' id='word_1_278' title='bbox 1252 3298 1428 3359; x_wconf 90' lang='lat' dir='ltr'><strong>verba</strong></span> <span class='ocrx_word' id='word_1_279' title='bbox 1474 3317 1622 3377; x_wconf 83' lang='lat' dir='ltr'><strong>quae</strong></span> <span class='ocrx_word' id='word_1_280' title='bbox 1668 3299 1727 3357; x_wconf 90' lang='lat' dir='ltr'><strong>in</strong></span> <span class='ocrx_word' id='word_1_281' title='bbox 1774 3317 1846 3376; x_wconf 85' lang='grc' dir='ltr'><strong>μι</strong></span> <span class='ocrx_word' id='word_1_282' title='bbox 1891 3305 2136 3365; x_wconf 83' lang='lat' dir='ltr'><strong>exeunt,</strong></span> <span class='ocrx_word' id='word_1_283' title='bbox 2195 3315 2329 3358; x_wconf 91' lang='lat' dir='ltr'><strong>cum</strong></span> <span class='ocrx_word' id='word_1_284' title='bbox 2387 3297 2458 3357; x_wconf 91' lang='lat' dir='ltr'><strong>ad</strong></span> <span class='ocrx_word' id='word_1_285' title='bbox 2505 3298 2660 3359; x_wconf 90' lang='lat' dir='ltr'><strong>hunc</strong></span> <span class='ocrx_word' id='word_1_286' title='bbox 2707 3299 2943 3359; x_wconf 89' lang='lat' dir='ltr'><strong>modum</strong></span> 
     </span>
     <span class='ocr_line' id='line_1_30' title="bbox 376 3398 2953 3476; baseline 0.002 -21"><span class='ocrx_word' id='word_1_287' title='bbox 376 3401 665 3468; x_wconf 87' lang='lat' dir='ltr'><strong>venerint,</strong></span> <span class='ocrx_word' id='word_1_288' title='bbox 714 3399 959 3460; x_wconf 87' lang='lat' dir='ltr'><strong>redeant</strong></span> <span class='ocrx_word' id='word_1_289' title='bbox 1004 3400 1074 3459; x_wconf 91' lang='lat' dir='ltr'><strong>ad</strong></span> <span class='ocrx_word' id='word_1_290' title='bbox 1121 3400 1221 3459; x_wconf 91' lang='lat' dir='ltr'><strong>illa</strong></span> <span class='ocrx_word' id='word_1_291' title='bbox 1268 3403 1328 3460; x_wconf 89' lang='lat' dir='ltr'><strong>in</strong></span> <span class='ocrx_word' id='word_1_292' title='bbox 1375 3420 1426 3459; x_wconf 91' lang='grc' dir='ltr'><strong><em>ω</em></strong></span> <span class='ocrx_word' id='word_1_293' title='bbox 1472 3400 1806 3460; x_wconf 84' lang='lat' dir='ltr'><strong>desinentia</strong></span> <span class='ocrx_word' id='word_1_294' title='bbox 1852 3398 1923 3458; x_wconf 91' lang='lat' dir='ltr'><strong>de</strong></span> <span class='ocrx_word' id='word_1_295' title='bbox 1969 3398 2190 3476; x_wconf 84' lang='lat' dir='ltr'><strong>quibus</strong></span> <span class='ocrx_word' id='word_1_296' title='bbox 2235 3398 2504 3459; x_wconf 90' lang='lat' dir='ltr'><strong>derivata</strong></span> <span class='ocrx_word' id='word_1_297' title='bbox 2549 3406 2723 3468; x_wconf 86' lang='lat' dir='ltr'><strong>sunt,</strong></span> <span class='ocrx_word' id='word_1_298' title='bbox 2783 3399 2953 3460; x_wconf 83' lang='grc' dir='ltr'><strong><em>τιθῶ</em></strong></span> 
     </span>
     <span class='ocr_line' id='line_1_31' title="bbox 374 3491 2950 3580; baseline 0.002 -22"><span class='ocrx_word' id='word_1_299' title='bbox 374 3498 603 3580; x_wconf 85' lang='grc' dir='ltr'><strong><em>τίθημι</em></strong></span> <span class='ocrx_word' id='word_1_300' title='bbox 650 3509 708 3560; x_wconf 89' lang='lat' dir='ltr'><strong>et</strong></span> <span class='ocrx_word' id='word_1_301' title='bbox 753 3504 814 3560; x_wconf 92' lang='lat' dir='ltr'><strong>in</strong></span> <span class='ocrx_word' id='word_1_302' title='bbox 860 3503 1237 3561; x_wconf 89' lang='lat' dir='ltr'><strong>coniunctivo</strong></span> <span class='ocrx_word' id='word_1_303' title='bbox 1285 3493 1406 3562; x_wconf 79' lang='grc' dir='ltr'><strong>ἐὰν</strong></span> <span class='ocrx_word' id='word_1_304' title='bbox 1451 3499 1642 3579; x_wconf 79' lang='grc' dir='ltr'><strong><em>τιθιὸ,</em></strong></span> <span class='ocrx_word' id='word_1_305' title='bbox 1690 3503 1833 3560; x_wconf 88' lang='lat' dir='ltr'><strong>item</strong></span> <span class='ocrx_word' id='word_1_306' title='bbox 1879 3496 2045 3559; x_wconf 76' lang='grc' dir='ltr'><strong><em>διδῶ</em></strong></span> <span class='ocrx_word' id='word_1_307' title='bbox 2088 3495 2329 3579; x_wconf 81' lang='grc' dir='ltr'><strong><em>δίδωμι</em></strong></span> <span class='ocrx_word' id='word_1_308' title='bbox 2377 3491 2498 3560; x_wconf 77' lang='grc' dir='ltr'><strong>ἐὰν</strong></span> <span class='ocrx_word' id='word_1_309' title='bbox 2542 3498 2728 3562; x_wconf 70' lang='grc' dir='ltr'><strong><em>διδοῖ.</em></strong></span> <span class='ocrx_word' id='word_1_310' title='bbox 2774 3494 2950 3563; x_wconf 84' lang='grc' dir='ltr'><strong><em>ὑπο-</em></strong></span> 
     </span>
    </p>

    <p class='ocr_par' dir='ltr' id='par_1_6' title="bbox 299 3596 2953 4114">
     <span class='ocr_line' id='line_1_32' title="bbox 299 3596 2951 3682; baseline 0.002 -22"><span class='ocrx_word' id='word_1_311' title='bbox 299 3596 654 3661; x_wconf 68' lang='lat' dir='ltr'><strong>somnum}</strong></span> <span class='ocrx_word' id='word_1_312' title='bbox 709 3603 1068 3663; x_wconf 90' lang='lat' dir='ltr'><strong>Graecorum</strong></span> <span class='ocrx_word' id='word_1_313' title='bbox 1126 3602 1375 3682; x_wconf 80' lang='lat' dir='ltr'><strong>syllabas</strong></span> <span class='ocrx_word' id='word_1_314' title='bbox 1430 3620 1579 3682; x_wconf 90' lang='lat' dir='ltr'><strong>quae</strong></span> <span class='ocrx_word' id='word_1_315' title='bbox 1637 3603 1700 3662; x_wconf 91' lang='lat' dir='ltr'><strong>in</strong></span> <span class='ocrx_word' id='word_1_316' title='bbox 1755 3602 1892 3662; x_wconf 89' lang='lat' dir='ltr'><strong>aliis</strong></span> <span class='ocrx_word' id='word_1_317' title='bbox 1949 3602 2138 3662; x_wconf 90' lang='lat' dir='ltr'><strong>modis</strong></span> <span class='ocrx_word' id='word_1_318' title='bbox 2184 3600 2394 3662; x_wconf 89' lang='lat' dir='ltr'><strong>breves</strong></span> <span class='ocrx_word' id='word_1_319' title='bbox 2457 3603 2708 3664; x_wconf 51' lang='lat' dir='ltr'><strong>suerunt¹</strong></span> <span class='ocrx_word' id='word_1_320' title='bbox 2741 3606 2802 3664; x_wconf 90' lang='lat' dir='ltr'><strong>in</strong></span> <span class='ocrx_word' id='word_1_321' title='bbox 2847 3622 2951 3664; x_wconf 91' lang='lat' dir='ltr'><strong>sua</strong></span> 
     </span>
     <span class='ocr_line' id='line_1_33' title="bbox 373 3697 2953 3784; baseline 0.001 -22"><span class='ocrx_word' id='word_1_322' title='bbox 373 3702 764 3763; x_wconf 85' lang='lat' dir='ltr'><strong>declinatione</strong></span> <span class='ocrx_word' id='word_1_323' title='bbox 819 3704 1182 3783; x_wconf 86' lang='lat' dir='ltr'><strong>producunt,</strong></span> <span class='ocrx_word' id='word_1_324' title='bbox 1236 3699 1519 3784; x_wconf 74' lang='grc' dir='ltr'><strong><em>’λέγομεν</em></strong></span> <span class='ocrx_word' id='word_1_325' title='bbox 1579 3697 1697 3764; x_wconf 80' lang='grc' dir='ltr'><strong>ἐὰν</strong></span> <span class='ocrx_word' id='word_1_326' title='bbox 1751 3698 2067 3782; x_wconf 76' lang='grc' dir='ltr'><strong><em>λέγωμεν.</em></strong></span> <span class='ocrx_word' id='word_1_327' title='bbox 2145 3703 2248 3763; x_wconf 87' lang='lat' dir='ltr'><strong>sed</strong></span> <span class='ocrx_word' id='word_1_328' title='bbox 2304 3712 2364 3764; x_wconf 91' lang='lat' dir='ltr'><strong>et</strong></span> <span class='ocrx_word' id='word_1_329' title='bbox 2409 3723 2465 3764; x_wconf 92' lang='grc' dir='ltr'><strong>ει</strong></span> <span class='ocrx_word' id='word_1_330' title='bbox 2527 3704 2953 3783; x_wconf 86' lang='lat' dir='ltr'><strong>diphthongum</strong></span> 
     </span>
     <span class='ocr_line' id='line_1_34' title="bbox 374 3790 2949 3886; baseline 0.002 -24"><span class='ocrx_word' id='word_1_331' title='bbox 374 3804 435 3863; x_wconf 90' lang='lat' dir='ltr'><strong>in</strong></span> <span class='ocrx_word' id='word_1_332' title='bbox 479 3790 900 3883; x_wconf 53' lang='lat' dir='ltr'><strong>ffva&#39;mutant,</strong></span> <span class='ocrx_word' id='word_1_333' title='bbox 949 3801 1121 3884; x_wconf 84' lang='grc' dir='ltr'><strong><em>λε’γω</em></strong></span> <span class='ocrx_word' id='word_1_334' title='bbox 1167 3801 1402 3885; x_wconf 76' lang='grc' dir='ltr'><strong><em>λέγεις,</em></strong></span> <span class='ocrx_word' id='word_1_335' title='bbox 1451 3798 1571 3866; x_wconf 83' lang='grc' dir='ltr'><strong>ἐὰν</strong></span> <span class='ocrx_word' id='word_1_336' title='bbox 1617 3800 1788 3883; x_wconf 82' lang='grc' dir='ltr'><strong><em>λέγω</em></strong></span> <span class='ocrx_word' id='word_1_337' title='bbox 1837 3794 1956 3866; x_wconf 76' lang='grc' dir='ltr'><strong>ἐὰν</strong></span> <span class='ocrx_word' id='word_1_338' title='bbox 2003 3801 2233 3886; x_wconf 81' lang='grc' dir='ltr'><em>λέγῃς,</em></span> <span class='ocrx_word' id='word_1_339' title='bbox 2281 3815 2339 3865; x_wconf 92' lang='lat' dir='ltr'><strong>et</strong></span> <span class='ocrx_word' id='word_1_340' title='bbox 2383 3808 2521 3886; x_wconf 88' lang='lat' dir='ltr'><strong>quia</strong></span> <span class='ocrx_word' id='word_1_341' title='bbox 2569 3814 2774 3868; x_wconf 87' lang='lat' dir='ltr'><strong>natura</strong></span> <span class='ocrx_word' id='word_1_342' title='bbox 2822 3826 2949 3866; x_wconf 87' lang='lat' dir='ltr'><strong>ver-</strong></span> 
     </span>
     <span class='ocr_line' id='line_1_35' title="bbox 375 3904 2948 3986; baseline 0.002 -22"><span class='ocrx_word' id='word_1_343' title='bbox 375 3904 582 3966; x_wconf 88' lang='lat' dir='ltr'><strong>borum</strong></span> <span class='ocrx_word' id='word_1_344' title='bbox 631 3908 893 3966; x_wconf 83' lang='lat' dir='ltr'><strong>omnium</strong></span> <span class='ocrx_word' id='word_1_345' title='bbox 940 3907 1093 3986; x_wconf 89' lang='lat' dir='ltr'><strong>apud</strong></span> <span class='ocrx_word' id='word_1_346' title='bbox 1141 3906 1395 3967; x_wconf 88' lang='lat' dir='ltr'><strong>Graecos</strong></span> <span class='ocrx_word' id='word_1_347' title='bbox 1435 3906 1580 3967; x_wconf 86' lang='lat' dir='ltr'><strong>haec</strong></span> <span class='ocrx_word' id='word_1_348' title='bbox 1626 3914 1734 3976; x_wconf 87' lang='lat' dir='ltr'><strong>est,</strong></span> <span class='ocrx_word' id='word_1_349' title='bbox 1782 3914 1846 3967; x_wconf 91' lang='lat' dir='ltr'><strong>ut</strong></span> <span class='ocrx_word' id='word_1_350' title='bbox 1890 3926 1962 3966; x_wconf 82' lang='lat' dir='ltr'><strong>ex</strong></span> <span class='ocrx_word' id='word_1_351' title='bbox 2006 3908 2200 3985; x_wconf 89' lang='lat' dir='ltr'><strong>prima</strong></span> <span class='ocrx_word' id='word_1_352' title='bbox 2243 3926 2495 3986; x_wconf 87' lang='lat' dir='ltr'><strong>persona</strong></span> <span class='ocrx_word' id='word_1_353' title='bbox 2540 3910 2600 3968; x_wconf 91' lang='lat' dir='ltr'><strong>in</strong></span> <span class='ocrx_word' id='word_1_354' title='bbox 2633 3928 2685 3969; x_wconf 92' lang='grc' dir='ltr'><strong><em>ω</em></strong></span> <span class='ocrx_word' id='word_1_355' title='bbox 2730 3927 2948 3969; x_wconf 85' lang='lat' dir='ltr'><strong>exenn-</strong></span> 
     </span>
     <span class='ocr_line' id='line_1_36' title="bbox 376 4008 2953 4114; baseline 0.001 -48"><span class='ocrx_word' id='word_1_356' title='bbox 376 4011 525 4069; x_wconf 88' lang='lat' dir='ltr'><strong>tium</strong></span> <span class='ocrx_word' id='word_1_357' title='bbox 571 4008 829 4068; x_wconf 90' lang='lat' dir='ltr'><strong>secunda</strong></span> <span class='ocrx_word' id='word_1_358' title='bbox 876 4011 936 4068; x_wconf 91' lang='lat' dir='ltr'><strong>in</strong></span> <span class='ocrx_word' id='word_1_359' title='bbox 983 4009 1127 4070; x_wconf 89' lang='lat' dir='ltr'><strong>duas</strong></span> <span class='ocrx_word' id='word_1_360' title='bbox 1173 4008 1402 4114; x_wconf 63' lang='lat' dir='ltr'><strong>vocales</strong></span> <span class='ocrx_word' id='word_1_361' title='bbox 1432 4008 1681 4077; x_wconf 86' lang='lat' dir='ltr'><strong>desinat,</strong></span> <span class='ocrx_word' id='word_1_362' title='bbox 1714 4008 1852 4068; x_wconf 88' lang='lat' dir='ltr'><strong>ideo</strong></span> <span class='ocrx_word' id='word_1_363' title='bbox 1882 4008 2082 4067; x_wconf 84' lang='lat' dir='ltr'><strong>EAN</strong></span> <span class='ocrx_word' id='word_1_364' title='bbox 2109 4008 2456 4070; x_wconf 76' lang='grc' dir='ltr'><em>ΛΕΓΙΠΣ</em></span> <span class='ocrx_word' id='word_1_365' title='bbox 2477 4029 2609 4070; x_wconf 88' lang='lat' dir='ltr'><strong>cum</strong></span> <span class='ocrx_word' id='word_1_366' title='bbox 2643 4030 2665 4069; x_wconf 91' lang='grc' dir='ltr'><strong><em>ι</em></strong></span> <span class='ocrx_word' id='word_1_367' title='bbox 2696 4012 2953 4088; x_wconf 88' lang='lat' dir='ltr'><strong>ascripto</strong></span> 
     </span>
    </p>

    <p class='ocr_par' dir='ltr' id='par_1_7' title="bbox 299 4109 2956 4597">
     <span class='ocr_line' id='line_1_37' title="bbox 299 4109 2952 4190; baseline 0.002 -26"><span class='ocrx_word' id='word_1_368' title='bbox 299 4123 351 4163; x_wconf 77' lang='lat'><strong>35</strong></span> <span class='ocrx_word' id='word_1_369' title='bbox 377 4117 510 4188; x_wconf 87' lang='lat' dir='ltr'><strong>post</strong></span> <span class='ocrx_word' id='word_1_370' title='bbox 554 4130 597 4190; x_wconf 90' lang='grc' dir='ltr'><strong><em>η</em></strong></span> <span class='ocrx_word' id='word_1_371' title='bbox 651 4112 971 4190; x_wconf 74' lang='lat' dir='ltr'><strong>profertur,</strong></span> <span class='ocrx_word' id='word_1_372' title='bbox 1033 4119 1097 4170; x_wconf 93' lang='lat' dir='ltr'><strong>ut</strong></span> <span class='ocrx_word' id='word_1_373' title='bbox 1158 4111 1405 4172; x_wconf 83' lang='lat' dir='ltr'><strong>duarum</strong></span> <span class='ocrx_word' id='word_1_374' title='bbox 1462 4109 1754 4171; x_wconf 90' lang='lat' dir='ltr'><strong>vocalium</strong></span> <span class='ocrx_word' id='word_1_375' title='bbox 1811 4110 1963 4170; x_wconf 87' lang='lat' dir='ltr'><strong>salva</strong></span> <span class='ocrx_word' id='word_1_376' title='bbox 2023 4111 2100 4169; x_wconf 87' lang='lat' dir='ltr'><strong>sit</strong></span> <span class='ocrx_word' id='word_1_377' title='bbox 2153 4113 2323 4173; x_wconf 87' lang='lat' dir='ltr'><strong>ratio.</strong></span> <span class='ocrx_word' id='word_1_378' title='bbox 2416 4114 2589 4172; x_wconf 85' lang='lat' dir='ltr'><strong>tertia</strong></span> <span class='ocrx_word' id='word_1_379' title='bbox 2636 4129 2774 4170; x_wconf 87' lang='lat' dir='ltr'><strong>vero</strong></span> <span class='ocrx_word' id='word_1_380' title='bbox 2821 4129 2952 4189; x_wconf 85' lang='lat' dir='ltr'><strong>per-</strong></span> 
     </span>
     <span class='ocr_line' id='line_1_38' title="bbox 375 4202 2950 4292; baseline 0 -21"><span class='ocrx_word' id='word_1_381' title='bbox 375 4230 518 4272; x_wconf 89' lang='lat' dir='ltr'><strong>sona</strong></span> <span class='ocrx_word' id='word_1_382' title='bbox 565 4212 636 4272; x_wconf 90' lang='lat' dir='ltr'><strong>de</strong></span> <span class='ocrx_word' id='word_1_383' title='bbox 684 4212 941 4273; x_wconf 88' lang='lat' dir='ltr'><strong>secunda</strong></span> <span class='ocrx_word' id='word_1_384' title='bbox 986 4213 1051 4272; x_wconf 83' lang='lat' dir='ltr'><strong>fit</strong></span> <span class='ocrx_word' id='word_1_385' title='bbox 1088 4219 1345 4272; x_wconf 87' lang='lat' dir='ltr'><strong>retracta</strong></span> <span class='ocrx_word' id='word_1_386' title='bbox 1376 4211 1578 4271; x_wconf 86' lang='lat' dir='ltr'><strong>ultima</strong></span> <span class='ocrx_word' id='word_1_387' title='bbox 1610 4211 1830 4281; x_wconf 76' lang='lat' dir='ltr'><strong>fittera,</strong></span> <span class='ocrx_word' id='word_1_388' title='bbox 1880 4204 2001 4271; x_wconf 78' lang='grc' dir='ltr'><strong><em>ε’ἀν</em></strong></span> <span class='ocrx_word' id='word_1_389' title='bbox 2046 4211 2241 4291; x_wconf 84' lang='grc' dir='ltr'><strong><em>ποιῇς</em></strong></span> <span class='ocrx_word' id='word_1_390' title='bbox 2286 4202 2406 4273; x_wconf 76' lang='grc' dir='ltr'><strong>ἐὰν</strong></span> <span class='ocrx_word' id='word_1_391' title='bbox 2449 4211 2626 4292; x_wconf 83' lang='grc' dir='ltr'><strong><em>ποιῇ.</em></strong></span> <span class='ocrx_word' id='word_1_392' title='bbox 2696 4220 2754 4270; x_wconf 87' lang='lat' dir='ltr'><strong>et</strong></span> <span class='ocrx_word' id='word_1_393' title='bbox 2797 4213 2950 4290; x_wconf 85' lang='lat' dir='ltr'><strong>qnia,</strong></span> 
     </span>
     <span class='ocr_line' id='line_1_39' title="bbox 378 4308 2954 4394; baseline 0 -21"><span class='ocrx_word' id='word_1_394' title='bbox 378 4322 442 4374; x_wconf 90' lang='lat' dir='ltr'><strong>ut</strong></span> <span class='ocrx_word' id='word_1_395' title='bbox 486 4314 768 4383; x_wconf 81' lang='lat' dir='ltr'><strong>diximuS,</strong></span> <span class='ocrx_word' id='word_1_396' title='bbox 818 4332 1016 4374; x_wconf 87' lang='lat' dir='ltr'><strong>amore</strong></span> <span class='ocrx_word' id='word_1_397' title='bbox 1062 4314 1471 4394; x_wconf 86' lang='lat' dir='ltr'><strong>productionis</strong></span> <span class='ocrx_word' id='word_1_398' title='bbox 1515 4333 1550 4373; x_wconf 92' lang='grc' dir='ltr'><strong><em>ο</em></strong></span> <span class='ocrx_word' id='word_1_399' title='bbox 1605 4314 1852 4392; x_wconf 88' lang='lat' dir='ltr'><strong>pluralis</strong></span> <span class='ocrx_word' id='word_1_400' title='bbox 1895 4312 2201 4373; x_wconf 88' lang='lat' dir='ltr'><strong>indicativi</strong></span> <span class='ocrx_word' id='word_1_401' title='bbox 2245 4316 2306 4373; x_wconf 88' lang='lat' dir='ltr'><strong>in</strong></span> <span class='ocrx_word' id='word_1_402' title='bbox 2355 4332 2406 4373; x_wconf 89' lang='grc' dir='ltr'><strong><em>ω</em></strong></span> <span class='ocrx_word' id='word_1_403' title='bbox 2454 4321 2706 4382; x_wconf 89' lang='lat' dir='ltr'><strong>mutant,</strong></span> <span class='ocrx_word' id='word_1_404' title='bbox 2761 4308 2954 4392; x_wconf 82' lang='grc' dir='ltr'><strong><em>λε’γο-</em></strong></span> 
     </span>
     <span class='ocr_line' id='line_1_40' title="bbox 377 4404 2956 4495; baseline 0 -19"><span class='ocrx_word' id='word_1_405' title='bbox 377 4434 500 4494; x_wconf 88' lang='grc' dir='ltr'><strong>μεν</strong></span> <span class='ocrx_word' id='word_1_406' title='bbox 546 4404 666 4477; x_wconf 83' lang='grc' dir='ltr'><strong><em>ε’ἀν</em></strong></span> <span class='ocrx_word' id='word_1_407' title='bbox 709 4410 1032 4495; x_wconf 81' lang='grc' dir='ltr'><strong><em>λέγωμεν,</em></strong></span> <span class='ocrx_word' id='word_1_408' title='bbox 1078 4418 1138 4476; x_wconf 90' lang='lat' dir='ltr'><strong>in</strong></span> <span class='ocrx_word' id='word_1_409' title='bbox 1184 4416 1441 4476; x_wconf 87' lang='lat' dir='ltr'><strong>secunda</strong></span> <span class='ocrx_word' id='word_1_410' title='bbox 1487 4434 1719 4494; x_wconf 87' lang='lat' dir='ltr'><strong>quoque</strong></span> <span class='ocrx_word' id='word_1_411' title='bbox 1764 4433 2018 4493; x_wconf 87' lang='lat' dir='ltr'><strong>persona</strong></span> <span class='ocrx_word' id='word_1_412' title='bbox 2060 4434 2091 4474; x_wconf 91' lang='grc' dir='ltr'><strong>ε</strong></span> <span class='ocrx_word' id='word_1_413' title='bbox 2122 4417 2185 4476; x_wconf 91' lang='lat' dir='ltr'><strong>in</strong></span> <span class='ocrx_word' id='word_1_414' title='bbox 2215 4434 2255 4493; x_wconf 88' lang='grc' dir='ltr'><strong><em>η</em></strong></span> <span class='ocrx_word' id='word_1_415' title='bbox 2304 4416 2686 4485; x_wconf 83' lang='lat' dir='ltr'><strong>transferunt,</strong></span> <span class='ocrx_word' id='word_1_416' title='bbox 2735 4411 2956 4494; x_wconf 78' lang='grc' dir='ltr'><strong><em>λέγετε</em></strong></span> 
     </span>
     <span class='ocr_line' id='line_1_41' title="bbox 379 4509 2954 4597; baseline 0 -21"><span class='ocrx_word' id='word_1_417' title='bbox 379 4509 500 4576; x_wconf 81' lang='grc' dir='ltr'><strong>ἐὰν</strong></span> <span class='ocrx_word' id='word_1_418' title='bbox 543 4513 798 4597; x_wconf 77' lang='grc' dir='ltr'><strong><em>λέγητε,</em></strong></span> <span class='ocrx_word' id='word_1_419' title='bbox 848 4519 1023 4577; x_wconf 87' lang='lat' dir='ltr'><strong>tertia</strong></span> <span class='ocrx_word' id='word_1_420' title='bbox 1071 4509 1190 4578; x_wconf 77' lang='grc' dir='ltr'><strong>ἐὰν</strong></span> <span class='ocrx_word' id='word_1_421' title='bbox 1235 4513 1546 4596; x_wconf 79' lang='grc' dir='ltr'><strong><em>λέγωσιν,</em></strong></span> <span class='ocrx_word' id='word_1_422' title='bbox 1592 4518 1731 4596; x_wconf 89' lang='lat' dir='ltr'><strong>quia</strong></span> <span class='ocrx_word' id='word_1_423' title='bbox 1777 4534 1948 4577; x_wconf 89' lang='lat' dir='ltr'><strong>omne</strong></span> <span class='ocrx_word' id='word_1_424' title='bbox 1997 4515 2241 4576; x_wconf 87' lang='lat' dir='ltr'><strong>verbum</strong></span> <span class='ocrx_word' id='word_1_425' title='bbox 2300 4516 2454 4595; x_wconf 90' lang='lat' dir='ltr'><strong>apud</strong></span> <span class='ocrx_word' id='word_1_426' title='bbox 2500 4517 2754 4577; x_wconf 88' lang='lat' dir='ltr'><strong>Graecos</strong></span> <span class='ocrx_word' id='word_1_427' title='bbox 2799 4517 2954 4596; x_wconf 86' lang='lat' dir='ltr'><strong>quod</strong></span> 
     </span>
    </p>

    <p class='ocr_par' dir='ltr' id='par_1_8' title="bbox 302 4618 2952 4699">
     <span class='ocr_line' id='line_1_42' title="bbox 302 4618 2952 4699; baseline 0.002 -25"><span class='ocrx_word' id='word_1_428' title='bbox 302 4619 505 4678; x_wconf 77' lang='lat' dir='ltr'><strong>wexit</strong></span> <span class='ocrx_word' id='word_1_429' title='bbox 558 4620 620 4679; x_wconf 90' lang='lat' dir='ltr'><strong>in</strong></span> <span class='ocrx_word' id='word_1_430' title='bbox 676 4637 800 4699; x_wconf 85' lang='grc' dir='ltr'><strong>μεν</strong></span> <span class='ocrx_word' id='word_1_431' title='bbox 856 4626 1045 4679; x_wconf 87' lang='lat' dir='ltr'><strong>mutat</strong></span> <span class='ocrx_word' id='word_1_432' title='bbox 1095 4638 1221 4699; x_wconf 83' lang='grc' dir='ltr'><strong>μεν</strong></span> <span class='ocrx_word' id='word_1_433' title='bbox 1275 4620 1339 4679; x_wconf 90' lang='lat' dir='ltr'><strong>in</strong></span> <span class='ocrx_word' id='word_1_434' title='bbox 1395 4630 1506 4679; x_wconf 90' lang='grc' dir='ltr'><strong>σιν</strong></span> <span class='ocrx_word' id='word_1_435' title='bbox 1551 4625 1612 4678; x_wconf 90' lang='lat' dir='ltr'><strong>et</strong></span> <span class='ocrx_word' id='word_1_436' title='bbox 1654 4637 1970 4698; x_wconf 87' lang='lat' dir='ltr'><strong>personam</strong></span> <span class='ocrx_word' id='word_1_437' title='bbox 2015 4619 2253 4679; x_wconf 88' lang='lat' dir='ltr'><strong>tertiam</strong></span> <span class='ocrx_word' id='word_1_438' title='bbox 2315 4618 2476 4678; x_wconf 74' lang='lat' dir='ltr'><strong>facit.</strong></span> <span class='ocrx_word' id='word_1_439' title='bbox 2565 4618 2775 4678; x_wconf 87' lang='lat' dir='ltr'><strong>horum</strong></span> <span class='ocrx_word' id='word_1_440' title='bbox 2823 4640 2952 4699; x_wconf 87' lang='lat' dir='ltr'><strong>pas-</strong></span> 
     </span>
    </p>
   </div>
   <div class='ocr_carea' id='block_1_4' title="bbox 381 4802 2957 5009">
    <p class='ocr_par' dir='ltr' id='par_1_9' title="bbox 381 4802 2957 5009">
     <span class='ocr_line' id='line_1_43' title="bbox 514 4802 2955 4886; baseline 0.001 -34"><span class='ocrx_word' id='word_1_441' title='bbox 514 4804 847 4881; x_wconf 23' lang='lat' dir='ltr'><strong>4Gponamns]</strong></span> <span class='ocrx_word' id='word_1_442' title='bbox 893 4820 1267 4873; x_wconf 76' lang='lat' dir='ltr'><strong>praeponamus</strong></span> <span class='ocrx_word' id='word_1_443' title='bbox 1303 4806 1351 4855; x_wconf 83' lang='lat' dir='ltr'><em>P</em></span> <span class='ocrx_word' id='word_1_444' title='bbox 1483 4806 1843 4886; x_wconf 65' lang='lat' dir='ltr'><strong>5„l⁸2²7!²9‘²‘²1</strong></span> <span class='ocrx_word' id='word_1_445' title='bbox 1888 4803 2201 4884; x_wconf 73' lang='grc' dir='ltr'><strong><em>πεπλῃσθω</em></strong></span> <span class='ocrx_word' id='word_1_446' title='bbox 2226 4802 2348 4884; x_wconf 38' lang='grc' dir='ltr'><strong>ῃ(ναοὶ</strong></span> <span class='ocrx_word' id='word_1_447' title='bbox 2387 4803 2701 4884; x_wconf 63' lang='grc' dir='ltr'><strong><em>πεπλνσθω</em></strong></span> <span class='ocrx_word' id='word_1_448' title='bbox 2736 4811 2955 4884; x_wconf 67' lang='lat' dir='ltr'><strong>tesfante</strong></span> 
     </span>
     <span class='ocr_line' id='line_1_44' title="bbox 383 4867 2954 4939; baseline 0.001 -19"><span class='ocrx_word' id='word_1_449' title='bbox 383 4870 677 4936; x_wconf 77' lang='lat' dir='ltr'><strong>Opsopoeo)</strong></span> <span class='ocrx_word' id='word_1_450' title='bbox 713 4874 1062 4939; x_wconf 75' lang='grc' dir='ltr'><strong><em>ληοπολεμος</em></strong></span> <span class='ocrx_word' id='word_1_451' title='bbox 1096 4874 1413 4926; x_wconf 80' lang='grc' dir='ltr'><strong><em>νενικεσθω</em></strong></span> <span class='ocrx_word' id='word_1_452' title='bbox 1438 4875 1488 4922; x_wconf 90' lang='lat' dir='ltr'><em>P</em></span> <span class='ocrx_word' id='word_1_453' title='bbox 1516 4891 1552 4938; x_wconf 90' lang='grc' dir='ltr'><strong><em>η</em></strong></span> <span class='ocrx_word' id='word_1_454' title='bbox 1586 4867 1622 4939; x_wconf 87' lang='grc' dir='ltr'><em>ἡ</em></span> <span class='ocrx_word' id='word_1_455' title='bbox 1656 4889 1811 4939; x_wconf 77' lang='grc' dir='ltr'><strong><em>μαχη</em></strong></span> <span class='ocrx_word' id='word_1_456' title='bbox 1847 4872 2184 4936; x_wconf 82' lang='grc' dir='ltr'><strong><em>πεποιησθω</em></strong></span> <span class='ocrx_word' id='word_1_457' title='bbox 2217 4890 2251 4938; x_wconf 87' lang='grc' dir='ltr'><strong><em>η</em></strong></span> <span class='ocrx_word' id='word_1_458' title='bbox 2286 4887 2315 4921; x_wconf 90' lang='grc' dir='ltr'><strong><em>ο</em></strong></span> <span class='ocrx_word' id='word_1_459' title='bbox 2349 4874 2596 4938; x_wconf 77' lang='grc' dir='ltr'><strong><em>πολεμος</em></strong></span> <span class='ocrx_word' id='word_1_460' title='bbox 2629 4872 2954 4938; x_wconf 79' lang='grc' dir='ltr'><strong><em>νενικησθω</em></strong></span> 
     </span>
     <span class='ocr_line' id='line_1_45' title="bbox 381 4939 2957 5009; baseline 0.001 -21"><span class='ocrx_word' id='word_1_461' title='bbox 381 4939 542 4989; x_wconf 73' lang='lat' dir='ltr'><strong>Ianus</strong></span> <span class='ocrx_word' id='word_1_462' title='bbox 630 4942 658 4989; x_wconf 84' lang='grc'><strong>7</strong></span> <span class='ocrx_word' id='word_1_463' title='bbox 686 4943 732 4988; x_wconf 87' lang='lat' dir='ltr'><strong>in</strong></span> <span class='ocrx_word' id='word_1_464' title='bbox 762 4958 851 4991; x_wconf 76' lang='lat' dir='ltr'><strong>om.</strong></span> <span class='ocrx_word' id='word_1_465' title='bbox 883 4944 929 4991; x_wconf 83' lang='lat' dir='ltr'><em>P</em></span> <span class='ocrx_word' id='word_1_466' title='bbox 1008 4946 1071 4992; x_wconf 89' lang='grc'><strong>10</strong></span> <span class='ocrx_word' id='word_1_467' title='bbox 1105 4943 1400 5008; x_wconf 76' lang='lat' dir='ltr'><strong>adsignatur</strong></span> <span class='ocrx_word' id='word_1_468' title='bbox 1424 4943 1472 4991; x_wconf 89' lang='lat' dir='ltr'><em>P</em></span> <span class='ocrx_word' id='word_1_469' title='bbox 1550 4946 1613 4992; x_wconf 81' lang='lat'><strong>13</strong></span> <span class='ocrx_word' id='word_1_470' title='bbox 1638 4956 1989 5009; x_wconf 78' lang='grc' dir='ltr'><strong><em>καρακτηρες</em></strong></span> <span class='ocrx_word' id='word_1_471' title='bbox 2015 4942 2063 4990; x_wconf 89' lang='lat' dir='ltr'><em>P</em></span> <span class='ocrx_word' id='word_1_472' title='bbox 2153 4942 2215 4991; x_wconf 81' lang='lat'><strong>17</strong></span> <span class='ocrx_word' id='word_1_473' title='bbox 2238 4942 2591 5006; x_wconf 77' lang='lat' dir='ltr'><strong>imperatiunrn</strong></span> <span class='ocrx_word' id='word_1_474' title='bbox 2619 4942 2881 5006; x_wconf 80' lang='lat' dir='ltr'><strong>passiuum</strong></span> <span class='ocrx_word' id='word_1_475' title='bbox 2907 4943 2957 4990; x_wconf 90' lang='lat' dir='ltr'><em>P</em></span> 
     </span>
    </p>
   </div>
   <div class='ocr_carea' id='block_1_5' title="bbox 2412 5021 2546 5086">
    <p class='ocr_par' dir='ltr' id='par_1_10' title="bbox 2412 5021 2546 5086">
     <span class='ocr_line' id='line_1_46' title="bbox 2412 5021 2546 5086; baseline 0 -22"><span class='ocrx_word' id='word_1_476' title='bbox 2412 5021 2546 5086; x_wconf 64' lang='lat'><strong>40*</strong></span> 
     </span>
    </p>
   </div>
  </div>
 </body>
</html>
