<?xml version="1.0" encoding="UTF-8"?>
<!DOCTYPE html PUBLIC "-//W3C//DTD XHTML 1.0 Transitional//EN"
    "http://www.w3.org/TR/xhtml1/DTD/xhtml1-transitional.dtd">
<html xmlns="http://www.w3.org/1999/xhtml" xml:lang="en" lang="en">
 <head>
  <title>
</title>
<meta http-equiv="Content-Type" content="text/html;charset=utf-8" />
  <meta name='ocr-system' content='tesseract 3.04.00' />
  <meta name='ocr-capabilities' content='ocr_page ocr_carea ocr_par ocr_line ocrx_word'/>
</head>
<body>
  <div class='ocr_page' id='page_1' title='image "./grammaticilatin10keilgoog_0359.png"; bbox 0 0 3541 5564; ppageno 0'>
   <div class='ocr_carea' id='block_1_1' title="bbox 1655 261 3015 325">
    <p class='ocr_par' dir='ltr' id='par_1_1' title="bbox 1655 261 3015 325">
     <span class='ocr_line' id='line_1_1' title="bbox 1655 261 3015 325; baseline -0.001 -1"><span class='ocrx_word' id='word_1_1' title='bbox 1655 263 1797 324; x_wconf 82' lang='lat' dir='ltr'>ARS</span> <span class='ocrx_word' id='word_1_2' title='bbox 2804 274 2808 278; x_wconf 83' lang='grc'><em>“</em></span> <span class='ocrx_word' id='word_1_3' title='bbox 2894 261 3015 325; x_wconf 85' lang='lat'>351</span> 
     </span>
    </p>
   </div>
   <div class='ocr_carea' id='block_1_2' title="bbox 346 371 3312 3996">
    <p class='ocr_par' dir='ltr' id='par_1_2' title="bbox 439 371 3018 838">
     <span class='ocr_line' id='line_1_2' title="bbox 2631 371 2967 424; baseline -0.006 -11"><span class='ocrx_word' id='word_1_4' title='bbox 2631 384 2671 424; x_wconf 87' lang='lat' dir='ltr'>p.</span> <span class='ocrx_word' id='word_1_5' title='bbox 2701 372 2815 411; x_wconf 77' lang='lat'><strong>2033.</strong></span> <span class='ocrx_word' id='word_1_6' title='bbox 2844 372 2893 411; x_wconf 78' lang='lat'>34</span> <span class='ocrx_word' id='word_1_7' title='bbox 2924 371 2967 411; x_wconf 80' lang='grc' dir='ltr'>Ρ.</span> 
     </span>
     <span class='ocr_line' id='line_1_3' title="bbox 440 450 3018 531; baseline 0 -20"><span class='ocrx_word' id='word_1_8' title='bbox 440 454 744 529; x_wconf 89' lang='lat' dir='ltr'>congruit,</span> <span class='ocrx_word' id='word_1_9' title='bbox 792 454 894 531; x_wconf 91' lang='lat' dir='ltr'>qui</span> <span class='ocrx_word' id='word_1_10' title='bbox 940 470 1055 511; x_wconf 87' lang='lat' dir='ltr'>non</span> <span class='ocrx_word' id='word_1_11' title='bbox 1089 451 1446 520; x_wconf 76' lang='lat' dir='ltr'>naturalem,</span> <span class='ocrx_word' id='word_1_12' title='bbox 1496 450 1599 511; x_wconf 88' lang='lat' dir='ltr'>sed</span> <span class='ocrx_word' id='word_1_13' title='bbox 1632 452 1940 510; x_wconf 83' lang='lat' dir='ltr'>fortuitum</span> <span class='ocrx_word' id='word_1_14' title='bbox 1971 469 2211 510; x_wconf 88' lang='lat' dir='ltr'>casuum</span> <span class='ocrx_word' id='word_1_15' title='bbox 2243 452 2513 512; x_wconf 80' lang='lat' dir='ltr'>ordinem</span> <span class='ocrx_word' id='word_1_16' title='bbox 2547 452 2770 512; x_wconf 88' lang='lat' dir='ltr'>dicunt.</span> <span class='ocrx_word' id='word_1_17' title='bbox 2841 452 3018 511; x_wconf 87' lang='lat' dir='ltr'>habet</span> 
     </span>
     <span class='ocr_line' id='line_1_4' title="bbox 440 551 3014 632; baseline 0 -18"><span class='ocrx_word' id='word_1_18' title='bbox 440 558 597 614; x_wconf 90' lang='lat' dir='ltr'>enim</span> <span class='ocrx_word' id='word_1_19' title='bbox 656 561 715 613; x_wconf 90' lang='lat' dir='ltr'>et</span> <span class='ocrx_word' id='word_1_20' title='bbox 772 556 1170 613; x_wconf 82' lang='lat' dir='ltr'>nominativus</span> <span class='ocrx_word' id='word_1_21' title='bbox 1227 555 1675 614; x_wconf 80' lang='lat' dir='ltr'>inclinationem</span> <span class='ocrx_word' id='word_1_22' title='bbox 1732 551 2025 632; x_wconf 84' lang='lat' dir='ltr'>syllabae,</span> <span class='ocrx_word' id='word_1_23' title='bbox 2096 555 2147 611; x_wconf 87' lang='lat' dir='ltr'>si</span> <span class='ocrx_word' id='word_1_24' title='bbox 2207 554 2354 613; x_wconf 88' lang='lat' dir='ltr'>alios</span> <span class='ocrx_word' id='word_1_25' title='bbox 2414 573 2584 614; x_wconf 88' lang='lat' dir='ltr'>casus</span> <span class='ocrx_word' id='word_1_26' title='bbox 2650 555 3014 616; x_wconf 88' lang='lat' dir='ltr'>consideres.</span> 
     </span>
     <span class='ocr_line' id='line_1_5' title="bbox 439 654 3015 735; baseline 0 -19"><span class='ocrx_word' id='word_1_27' title='bbox 439 657 549 716; x_wconf 85' lang='lat' dir='ltr'>boc</span> <span class='ocrx_word' id='word_1_28' title='bbox 605 673 746 717; x_wconf 88' lang='lat' dir='ltr'>sane</span> <span class='ocrx_word' id='word_1_29' title='bbox 803 674 1096 717; x_wconf 87' lang='lat' dir='ltr'>consensu</span> <span class='ocrx_word' id='word_1_30' title='bbox 1151 658 1413 716; x_wconf 90' lang='lat' dir='ltr'>omnium</span> <span class='ocrx_word' id='word_1_31' title='bbox 1471 658 1588 733; x_wconf 88' lang='lat' dir='ltr'>ipsi</span> <span class='ocrx_word' id='word_1_32' title='bbox 1645 654 1845 715; x_wconf 88' lang='lat' dir='ltr'>datum</span> <span class='ocrx_word' id='word_1_33' title='bbox 1893 661 2011 723; x_wconf 87' lang='lat' dir='ltr'>est,</span> <span class='ocrx_word' id='word_1_34' title='bbox 2071 662 2136 715; x_wconf 89' lang='lat' dir='ltr'>ut</span> <span class='ocrx_word' id='word_1_35' title='bbox 2182 674 2334 715; x_wconf 90' lang='lat' dir='ltr'>unus</span> <span class='ocrx_word' id='word_1_36' title='bbox 2380 659 2508 735; x_wconf 87' lang='lat' dir='ltr'>ipse</span> <span class='ocrx_word' id='word_1_37' title='bbox 2556 666 2782 725; x_wconf 89' lang='lat' dir='ltr'>rectus,</span> <span class='ocrx_word' id='word_1_38' title='bbox 2832 660 3015 717; x_wconf 89' lang='lat' dir='ltr'>ceteri</span> 
     </span>
     <span class='ocr_line' id='line_1_6' title="bbox 439 728 3015 838; baseline 0 -22"><span class='ocrx_word' id='word_1_39' title='bbox 439 776 578 817; x_wconf 86' lang='lat' dir='ltr'>vero</span> <span class='ocrx_word' id='word_1_40' title='bbox 635 758 1012 837; x_wconf 82' lang='lat' dir='ltr'>appellentur</span> <span class='ocrx_word' id='word_1_41' title='bbox 1068 756 1324 836; x_wconf 83' lang='lat' dir='ltr'>obliqui,</span> <span class='ocrx_word' id='word_1_42' title='bbox 1385 765 1702 837; x_wconf 89' lang='lat' dir='ltr'>propterea</span> <span class='ocrx_word' id='word_1_43' title='bbox 1759 756 1915 835; x_wconf 92' lang='lat' dir='ltr'>quod</span> <span class='ocrx_word' id='word_1_44' title='bbox 1984 757 2083 816; x_wconf 91' lang='lat' dir='ltr'>ille</span> <span class='ocrx_word' id='word_1_45' title='bbox 2143 776 2294 818; x_wconf 90' lang='lat' dir='ltr'>unus</span> <span class='ocrx_word' id='word_1_46' title='bbox 2352 761 2591 838; x_wconf 81' lang='lat' dir='ltr'>proprie</span> <span class='ocrx_word' id='word_1_47' title='bbox 2650 766 2709 818; x_wconf 89' lang='lat' dir='ltr'>et</span> <span class='ocrx_word' id='word_1_48' title='bbox 2767 728 3015 819; x_wconf 80' lang='lat' dir='ltr'>consisio</span> 
     </span>
    </p>

    <p class='ocr_par' dir='ltr' id='par_1_3' title="bbox 384 858 3015 1346">
     <span class='ocr_line' id='line_1_7' title="bbox 384 858 3015 940; baseline 0.002 -25"><span class='ocrx_word' id='word_1_49' title='bbox 384 859 690 939; x_wconf 67' lang='lat' dir='ltr'>aquodam</span> <span class='ocrx_word' id='word_1_50' title='bbox 748 860 1032 937; x_wconf 72' lang='lat' dir='ltr'>figuratus</span> <span class='ocrx_word' id='word_1_51' title='bbox 1077 859 1341 929; x_wconf 88' lang='lat' dir='ltr'>videtur,</span> <span class='ocrx_word' id='word_1_52' title='bbox 1404 862 1591 919; x_wconf 90' lang='lat' dir='ltr'>ceteri</span> <span class='ocrx_word' id='word_1_53' title='bbox 1664 858 1736 918; x_wconf 87' lang='lat' dir='ltr'>ab</span> <span class='ocrx_word' id='word_1_54' title='bbox 1794 877 1863 918; x_wconf 89' lang='lat' dir='ltr'>eo</span> <span class='ocrx_word' id='word_1_55' title='bbox 1920 860 2198 920; x_wconf 87' lang='lat' dir='ltr'>inclinari</span> <span class='ocrx_word' id='word_1_56' title='bbox 2257 860 2709 938; x_wconf 86' lang='lat' dir='ltr'>intelleguntur,</span> <span class='ocrx_word' id='word_1_57' title='bbox 2770 869 3015 940; x_wconf 87' lang='lat' dir='ltr'>excepto</span> 
     </span>
     <span class='ocr_line' id='line_1_8' title="bbox 436 962 3013 1042; baseline 0.002 -23"><span class='ocrx_word' id='word_1_58' title='bbox 436 964 730 1030; x_wconf 81' lang='lat' dir='ltr'>vocativ0,</span> <span class='ocrx_word' id='word_1_59' title='bbox 791 980 968 1041; x_wconf 90' lang='lat' dir='ltr'>quem</span> <span class='ocrx_word' id='word_1_60' title='bbox 1013 969 1071 1021; x_wconf 89' lang='lat' dir='ltr'>et</span> <span class='ocrx_word' id='word_1_61' title='bbox 1118 964 1311 1040; x_wconf 89' lang='lat' dir='ltr'>ipsum</span> <span class='ocrx_word' id='word_1_62' title='bbox 1368 962 1640 1041; x_wconf 84' lang='lat' dir='ltr'>plerique</span> <span class='ocrx_word' id='word_1_63' title='bbox 1688 969 1946 1029; x_wconf 89' lang='lat' dir='ltr'>rectum,</span> <span class='ocrx_word' id='word_1_64' title='bbox 1996 962 2097 1021; x_wconf 89' lang='lat' dir='ltr'>alii</span> <span class='ocrx_word' id='word_1_65' title='bbox 2147 964 2292 1021; x_wconf 88' lang='lat' dir='ltr'>recti</span> <span class='ocrx_word' id='word_1_66' title='bbox 2340 962 2593 1022; x_wconf 79' lang='lat' dir='ltr'>similem</span> <span class='ocrx_word' id='word_1_67' title='bbox 2640 982 3013 1042; x_wconf 84' lang='lat' dir='ltr'>nuncupave-</span> 
     </span>
     <span class='ocr_line' id='line_1_9' title="bbox 440 1062 3013 1143; baseline 0 -18"><span class='ocrx_word' id='word_1_68' title='bbox 440 1073 595 1125; x_wconf 87' lang='lat' dir='ltr'>runt..</span> <span class='ocrx_word' id='word_1_69' title='bbox 687 1064 759 1123; x_wconf 88' lang='lat' dir='ltr'>de</span> <span class='ocrx_word' id='word_1_70' title='bbox 817 1064 1026 1124; x_wconf 83' lang='lat' dir='ltr'>ordine</span> <span class='ocrx_word' id='word_1_71' title='bbox 1096 1070 1291 1124; x_wconf 89' lang='lat' dir='ltr'>autem</span> <span class='ocrx_word' id='word_1_72' title='bbox 1352 1081 1594 1124; x_wconf 89' lang='lat' dir='ltr'>casuum</span> <span class='ocrx_word' id='word_1_73' title='bbox 1664 1062 2015 1123; x_wconf 83' lang='lat' dir='ltr'>adseruntur</span> <span class='ocrx_word' id='word_1_74' title='bbox 2074 1064 2359 1143; x_wconf 84' lang='lat' dir='ltr'>quaedam</span> <span class='ocrx_word' id='word_1_75' title='bbox 2417 1066 2705 1133; x_wconf 87' lang='lat' dir='ltr'>rationes,</span> <span class='ocrx_word' id='word_1_76' title='bbox 2775 1074 2838 1124; x_wconf 89' lang='lat' dir='ltr'>ut</span> <span class='ocrx_word' id='word_1_77' title='bbox 2898 1085 3013 1125; x_wconf 86' lang='lat' dir='ltr'>non</span> 
     </span>
     <span class='ocr_line' id='line_1_10' title="bbox 437 1164 3012 1244; baseline 0 -18"><span class='ocrx_word' id='word_1_78' title='bbox 437 1169 590 1227; x_wconf 85' lang='lat' dir='ltr'>sorte</span> <span class='ocrx_word' id='word_1_79' title='bbox 636 1184 747 1226; x_wconf 90' lang='lat' dir='ltr'>nec</span> <span class='ocrx_word' id='word_1_80' title='bbox 792 1174 1046 1234; x_wconf 88' lang='lat' dir='ltr'>temere,</span> <span class='ocrx_word' id='word_1_81' title='bbox 1096 1167 1199 1225; x_wconf 88' lang='lat' dir='ltr'>sed</span> <span class='ocrx_word' id='word_1_82' title='bbox 1247 1165 1501 1226; x_wconf 86' lang='lat' dir='ltr'>naturali</span> <span class='ocrx_word' id='word_1_83' title='bbox 1547 1165 1800 1244; x_wconf 87' lang='lat' dir='ltr'>quadam</span> <span class='ocrx_word' id='word_1_84' title='bbox 1845 1166 1937 1224; x_wconf 89' lang='lat' dir='ltr'>via</span> <span class='ocrx_word' id='word_1_85' title='bbox 1985 1164 2082 1224; x_wconf 87' lang='lat' dir='ltr'>hic</span> <span class='ocrx_word' id='word_1_86' title='bbox 2138 1167 2239 1244; x_wconf 89' lang='lat' dir='ltr'>qni</span> <span class='ocrx_word' id='word_1_87' title='bbox 2286 1175 2374 1225; x_wconf 87' lang='lat' dir='ltr'>est</span> <span class='ocrx_word' id='word_1_88' title='bbox 2419 1166 2564 1225; x_wconf 89' lang='lat' dir='ltr'>ordo</span> <span class='ocrx_word' id='word_1_89' title='bbox 2608 1167 2879 1227; x_wconf 81' lang='lat' dir='ltr'>videatur</span> <span class='ocrx_word' id='word_1_90' title='bbox 2926 1170 3012 1226; x_wconf 92' lang='lat' dir='ltr'>in-</span> 
     </span>
     <span class='ocr_line' id='line_1_11' title="bbox 438 1266 3012 1346; baseline 0 -19"><span class='ocrx_word' id='word_1_91' title='bbox 438 1276 664 1330; x_wconf 84' lang='lat' dir='ltr'>ventus.</span> <span class='ocrx_word' id='word_1_92' title='bbox 754 1267 1076 1329; x_wconf 85' lang='lat' dir='ltr'>ablativum</span> <span class='ocrx_word' id='word_1_93' title='bbox 1120 1287 1320 1329; x_wconf 87' lang='lat' dir='ltr'>casum</span> <span class='ocrx_word' id='word_1_94' title='bbox 1367 1267 1579 1328; x_wconf 88' lang='lat' dir='ltr'>Graeci</span> <span class='ocrx_word' id='word_1_95' title='bbox 1626 1285 1744 1326; x_wconf 91' lang='lat' dir='ltr'>non</span> <span class='ocrx_word' id='word_1_96' title='bbox 1790 1266 2029 1327; x_wconf 87' lang='lat' dir='ltr'>habent.</span> <span class='ocrx_word' id='word_1_97' title='bbox 2093 1267 2348 1346; x_wconf 90' lang='lat' dir='ltr'>denique</span> <span class='ocrx_word' id='word_1_98' title='bbox 2395 1268 2552 1327; x_wconf 90' lang='lat' dir='ltr'>hunc</span> <span class='ocrx_word' id='word_1_99' title='bbox 2598 1268 2783 1328; x_wconf 88' lang='lat' dir='ltr'>Varro</span> <span class='ocrx_word' id='word_1_100' title='bbox 2830 1272 3012 1329; x_wconf 85' lang='lat' dir='ltr'>inter-</span> 
     </span>
    </p>

    <p class='ocr_par' dir='ltr' id='par_1_4' title="bbox 362 1369 3012 1856">
     <span class='ocr_line' id='line_1_12' title="bbox 362 1369 3012 1449; baseline 0.002 -24"><span class='ocrx_word' id='word_1_101' title='bbox 362 1386 410 1425; x_wconf 84' lang='grc' dir='ltr'>ιο</span> <span class='ocrx_word' id='word_1_102' title='bbox 438 1371 578 1430; x_wconf 91' lang='lat' dir='ltr'>dum</span> <span class='ocrx_word' id='word_1_103' title='bbox 621 1377 880 1439; x_wconf 83' lang='lat' dir='ltr'>sextum,</span> <span class='ocrx_word' id='word_1_104' title='bbox 931 1371 1231 1430; x_wconf 87' lang='lat' dir='ltr'>interdum</span> <span class='ocrx_word' id='word_1_105' title='bbox 1278 1371 1521 1430; x_wconf 89' lang='lat' dir='ltr'>latinum</span> <span class='ocrx_word' id='word_1_106' title='bbox 1567 1369 1853 1449; x_wconf 84' lang='lat' dir='ltr'>appellat,</span> <span class='ocrx_word' id='word_1_107' title='bbox 1902 1388 2076 1448; x_wconf 90' lang='lat' dir='ltr'>quem</span> <span class='ocrx_word' id='word_1_108' title='bbox 2123 1372 2451 1430; x_wconf 84' lang='lat' dir='ltr'>rectissime</span> <span class='ocrx_word' id='word_1_109' title='bbox 2483 1389 2623 1429; x_wconf 90' lang='lat' dir='ltr'>usus</span> <span class='ocrx_word' id='word_1_110' title='bbox 2656 1373 2843 1430; x_wconf 86' lang='lat' dir='ltr'>nostri</span> <span class='ocrx_word' id='word_1_111' title='bbox 2888 1390 3012 1429; x_wconf 80' lang='lat' dir='ltr'>ser-</span> 
     </span>
     <span class='ocr_line' id='line_1_13' title="bbox 435 1470 3012 1551; baseline 0 -19"><span class='ocrx_word' id='word_1_112' title='bbox 435 1474 627 1532; x_wconf 87' lang='lat' dir='ltr'>monis</span> <span class='ocrx_word' id='word_1_113' title='bbox 673 1474 927 1541; x_wconf 89' lang='lat' dir='ltr'>invenit,</span> <span class='ocrx_word' id='word_1_114' title='bbox 976 1474 1254 1551; x_wconf 89' lang='lat' dir='ltr'>quoniam</span> <span class='ocrx_word' id='word_1_115' title='bbox 1300 1473 1622 1551; x_wconf 91' lang='lat' dir='ltr'>plurimum</span> <span class='ocrx_word' id='word_1_116' title='bbox 1669 1490 1700 1530; x_wconf 88' lang='lat' dir='ltr'>a</span> <span class='ocrx_word' id='word_1_117' title='bbox 1746 1470 1945 1531; x_wconf 82' lang='lat' dir='ltr'>dativo&#39;</span> <span class='ocrx_word' id='word_1_118' title='bbox 1974 1471 2190 1531; x_wconf 79' lang='lat' dir='ltr'>differt.</span> <span class='ocrx_word' id='word_1_119' title='bbox 2267 1471 2426 1531; x_wconf 87' lang='lat' dir='ltr'>aliud</span> <span class='ocrx_word' id='word_1_120' title='bbox 2473 1480 2562 1532; x_wconf 87' lang='lat' dir='ltr'>est</span> <span class='ocrx_word' id='word_1_121' title='bbox 2608 1475 2767 1532; x_wconf 92' lang='lat' dir='ltr'>enim</span> <span class='ocrx_word' id='word_1_122' title='bbox 2812 1473 3012 1533; x_wconf 78' lang='lat' dir='ltr'>dicere</span> 
     </span>
     <span class='ocr_line' id='line_1_14' title="bbox 437 1573 3011 1657; baseline 0 -23"><span class='ocrx_word' id='word_1_123' title='bbox 437 1574 575 1634; x_wconf 91' lang='lat' dir='ltr'>huic</span> <span class='ocrx_word' id='word_1_124' title='bbox 624 1573 880 1644; x_wconf 88' lang='lat' dir='ltr'>rhetori,</span> <span class='ocrx_word' id='word_1_125' title='bbox 930 1575 1091 1634; x_wconf 89' lang='lat' dir='ltr'>aliud</span> <span class='ocrx_word' id='word_1_126' title='bbox 1139 1573 1212 1633; x_wconf 88' lang='lat' dir='ltr'>ab</span> <span class='ocrx_word' id='word_1_127' title='bbox 1259 1573 1372 1633; x_wconf 89' lang='lat' dir='ltr'>hoc</span> <span class='ocrx_word' id='word_1_128' title='bbox 1418 1573 1676 1632; x_wconf 84' lang='lat' dir='ltr'>rhetore.</span> <span class='ocrx_word' id='word_1_129' title='bbox 1769 1581 1827 1632; x_wconf 90' lang='lat' dir='ltr'>et</span> <span class='ocrx_word' id='word_1_130' title='bbox 1874 1576 1935 1633; x_wconf 90' lang='lat' dir='ltr'>in</span> <span class='ocrx_word' id='word_1_131' title='bbox 1981 1582 2205 1657; x_wconf 87' lang='lat' dir='ltr'>tantum</span> <span class='ocrx_word' id='word_1_132' title='bbox 2256 1581 2416 1633; x_wconf 88' lang='lat' dir='ltr'>recte</span> <span class='ocrx_word' id='word_1_133' title='bbox 2463 1573 2617 1633; x_wconf 88' lang='lat' dir='ltr'>hunc</span> <span class='ocrx_word' id='word_1_134' title='bbox 2665 1594 2865 1634; x_wconf 89' lang='lat' dir='ltr'>casum</span> <span class='ocrx_word' id='word_1_135' title='bbox 2912 1576 3011 1634; x_wconf 92' lang='lat' dir='ltr'>ad-</span> 
     </span>
     <span class='ocr_line' id='line_1_15' title="bbox 436 1677 3010 1755; baseline 0 -20"><span class='ocrx_word' id='word_1_136' title='bbox 436 1677 625 1737; x_wconf 87' lang='lat' dir='ltr'>ditum</span> <span class='ocrx_word' id='word_1_137' title='bbox 670 1685 924 1745; x_wconf 86' lang='lat' dir='ltr'>constat,</span> <span class='ocrx_word' id='word_1_138' title='bbox 985 1684 1048 1736; x_wconf 86' lang='lat' dir='ltr'>ut</span> <span class='ocrx_word' id='word_1_139' title='bbox 1103 1678 1282 1736; x_wconf 89' lang='lat' dir='ltr'>etiam</span> <span class='ocrx_word' id='word_1_140' title='bbox 1326 1677 1643 1754; x_wconf 89' lang='lat' dir='ltr'>septimum</span> <span class='ocrx_word' id='word_1_141' title='bbox 1688 1695 1889 1736; x_wconf 84' lang='lat' dir='ltr'>casum</span> <span class='ocrx_word' id='word_1_142' title='bbox 1947 1694 2086 1734; x_wconf 87' lang='lat' dir='ltr'>usus</span> <span class='ocrx_word' id='word_1_143' title='bbox 2145 1678 2329 1735; x_wconf 86' lang='lat' dir='ltr'>nostri</span> <span class='ocrx_word' id='word_1_144' title='bbox 2375 1678 2669 1735; x_wconf 87' lang='lat' dir='ltr'>sermonis</span> <span class='ocrx_word' id='word_1_145' title='bbox 2715 1685 3010 1755; x_wconf 85' lang='lat' dir='ltr'>exposcat,</span> 
     </span>
     <span class='ocr_line' id='line_1_16' title="bbox 436 1776 3009 1856; baseline -0 -18"><span class='ocrx_word' id='word_1_146' title='bbox 436 1780 539 1856; x_wconf 91' lang='lat' dir='ltr'>qui</span> <span class='ocrx_word' id='word_1_147' title='bbox 595 1780 884 1856; x_wconf 86' lang='lat' dir='ltr'>septimus</span> <span class='ocrx_word' id='word_1_148' title='bbox 942 1796 1114 1837; x_wconf 89' lang='lat' dir='ltr'>casus</span> <span class='ocrx_word' id='word_1_149' title='bbox 1170 1777 1410 1838; x_wconf 84' lang='lat' dir='ltr'>ablativi</span> <span class='ocrx_word' id='word_1_150' title='bbox 1469 1779 1716 1837; x_wconf 85' lang='lat' dir='ltr'>formam</span> <span class='ocrx_word' id='word_1_151' title='bbox 1773 1776 1980 1844; x_wconf 87' lang='lat' dir='ltr'>habet,</span> <span class='ocrx_word' id='word_1_152' title='bbox 2038 1776 2141 1836; x_wconf 87' lang='lat' dir='ltr'>sed</span> <span class='ocrx_word' id='word_1_153' title='bbox 2201 1780 2638 1856; x_wconf 87' lang='lat' dir='ltr'>praepositione</span> <span class='ocrx_word' id='word_1_154' title='bbox 2686 1778 3009 1839; x_wconf 87' lang='lat' dir='ltr'>subtracta.</span> 
     </span>
    </p>

    <p class='ocr_par' dir='ltr' id='par_1_5' title="bbox 360 1878 3010 2373">
     <span class='ocr_line' id='line_1_17' title="bbox 360 1878 3009 1957; baseline 0.001 -20"><span class='ocrx_word' id='word_1_155' title='bbox 360 1893 408 1934; x_wconf 81' lang='lat'>15</span> <span class='ocrx_word' id='word_1_156' title='bbox 435 1881 685 1939; x_wconf 89' lang='lat' dir='ltr'>interest</span> <span class='ocrx_word' id='word_1_157' title='bbox 732 1882 890 1939; x_wconf 89' lang='lat' dir='ltr'>enim</span> <span class='ocrx_word' id='word_1_158' title='bbox 948 1880 1298 1957; x_wconf 87' lang='lat' dir='ltr'>plurimum,</span> <span class='ocrx_word' id='word_1_159' title='bbox 1359 1898 1493 1939; x_wconf 89' lang='lat' dir='ltr'>cum</span> <span class='ocrx_word' id='word_1_160' title='bbox 1540 1880 1793 1940; x_wconf 80' lang='lat' dir='ltr'>dicimus</span> <span class='ocrx_word' id='word_1_161' title='bbox 1852 1878 1963 1938; x_wconf 83' lang='lat' dir='ltr'>‘ab</span> <span class='ocrx_word' id='word_1_162' title='bbox 2009 1886 2243 1938; x_wconf 88' lang='lat' dir='ltr'>oratore</span> <span class='ocrx_word' id='word_1_163' title='bbox 2289 1881 2518 1947; x_wconf 85' lang='lat' dir='ltr'>venio’,</span> <span class='ocrx_word' id='word_1_164' title='bbox 2580 1886 2637 1937; x_wconf 89' lang='lat' dir='ltr'>et</span> <span class='ocrx_word' id='word_1_165' title='bbox 2683 1899 2816 1939; x_wconf 86' lang='lat' dir='ltr'>cum</span> <span class='ocrx_word' id='word_1_166' title='bbox 2862 1881 3009 1940; x_wconf 90' lang='lat' dir='ltr'>dici·</span> 
     </span>
     <span class='ocr_line' id='line_1_18' title="bbox 435 1981 3010 2059; baseline -0.001 -18"><span class='ocrx_word' id='word_1_167' title='bbox 435 2000 565 2041; x_wconf 91' lang='lat' dir='ltr'>mus</span> <span class='ocrx_word' id='word_1_168' title='bbox 611 1987 886 2041; x_wconf 77' lang='lat' dir='ltr'>‘oratore</span> <span class='ocrx_word' id='word_1_169' title='bbox 932 1984 1217 2059; x_wconf 88' lang='lat' dir='ltr'>magistro</span> <span class='ocrx_word' id='word_1_170' title='bbox 1262 1986 1454 2040; x_wconf 88' lang='lat' dir='ltr'>utor&#39;.</span> <span class='ocrx_word' id='word_1_171' title='bbox 1532 2000 1676 2057; x_wconf 90' lang='lat' dir='ltr'>ergo</span> <span class='ocrx_word' id='word_1_172' title='bbox 1721 1989 1780 2041; x_wconf 89' lang='lat' dir='ltr'>et</span> <span class='ocrx_word' id='word_1_173' title='bbox 1825 1981 1894 2040; x_wconf 89' lang='lat' dir='ltr'>ad</span> <span class='ocrx_word' id='word_1_174' title='bbox 1945 1981 2315 2040; x_wconf 89' lang='lat' dir='ltr'>intellectum</span> <span class='ocrx_word' id='word_1_175' title='bbox 2361 1982 2734 2039; x_wconf 88' lang='lat' dir='ltr'>necessarius</span> <span class='ocrx_word' id='word_1_176' title='bbox 2780 1989 2867 2040; x_wconf 88' lang='lat' dir='ltr'>est</span> <span class='ocrx_word' id='word_1_177' title='bbox 2912 1982 3010 2040; x_wconf 77' lang='lat' dir='ltr'>liic</span> 
     </span>
     <span class='ocr_line' id='line_1_19' title="bbox 433 2083 3008 2161; baseline -0.001 -18"><span class='ocrx_word' id='word_1_178' title='bbox 433 2101 634 2153; x_wconf 80' lang='lat' dir='ltr'>casuS‚</span> <span class='ocrx_word' id='word_1_179' title='bbox 683 2085 919 2144; x_wconf 88' lang='lat' dir='ltr'>etiamsi</span> <span class='ocrx_word' id='word_1_180' title='bbox 966 2103 996 2142; x_wconf 89' lang='lat' dir='ltr'>a</span> <span class='ocrx_word' id='word_1_181' title='bbox 1044 2083 1443 2144; x_wconf 86' lang='lat' dir='ltr'>declinatione</span> <span class='ocrx_word' id='word_1_182' title='bbox 1489 2092 1752 2143; x_wconf 90' lang='lat' dir='ltr'>remotus</span> <span class='ocrx_word' id='word_1_183' title='bbox 1798 2091 1907 2142; x_wconf 88' lang='lat' dir='ltr'>est..</span> <span class='ocrx_word' id='word_1_184' title='bbox 1981 2083 2252 2161; x_wconf 83' lang='lat' dir='ltr'>plerique</span> <span class='ocrx_word' id='word_1_185' title='bbox 2284 2084 2464 2142; x_wconf 89' lang='lat' dir='ltr'>etiam</span> <span class='ocrx_word' id='word_1_186' title='bbox 2495 2089 2763 2142; x_wconf 85' lang='lat' dir='ltr'>octavum</span> <span class='ocrx_word' id='word_1_187' title='bbox 2810 2101 3008 2142; x_wconf 89' lang='lat' dir='ltr'>casnm</span> 
     </span>
     <span class='ocr_line' id='line_1_20' title="bbox 433 2183 3008 2263; baseline -0.002 -18"><span class='ocrx_word' id='word_1_188' title='bbox 433 2192 787 2263; x_wconf 86' lang='lat' dir='ltr'>putaverunt</span> <span class='ocrx_word' id='word_1_189' title='bbox 831 2184 1195 2253; x_wconf 88' lang='lat' dir='ltr'>addendum,</span> <span class='ocrx_word' id='word_1_190' title='bbox 1245 2194 1308 2244; x_wconf 91' lang='lat' dir='ltr'>ut</span> <span class='ocrx_word' id='word_1_191' title='bbox 1353 2186 1565 2263; x_wconf 84' lang='lat' dir='ltr'>dignus</span> <span class='ocrx_word' id='word_1_192' title='bbox 1598 2203 1873 2253; x_wconf 88' lang='lat' dir='ltr'>munere,</span> <span class='ocrx_word' id='word_1_193' title='bbox 1923 2193 2149 2245; x_wconf 90' lang='lat' dir='ltr'>mactus</span> <span class='ocrx_word' id='word_1_194' title='bbox 2182 2186 2429 2253; x_wconf 86' lang='lat' dir='ltr'>virtute;</span> <span class='ocrx_word' id='word_1_195' title='bbox 2477 2184 2580 2243; x_wconf 88' lang='lat' dir='ltr'>sed</span> <span class='ocrx_word' id='word_1_196' title='bbox 2614 2183 2724 2243; x_wconf 88' lang='lat' dir='ltr'>hoc</span> <span class='ocrx_word' id='word_1_197' title='bbox 2756 2184 3008 2263; x_wconf 88' lang='lat' dir='ltr'>septimo</span> 
     </span>
     <span class='ocr_line' id='line_1_21' title="bbox 433 2286 2889 2373; baseline -0 -27"><span class='ocrx_word' id='word_1_198' title='bbox 433 2290 598 2347; x_wconf 89' lang='lat' dir='ltr'>casui</span> <span class='ocrx_word' id='word_1_199' title='bbox 644 2286 1154 2347; x_wconf 87' lang='lat' dir='ltr'>adnumerandum</span> <span class='ocrx_word' id='word_1_200' title='bbox 1203 2286 1362 2346; x_wconf 88' lang='lat' dir='ltr'>nulla</span> <span class='ocrx_word' id='word_1_201' title='bbox 1408 2286 1700 2347; x_wconf 88' lang='lat' dir='ltr'>dubitatio</span> <span class='ocrx_word' id='word_1_202' title='bbox 1745 2294 1854 2346; x_wconf 88' lang='lat' dir='ltr'>est.</span> <span class='ocrx_word' id='word_1_203' title='bbox 2873 2353 2889 2373; x_wconf 53' lang='lat'><strong>·</strong></span> 
     </span>
    </p>

    <p class='ocr_par' dir='ltr' id='par_1_6' title="bbox 355 2388 3312 2877">
     <span class='ocr_line' id='line_1_22' title="bbox 355 2388 3312 2461; baseline 0.002 -18"><span class='ocrx_word' id='word_1_204' title='bbox 355 2406 408 2443; x_wconf 78' lang='lat'>20</span> <span class='ocrx_word' id='word_1_205' title='bbox 604 2388 903 2458; x_wconf 85' lang='lat' dir='ltr'>Quaedam</span> <span class='ocrx_word' id='word_1_206' title='bbox 960 2390 1199 2449; x_wconf 91' lang='lat' dir='ltr'>nomina</span> <span class='ocrx_word' id='word_1_207' title='bbox 1257 2406 1391 2448; x_wconf 89' lang='lat' dir='ltr'>cmn</span> <span class='ocrx_word' id='word_1_208' title='bbox 1448 2390 1507 2448; x_wconf 91' lang='lat' dir='ltr'>in</span> <span class='ocrx_word' id='word_1_209' title='bbox 1565 2406 1674 2447; x_wconf 87' lang='lat' dir='ltr'>usu</span> <span class='ocrx_word' id='word_1_210' title='bbox 1719 2407 1824 2447; x_wconf 88' lang='lat' dir='ltr'>sex</span> <span class='ocrx_word' id='word_1_211' title='bbox 1869 2407 2039 2449; x_wconf 89' lang='lat' dir='ltr'>casus</span> <span class='ocrx_word' id='word_1_212' title='bbox 2084 2388 2367 2455; x_wconf 87' lang='lat' dir='ltr'>habeant,</span> <span class='ocrx_word' id='word_1_213' title='bbox 2417 2388 2846 2449; x_wconf 82' lang='lat' dir='ltr'>declinationes</span> <span class='ocrx_word' id='word_1_214' title='bbox 2891 2408 3007 2448; x_wconf 91' lang='lat' dir='ltr'>non</span> <span class='ocrx_word' id='word_1_215' title='bbox 3038 2401 3157 2459; x_wconf 84' lang='grc'><strong>377,</strong></span> <span class='ocrx_word' id='word_1_216' title='bbox 3178 2403 3241 2450; x_wconf 75' lang='lat'>23</span> <span class='ocrx_word' id='word_1_217' title='bbox 3296 2429 3312 2461; x_wconf 76' lang='grc'><strong>.</strong></span> 
     </span>
     <span class='ocr_line' id='line_1_23' title="bbox 431 2489 3007 2570; baseline 0 -20"><span class='ocrx_word' id='word_1_218' title='bbox 431 2490 677 2552; x_wconf 88' lang='lat' dir='ltr'>totidem</span> <span class='ocrx_word' id='word_1_219' title='bbox 721 2489 963 2551; x_wconf 90' lang='lat' dir='ltr'>habent.</span> <span class='ocrx_word' id='word_1_220' title='bbox 1024 2509 1141 2569; x_wconf 87' lang='lat' dir='ltr'>quo</span> <span class='ocrx_word' id='word_1_221' title='bbox 1186 2491 1249 2549; x_wconf 80' lang='lat' dir='ltr'>fit</span> <span class='ocrx_word' id='word_1_222' title='bbox 1293 2498 1356 2550; x_wconf 94' lang='lat' dir='ltr'>ut</span> <span class='ocrx_word' id='word_1_223' title='bbox 1403 2492 1626 2550; x_wconf 79' lang='lat' dir='ltr'>formae</span> <span class='ocrx_word' id='word_1_224' title='bbox 1672 2491 1939 2550; x_wconf 84' lang='lat' dir='ltr'>casuales</span> <span class='ocrx_word' id='word_1_225' title='bbox 1984 2492 2105 2549; x_wconf 90' lang='lat' dir='ltr'>sint</span> <span class='ocrx_word' id='word_1_226' title='bbox 2150 2508 2281 2558; x_wconf 84' lang='lat' dir='ltr'>sex,</span> <span class='ocrx_word' id='word_1_227' title='bbox 2330 2497 2700 2568; x_wconf 88' lang='lat' dir='ltr'>monoptotos</span> <span class='ocrx_word' id='word_1_228' title='bbox 2747 2491 3007 2570; x_wconf 86' lang='lat' dir='ltr'>diptotos</span> 
     </span>
     <span class='ocr_line' id='line_1_24' title="bbox 432 2592 3004 2672; baseline 0 -21"><span class='ocrx_word' id='word_1_229' title='bbox 432 2595 706 2671; x_wconf 86' lang='lat' dir='ltr'>triptotos</span> <span class='ocrx_word' id='word_1_230' title='bbox 749 2600 1099 2672; x_wconf 88' lang='lat' dir='ltr'>tetraptotos</span> <span class='ocrx_word' id='word_1_231' title='bbox 1143 2600 1519 2671; x_wconf 86' lang='lat' dir='ltr'>pentaptotos</span> <span class='ocrx_word' id='word_1_232' title='bbox 1564 2592 1928 2670; x_wconf 87' lang='lat' dir='ltr'>hexaptotos.</span> <span class='ocrx_word' id='word_1_233' title='bbox 2020 2601 2388 2671; x_wconf 88' lang='lat' dir='ltr'>monoptotos</span> <span class='ocrx_word' id='word_1_234' title='bbox 2445 2601 2536 2652; x_wconf 85' lang='lat' dir='ltr'>cst</span> <span class='ocrx_word' id='word_1_235' title='bbox 2592 2593 2813 2661; x_wconf 83' lang='lat' dir='ltr'>forma,</span> <span class='ocrx_word' id='word_1_236' title='bbox 2862 2610 3004 2671; x_wconf 87' lang='lat' dir='ltr'>quo-</span> 
     </span>
     <span class='ocr_line' id='line_1_25' title="bbox 430 2694 3004 2772; baseline 0 -18"><span class='ocrx_word' id='word_1_237' title='bbox 430 2695 585 2755; x_wconf 88' lang='lat' dir='ltr'>tiens</span> <span class='ocrx_word' id='word_1_238' title='bbox 631 2696 693 2754; x_wconf 91' lang='lat' dir='ltr'>in</span> <span class='ocrx_word' id='word_1_239' title='bbox 738 2694 1015 2755; x_wconf 87' lang='lat' dir='ltr'>omnibus</span> <span class='ocrx_word' id='word_1_240' title='bbox 1072 2713 1175 2755; x_wconf 86' lang='lat' dir='ltr'>sex</span> <span class='ocrx_word' id='word_1_241' title='bbox 1231 2694 1468 2755; x_wconf 86' lang='lat' dir='ltr'>casibus</span> <span class='ocrx_word' id='word_1_242' title='bbox 1523 2696 1760 2754; x_wconf 88' lang='lat' dir='ltr'>nomina</span> <span class='ocrx_word' id='word_1_243' title='bbox 1816 2694 2096 2754; x_wconf 87' lang='lat' dir='ltr'>similiter</span> <span class='ocrx_word' id='word_1_244' title='bbox 2141 2694 2517 2754; x_wconf 87' lang='lat' dir='ltr'>declinantur</span> <span class='ocrx_word' id='word_1_245' title='bbox 2563 2695 2841 2772; x_wconf 83' lang='lat' dir='ltr'>flectique</span> <span class='ocrx_word' id='word_1_246' title='bbox 2889 2713 3004 2754; x_wconf 90' lang='lat' dir='ltr'>non</span> 
     </span>
     <span class='ocr_line' id='line_1_26' title="bbox 429 2796 3002 2877; baseline 0 -21"><span class='ocrx_word' id='word_1_247' title='bbox 429 2805 705 2877; x_wconf 87' lang='lat' dir='ltr'>possunt,</span> <span class='ocrx_word' id='word_1_248' title='bbox 769 2807 828 2858; x_wconf 91' lang='lat' dir='ltr'>ut</span> <span class='ocrx_word' id='word_1_249' title='bbox 873 2816 1080 2857; x_wconf 89' lang='lat' dir='ltr'>cornu.</span> <span class='ocrx_word' id='word_1_250' title='bbox 1171 2796 1448 2877; x_wconf 69' lang='lat' dir='ltr'>diptoltos</span> <span class='ocrx_word' id='word_1_251' title='bbox 1503 2798 1692 2857; x_wconf 83' lang='lat' dir='ltr'>forma</span> <span class='ocrx_word' id='word_1_252' title='bbox 1739 2805 1857 2865; x_wconf 90' lang='lat' dir='ltr'>est,</span> <span class='ocrx_word' id='word_1_253' title='bbox 1919 2799 2196 2875; x_wconf 88' lang='lat' dir='ltr'>quotiens</span> <span class='ocrx_word' id='word_1_254' title='bbox 2243 2815 2455 2856; x_wconf 91' lang='lat' dir='ltr'>nomen</span> <span class='ocrx_word' id='word_1_255' title='bbox 2501 2815 2610 2876; x_wconf 88' lang='lat' dir='ltr'>per</span> <span class='ocrx_word' id='word_1_256' title='bbox 2654 2814 2857 2856; x_wconf 88' lang='lat' dir='ltr'>omnes</span> <span class='ocrx_word' id='word_1_257' title='bbox 2903 2816 3002 2856; x_wconf 86' lang='lat' dir='ltr'>sex</span> 
     </span>
    </p>

    <p class='ocr_par' dir='ltr' id='par_1_7' title="bbox 351 2897 3005 3385">
     <span class='ocr_line' id='line_1_27' title="bbox 351 2897 3005 2978; baseline 0.001 -22"><span class='ocrx_word' id='word_1_258' title='bbox 351 2917 402 2956; x_wconf 77' lang='lat'>25</span> <span class='ocrx_word' id='word_1_259' title='bbox 429 2918 600 2960; x_wconf 89' lang='lat' dir='ltr'>casus</span> <span class='ocrx_word' id='word_1_260' title='bbox 646 2899 892 2959; x_wconf 89' lang='lat' dir='ltr'>duarum</span> <span class='ocrx_word' id='word_1_261' title='bbox 941 2907 1166 2959; x_wconf 89' lang='lat' dir='ltr'>tantum</span> <span class='ocrx_word' id='word_1_262' title='bbox 1198 2918 1407 2960; x_wconf 86' lang='lat' dir='ltr'>vocum</span> <span class='ocrx_word' id='word_1_263' title='bbox 1439 2899 1617 2960; x_wconf 88' lang='lat' dir='ltr'>habet</span> <span class='ocrx_word' id='word_1_264' title='bbox 1648 2901 2060 2968; x_wconf 88' lang='lat' dir='ltr'>mutationem,</span> <span class='ocrx_word' id='word_1_265' title='bbox 2097 2908 2160 2958; x_wconf 91' lang='lat' dir='ltr'>ut</span> <span class='ocrx_word' id='word_1_266' title='bbox 2191 2899 2459 2978; x_wconf 88' lang='lat' dir='ltr'>luppiter</span> <span class='ocrx_word' id='word_1_267' title='bbox 2489 2898 2669 2962; x_wconf 79' lang='lat' dir='ltr'>Iovis.</span> <span class='ocrx_word' id='word_1_268' title='bbox 2703 2897 3005 2978; x_wconf 88' lang='lat' dir='ltr'>Diespiter</span> 
     </span>
     <span class='ocr_line' id='line_1_28' title="bbox 427 3001 3004 3080; baseline -0.001 -19"><span class='ocrx_word' id='word_1_269' title='bbox 427 3002 736 3079; x_wconf 85' lang='lat' dir='ltr'>Diogenis,</span> <span class='ocrx_word' id='word_1_270' title='bbox 796 3003 1064 3080; x_wconf 83' lang='lat' dir='ltr'>quamvis</span> <span class='ocrx_word' id='word_1_271' title='bbox 1122 3001 1363 3079; x_wconf 90' lang='lat' dir='ltr'>quidam</span> <span class='ocrx_word' id='word_1_272' title='bbox 1431 3001 1634 3060; x_wconf 87' lang='lat' dir='ltr'>dicant</span> <span class='ocrx_word' id='word_1_273' title='bbox 1704 3002 1970 3080; x_wconf 86' lang='lat' dir='ltr'>diptoton</span> <span class='ocrx_word' id='word_1_274' title='bbox 2035 3020 2150 3060; x_wconf 89' lang='lat' dir='ltr'>non</span> <span class='ocrx_word' id='word_1_275' title='bbox 2221 3001 2496 3061; x_wconf 84' lang='lat' dir='ltr'>inveniri.</span> <span class='ocrx_word' id='word_1_276' title='bbox 2575 3001 2849 3077; x_wconf 86' lang='lat' dir='ltr'>triptotos</span> <span class='ocrx_word' id='word_1_277' title='bbox 2915 3010 3004 3059; x_wconf 81' lang='lat' dir='ltr'>est</span> 
     </span>
     <span class='ocr_line' id='line_1_29' title="bbox 426 3101 3002 3182; baseline -0 -19"><span class='ocrx_word' id='word_1_278' title='bbox 426 3105 644 3172; x_wconf 83' lang='lat' dir='ltr'>forma,</span> <span class='ocrx_word' id='word_1_279' title='bbox 712 3104 986 3182; x_wconf 90' lang='lat' dir='ltr'>quotiens</span> <span class='ocrx_word' id='word_1_280' title='bbox 1061 3120 1274 3162; x_wconf 91' lang='lat' dir='ltr'>nomen</span> <span class='ocrx_word' id='word_1_281' title='bbox 1343 3105 1402 3162; x_wconf 93' lang='lat' dir='ltr'>in</span> <span class='ocrx_word' id='word_1_282' title='bbox 1472 3122 1574 3162; x_wconf 88' lang='lat' dir='ltr'>sex</span> <span class='ocrx_word' id='word_1_283' title='bbox 1642 3103 1880 3164; x_wconf 88' lang='lat' dir='ltr'>casibus</span> <span class='ocrx_word' id='word_1_284' title='bbox 1946 3102 2141 3162; x_wconf 88' lang='lat' dir='ltr'>tribus</span> <span class='ocrx_word' id='word_1_285' title='bbox 2203 3101 2447 3162; x_wconf 83' lang='lat' dir='ltr'>vocibus</span> <span class='ocrx_word' id='word_1_286' title='bbox 2516 3103 2869 3170; x_wconf 89' lang='lat' dir='ltr'>innmtatur,</span> <span class='ocrx_word' id='word_1_287' title='bbox 2940 3111 3002 3162; x_wconf 93' lang='lat' dir='ltr'>ut</span> 
     </span>
     <span class='ocr_line' id='line_1_30' title="bbox 426 3205 3000 3283; baseline -0 -19"><span class='ocrx_word' id='word_1_288' title='bbox 426 3223 734 3264; x_wconf 85' lang='lat' dir='ltr'>scamnum</span> <span class='ocrx_word' id='word_1_289' title='bbox 788 3206 1097 3264; x_wconf 88' lang='lat' dir='ltr'>scrinium.</span> <span class='ocrx_word' id='word_1_290' title='bbox 1188 3211 1540 3283; x_wconf 88' lang='lat' dir='ltr'>tetraptotos</span> <span class='ocrx_word' id='word_1_291' title='bbox 1596 3213 1684 3264; x_wconf 86' lang='lat' dir='ltr'>est</span> <span class='ocrx_word' id='word_1_292' title='bbox 1739 3206 1955 3274; x_wconf 78' lang='lat' dir='ltr'>forma,</span> <span class='ocrx_word' id='word_1_293' title='bbox 2016 3206 2291 3283; x_wconf 90' lang='lat' dir='ltr'>quotiens</span> <span class='ocrx_word' id='word_1_294' title='bbox 2336 3221 2549 3263; x_wconf 89' lang='lat' dir='ltr'>nomen</span> <span class='ocrx_word' id='word_1_295' title='bbox 2596 3205 2657 3262; x_wconf 90' lang='lat' dir='ltr'>in</span> <span class='ocrx_word' id='word_1_296' title='bbox 2703 3222 2804 3262; x_wconf 88' lang='lat' dir='ltr'>sex</span> <span class='ocrx_word' id='word_1_297' title='bbox 2851 3207 3000 3264; x_wconf 86' lang='lat' dir='ltr'>casi-</span> 
     </span>
     <span class='ocr_line' id='line_1_31' title="bbox 427 3306 3002 3385; baseline -0.001 -20"><span class='ocrx_word' id='word_1_298' title='bbox 427 3306 538 3365; x_wconf 89' lang='lat' dir='ltr'>bus</span> <span class='ocrx_word' id='word_1_299' title='bbox 592 3314 866 3385; x_wconf 88' lang='lat' dir='ltr'>quattuor</span> <span class='ocrx_word' id='word_1_300' title='bbox 924 3306 1166 3366; x_wconf 86' lang='lat' dir='ltr'>vocibus</span> <span class='ocrx_word' id='word_1_301' title='bbox 1226 3309 1550 3366; x_wconf 88' lang='lat' dir='ltr'>inmutatur</span> <span class='ocrx_word' id='word_1_302' title='bbox 1606 3315 1663 3366; x_wconf 86' lang='lat' dir='ltr'>et</span> <span class='ocrx_word' id='word_1_303' title='bbox 1711 3307 1999 3374; x_wconf 85' lang='lat' dir='ltr'>flectitur,</span> <span class='ocrx_word' id='word_1_304' title='bbox 2051 3315 2111 3365; x_wconf 89' lang='lat' dir='ltr'>ut</span> <span class='ocrx_word' id='word_1_305' title='bbox 2157 3314 2404 3365; x_wconf 86' lang='lat' dir='ltr'>stamen.</span> <span class='ocrx_word' id='word_1_306' title='bbox 2497 3313 2867 3383; x_wconf 87' lang='lat' dir='ltr'>pentaptotos</span> <span class='ocrx_word' id='word_1_307' title='bbox 2913 3316 3002 3364; x_wconf 86' lang='lat' dir='ltr'>est.</span> 
     </span>
    </p>

    <p class='ocr_par' dir='ltr' id='par_1_8' title="bbox 349 3406 3001 3895">
     <span class='ocr_line' id='line_1_32' title="bbox 349 3406 3001 3486; baseline 0.001 -21"><span class='ocrx_word' id='word_1_308' title='bbox 349 3410 646 3476; x_wconf 77' lang='lat' dir='ltr'>aosorma,</span> <span class='ocrx_word' id='word_1_309' title='bbox 695 3410 972 3486; x_wconf 90' lang='lat' dir='ltr'>quotiens</span> <span class='ocrx_word' id='word_1_310' title='bbox 1017 3427 1230 3467; x_wconf 89' lang='lat' dir='ltr'>nomen</span> <span class='ocrx_word' id='word_1_311' title='bbox 1285 3410 1346 3467; x_wconf 92' lang='lat' dir='ltr'>in</span> <span class='ocrx_word' id='word_1_312' title='bbox 1394 3426 1494 3467; x_wconf 87' lang='lat' dir='ltr'>sex</span> <span class='ocrx_word' id='word_1_313' title='bbox 1543 3406 1781 3466; x_wconf 84' lang='lat' dir='ltr'>casibus</span> <span class='ocrx_word' id='word_1_314' title='bbox 1826 3410 2142 3468; x_wconf 87' lang='lat' dir='ltr'>varietates</span> <span class='ocrx_word' id='word_1_315' title='bbox 2189 3407 2640 3467; x_wconf 90' lang='lat' dir='ltr'>inclinationum</span> <span class='ocrx_word' id='word_1_316' title='bbox 2685 3409 3001 3486; x_wconf 86' lang='lat' dir='ltr'>quinquies</span> 
     </span>
     <span class='ocr_line' id='line_1_33' title="bbox 426 3509 2995 3589; baseline 0 -21"><span class='ocrx_word' id='word_1_317' title='bbox 426 3511 765 3589; x_wconf 83' lang='lat' dir='ltr'>experitur,</span> <span class='ocrx_word' id='word_1_318' title='bbox 817 3514 879 3567; x_wconf 90' lang='lat' dir='ltr'>ut</span> <span class='ocrx_word' id='word_1_319' title='bbox 923 3517 1011 3568; x_wconf 89' lang='lat' dir='ltr'>est</span> <span class='ocrx_word' id='word_1_320' title='bbox 1057 3527 1194 3568; x_wconf 89' lang='lat' dir='ltr'>caro</span> <span class='ocrx_word' id='word_1_321' title='bbox 1241 3510 1333 3569; x_wconf 89' lang='lat' dir='ltr'>leo</span> <span class='ocrx_word' id='word_1_322' title='bbox 1379 3509 1780 3587; x_wconf 82' lang='lat' dir='ltr'>Agamemnon</span> <span class='ocrx_word' id='word_1_323' title='bbox 1827 3528 1955 3569; x_wconf 87' lang='lat' dir='ltr'>mus</span> <span class='ocrx_word' id='word_1_324' title='bbox 2002 3509 2189 3588; x_wconf 80' lang='lat' dir='ltr'>lepus,</span> <span class='ocrx_word' id='word_1_325' title='bbox 2258 3509 2604 3587; x_wconf 86' lang='lat' dir='ltr'>hexaptotos</span> <span class='ocrx_word' id='word_1_326' title='bbox 2650 3516 2740 3568; x_wconf 89' lang='lat' dir='ltr'>est</span> <span class='ocrx_word' id='word_1_327' title='bbox 2786 3511 2995 3578; x_wconf 75' lang='lat' dir='ltr'>forma,</span> 
     </span>
     <span class='ocr_line' id='line_1_34' title="bbox 425 3608 2998 3690; baseline 0 -20"><span class='ocrx_word' id='word_1_328' title='bbox 425 3613 698 3690; x_wconf 88' lang='lat' dir='ltr'>quotiens</span> <span class='ocrx_word' id='word_1_329' title='bbox 744 3608 1050 3689; x_wconf 83' lang='lat' dir='ltr'>[sormam]</span> <span class='ocrx_word' id='word_1_330' title='bbox 1100 3629 1209 3689; x_wconf 89' lang='lat' dir='ltr'>per</span> <span class='ocrx_word' id='word_1_331' title='bbox 1249 3631 1453 3672; x_wconf 88' lang='lat' dir='ltr'>omnes</span> <span class='ocrx_word' id='word_1_332' title='bbox 1484 3631 1586 3672; x_wconf 86' lang='lat' dir='ltr'>sex</span> <span class='ocrx_word' id='word_1_333' title='bbox 1620 3630 1791 3670; x_wconf 87' lang='lat' dir='ltr'>casus</span> <span class='ocrx_word' id='word_1_334' title='bbox 1823 3614 2075 3671; x_wconf 84' lang='lat' dir='ltr'>varietas</span> <span class='ocrx_word' id='word_1_335' title='bbox 2122 3612 2538 3671; x_wconf 87' lang='lat' dir='ltr'>declinationis</span> <span class='ocrx_word' id='word_1_336' title='bbox 2586 3619 2886 3689; x_wconf 86' lang='lat' dir='ltr'>operatur,</span> <span class='ocrx_word' id='word_1_337' title='bbox 2935 3621 2998 3671; x_wconf 90' lang='lat' dir='ltr'>ut</span> 
     </span>
     <span class='ocr_line' id='line_1_35' title="bbox 424 3697 2992 3790; baseline 0 -18"><span class='ocrx_word' id='word_1_338' title='bbox 424 3721 517 3773; x_wconf 87' lang='lat' dir='ltr'>est</span> <span class='ocrx_word' id='word_1_339' title='bbox 560 3731 713 3773; x_wconf 87' lang='lat' dir='ltr'>unus</span> <span class='ocrx_word' id='word_1_340' title='bbox 746 3711 905 3772; x_wconf 87' lang='lat' dir='ltr'>solus</span> <span class='ocrx_word' id='word_1_341' title='bbox 950 3697 1166 3772; x_wconf 75' lang='lat' dir='ltr'>nullus·</span> <span class='ocrx_word' id='word_1_342' title='bbox 1228 3713 1331 3772; x_wconf 90' lang='lat' dir='ltr'>sed</span> <span class='ocrx_word' id='word_1_343' title='bbox 1379 3716 1438 3773; x_wconf 91' lang='lat' dir='ltr'>in</span> <span class='ocrx_word' id='word_1_344' title='bbox 1486 3714 1579 3773; x_wconf 88' lang='lat' dir='ltr'>his</span> <span class='ocrx_word' id='word_1_345' title='bbox 1623 3714 1833 3772; x_wconf 83' lang='lat' dir='ltr'>formis</span> <span class='ocrx_word' id='word_1_346' title='bbox 1878 3714 1989 3773; x_wconf 87' lang='lat' dir='ltr'>boc</span> <span class='ocrx_word' id='word_1_347' title='bbox 2036 3713 2392 3790; x_wconf 81' lang='lat' dir='ltr'>regulariter</span> <span class='ocrx_word' id='word_1_348' title='bbox 2437 3721 2642 3772; x_wconf 88' lang='lat' dir='ltr'>tenere</span> <span class='ocrx_word' id='word_1_349' title='bbox 2689 3712 2992 3783; x_wconf 87' lang='lat' dir='ltr'>debemus,</span> 
     </span>
     <span class='ocr_line' id='line_1_36' title="bbox 424 3815 2995 3895; baseline -0 -21"><span class='ocrx_word' id='word_1_350' title='bbox 424 3815 578 3893; x_wconf 88' lang='lat' dir='ltr'>quod</span> <span class='ocrx_word' id='word_1_351' title='bbox 610 3821 819 3875; x_wconf 87' lang='lat' dir='ltr'>neutra</span> <span class='ocrx_word' id='word_1_352' title='bbox 861 3816 1102 3874; x_wconf 87' lang='lat' dir='ltr'>nomina</span> <span class='ocrx_word' id='word_1_353' title='bbox 1147 3833 1338 3894; x_wconf 90' lang='lat' dir='ltr'>neque</span> <span class='ocrx_word' id='word_1_354' title='bbox 1385 3815 1697 3894; x_wconf 86' lang='lat' dir='ltr'>hexaptota</span> <span class='ocrx_word' id='word_1_355' title='bbox 1743 3834 1945 3895; x_wconf 16' lang='lat' dir='ltr'>neque*</span> <span class='ocrx_word' id='word_1_356' title='bbox 1981 3822 2321 3894; x_wconf 82' lang='lat' dir='ltr'>pentaptota</span> <span class='ocrx_word' id='word_1_357' title='bbox 2367 3833 2496 3874; x_wconf 87' lang='lat' dir='ltr'>esse</span> <span class='ocrx_word' id='word_1_358' title='bbox 2543 3823 2820 3892; x_wconf 86' lang='lat' dir='ltr'>possunt:</span> <span class='ocrx_word' id='word_1_359' title='bbox 2869 3817 2995 3874; x_wconf 86' lang='lat' dir='ltr'>sere</span> 
     </span>
    </p>

    <p class='ocr_par' dir='ltr' id='par_1_9' title="bbox 346 3914 2992 3996">
     <span class='ocr_line' id='line_1_37' title="bbox 346 3914 2992 3996; baseline 0 -23"><span class='ocrx_word' id='word_1_360' title='bbox 346 3935 397 3973; x_wconf 80' lang='lat'>35</span> <span class='ocrx_word' id='word_1_361' title='bbox 423 3918 582 3977; x_wconf 90' lang='lat' dir='ltr'>enim</span> <span class='ocrx_word' id='word_1_362' title='bbox 627 3918 871 3995; x_wconf 86' lang='lat' dir='ltr'>triptota</span> <span class='ocrx_word' id='word_1_363' title='bbox 917 3915 1006 3974; x_wconf 82' lang='lat' dir='ltr'>vel</span> <span class='ocrx_word' id='word_1_364' title='bbox 1054 3914 1278 3994; x_wconf 89' lang='lat' dir='ltr'>diptota</span> <span class='ocrx_word' id='word_1_365' title='bbox 1323 3925 1478 3976; x_wconf 87' lang='lat' dir='ltr'>sunt.</span> <span class='ocrx_word' id='word_1_366' title='bbox 1567 3925 1655 3976; x_wconf 88' lang='lat' dir='ltr'>est</span> <span class='ocrx_word' id='word_1_367' title='bbox 1699 3925 1894 3977; x_wconf 89' lang='lat' dir='ltr'>tamen</span> <span class='ocrx_word' id='word_1_368' title='bbox 1940 3935 2154 3976; x_wconf 87' lang='lat' dir='ltr'>novum</span> <span class='ocrx_word' id='word_1_369' title='bbox 2200 3920 2369 3996; x_wconf 89' lang='lat' dir='ltr'>quasi</span> <span class='ocrx_word' id='word_1_370' title='bbox 2413 3919 2742 3994; x_wconf 85' lang='lat' dir='ltr'>monoptoti</span> <span class='ocrx_word' id='word_1_371' title='bbox 2788 3935 2992 3992; x_wconf 87' lang='lat' dir='ltr'>genus,</span> 
     </span>
    </p>
   </div>
   <div class='ocr_carea' id='block_1_3' title="bbox 419 4115 3067 4815">
    <p class='ocr_par' dir='ltr' id='par_1_10' title="bbox 419 4115 3067 4815">
     <span class='ocr_line' id='line_1_38' title="bbox 561 4115 2997 4185; baseline -0.001 -16"><span class='ocrx_word' id='word_1_372' title='bbox 561 4122 594 4169; x_wconf 87' lang='grc'>4</span> <span class='ocrx_word' id='word_1_373' title='bbox 628 4119 949 4185; x_wconf 78' lang='lat' dir='ltr'>appellantur</span> <span class='ocrx_word' id='word_1_374' title='bbox 987 4119 1050 4167; x_wconf 88' lang='lat' dir='ltr'><em>M</em></span> <span class='ocrx_word' id='word_1_375' title='bbox 1191 4120 1394 4185; x_wconf 86' lang='lat' dir='ltr'>proprie</span> <span class='ocrx_word' id='word_1_376' title='bbox 1426 4136 1487 4169; x_wconf 84' lang='lat' dir='ltr'>ex</span> <span class='ocrx_word' id='word_1_377' title='bbox 1525 4120 1736 4169; x_wconf 83' lang='lat' dir='ltr'>consilio</span> <span class='ocrx_word' id='word_1_378' title='bbox 1775 4120 1825 4170; x_wconf 91' lang='lat' dir='ltr'><em>B</em></span> <span class='ocrx_word' id='word_1_379' title='bbox 1965 4120 1997 4168; x_wconf 87' lang='grc'><strong>5</strong></span> <span class='ocrx_word' id='word_1_380' title='bbox 2038 4120 2268 4168; x_wconf 82' lang='lat' dir='ltr'>uideatur</span> <span class='ocrx_word' id='word_1_381' title='bbox 2302 4121 2365 4168; x_wconf 83' lang='lat' dir='ltr'><em>M</em></span> <span class='ocrx_word' id='word_1_382' title='bbox 2500 4115 2881 4183; x_wconf 84' lang='lat' dir='ltr'>intelleguntur]</span> <span class='ocrx_word' id='word_1_383' title='bbox 2923 4121 2997 4166; x_wconf 90' lang='lat' dir='ltr'>ui-</span> 
     </span>
     <span class='ocr_line' id='line_1_39' title="bbox 423 4187 2993 4255; baseline -0.002 -16"><span class='ocrx_word' id='word_1_384' title='bbox 423 4193 638 4239; x_wconf 82' lang='lat' dir='ltr'>deantur</span> <span class='ocrx_word' id='word_1_385' title='bbox 667 4190 733 4238; x_wconf 87' lang='lat' dir='ltr'><em>M</em></span> <span class='ocrx_word' id='word_1_386' title='bbox 867 4191 901 4238; x_wconf 82' lang='lat'><strong>6</strong></span> <span class='ocrx_word' id='word_1_387' title='bbox 936 4205 1084 4250; x_wconf 87' lang='lat' dir='ltr'>quem</span> <span class='ocrx_word' id='word_1_388' title='bbox 1120 4191 1287 4255; x_wconf 81' lang='lat' dir='ltr'>ipsum</span> <span class='ocrx_word' id='word_1_389' title='bbox 1324 4189 1375 4238; x_wconf 81' lang='lat' dir='ltr'><em>B</em></span> <span class='ocrx_word' id='word_1_390' title='bbox 1535 4191 1569 4239; x_wconf 84' lang='lat'>9</span> <span class='ocrx_word' id='word_1_391' title='bbox 1605 4189 1824 4251; x_wconf 84' lang='lat' dir='ltr'>denique</span> <span class='ocrx_word' id='word_1_392' title='bbox 1863 4191 2113 4239; x_wconf 87' lang='lat' dir='ltr'>interdum</span> <span class='ocrx_word' id='word_1_393' title='bbox 2154 4188 2289 4238; x_wconf 88' lang='lat' dir='ltr'>hunc</span> <span class='ocrx_word' id='word_1_394' title='bbox 2324 4203 2471 4238; x_wconf 82' lang='lat' dir='ltr'>uarro</span> <span class='ocrx_word' id='word_1_395' title='bbox 2510 4196 2707 4238; x_wconf 81' lang='lat' dir='ltr'>sextum</span> <span class='ocrx_word' id='word_1_396' title='bbox 2745 4187 2993 4236; x_wconf 88' lang='lat' dir='ltr'>interdum</span> 
     </span>
     <span class='ocr_line' id='line_1_40' title="bbox 423 4256 2993 4321; baseline -0.003 -10"><span class='ocrx_word' id='word_1_397' title='bbox 423 4261 630 4311; x_wconf 82' lang='lat' dir='ltr'>latinum</span> <span class='ocrx_word' id='word_1_398' title='bbox 669 4258 737 4308; x_wconf 89' lang='lat' dir='ltr'><em>M</em></span> <span class='ocrx_word' id='word_1_399' title='bbox 874 4258 938 4310; x_wconf 91' lang='grc'>10</span> <span class='ocrx_word' id='word_1_400' title='bbox 973 4261 1131 4308; x_wconf 87' lang='lat' dir='ltr'>nostri</span> <span class='ocrx_word' id='word_1_401' title='bbox 1168 4259 1418 4309; x_wconf 79' lang='lat' dir='ltr'>sermonis</span> <span class='ocrx_word' id='word_1_402' title='bbox 1455 4273 1576 4308; x_wconf 87' lang='lat' dir='ltr'>usus</span> <span class='ocrx_word' id='word_1_403' title='bbox 1611 4258 1661 4306; x_wconf 87' lang='lat' dir='ltr'><em>B</em></span> <span class='ocrx_word' id='word_1_404' title='bbox 1787 4259 1845 4309; x_wconf 84' lang='lat'>11</span> <span class='ocrx_word' id='word_1_405' title='bbox 1878 4256 2137 4321; x_wconf 87' lang='lat' dir='ltr'>quoniam]</span> <span class='ocrx_word' id='word_1_406' title='bbox 2171 4260 2256 4319; x_wconf 87' lang='lat' dir='ltr'>qui</span> <span class='ocrx_word' id='word_1_407' title='bbox 2297 4260 2343 4308; x_wconf 86' lang='lat' dir='ltr'><em>B</em></span> <span class='ocrx_word' id='word_1_408' title='bbox 2449 4258 2513 4309; x_wconf 88' lang='lat'>13</span> <span class='ocrx_word' id='word_1_409' title='bbox 2550 4259 2799 4306; x_wconf 81' lang='lat' dir='ltr'>sermonis</span> <span class='ocrx_word' id='word_1_410' title='bbox 2838 4258 2993 4307; x_wconf 83' lang='lat' dir='ltr'>nostri</span> 
     </span>
     <span class='ocr_line' id='line_1_41' title="bbox 423 4326 2994 4393; baseline -0.001 -15"><span class='ocrx_word' id='word_1_411' title='bbox 423 4330 483 4378; x_wconf 91' lang='lat' dir='ltr'><em>M</em></span> <span class='ocrx_word' id='word_1_412' title='bbox 628 4330 693 4380; x_wconf 76' lang='lat'>16</span> <span class='ocrx_word' id='word_1_413' title='bbox 725 4344 846 4393; x_wconf 86' lang='lat' dir='ltr'>ergo</span> <span class='ocrx_word' id='word_1_414' title='bbox 880 4328 942 4377; x_wconf 88' lang='lat' dir='ltr'>ad</span> <span class='ocrx_word' id='word_1_415' title='bbox 977 4329 1030 4378; x_wconf 90' lang='lat' dir='ltr'><em>B</em></span> <span class='ocrx_word' id='word_1_416' title='bbox 1190 4330 1258 4379; x_wconf 78' lang='lat'>20</span> <span class='ocrx_word' id='word_1_417' title='bbox 1291 4327 1510 4376; x_wconf 83' lang='lat' dir='ltr'>habeant</span> <span class='ocrx_word' id='word_1_418' title='bbox 1547 4328 1824 4376; x_wconf 71' lang='lat' dir='ltr'>sichardus</span> <span class='ocrx_word' id='word_1_419' title='bbox 1858 4329 2043 4377; x_wconf 83' lang='lat' dir='ltr'>habent</span> <span class='ocrx_word' id='word_1_420' title='bbox 2080 4327 2202 4377; x_wconf 87' lang='grc' dir='ltr'>ΒΜ</span> <span class='ocrx_word' id='word_1_421' title='bbox 2358 4329 2424 4377; x_wconf 79' lang='grc'>25</span> <span class='ocrx_word' id='word_1_422' title='bbox 2462 4328 2704 4392; x_wconf 86' lang='lat' dir='ltr'>diospiter</span> <span class='ocrx_word' id='word_1_423' title='bbox 2740 4326 2787 4374; x_wconf 86' lang='lat' dir='ltr'><em>B</em></span> <span class='ocrx_word' id='word_1_424' title='bbox 2927 4326 2994 4376; x_wconf 78' lang='lat'>26</span> 
     </span>
     <span class='ocr_line' id='line_1_42' title="bbox 423 4395 2858 4464; baseline -0.001 -17"><span class='ocrx_word' id='word_1_425' title='bbox 423 4401 656 4464; x_wconf 82' lang='lat' dir='ltr'>quamvis</span> <span class='ocrx_word' id='word_1_426' title='bbox 692 4427 761 4435; x_wconf 91' lang='lat'><strong>—</strong></span> <span class='ocrx_word' id='word_1_427' title='bbox 799 4400 1010 4448; x_wconf 85' lang='lat' dir='ltr'>inveniri</span> <span class='ocrx_word' id='word_1_428' title='bbox 1041 4406 1155 4461; x_wconf 78' lang='lat' dir='ltr'>post</span> <span class='ocrx_word' id='word_1_429' title='bbox 1190 4400 1257 4449; x_wconf 79' lang='lat'>25</span> <span class='ocrx_word' id='word_1_430' title='bbox 1297 4399 1623 4447; x_wconf 85' lang='lat' dir='ltr'>mutationem</span> <span class='ocrx_word' id='word_1_431' title='bbox 1659 4397 1808 4447; x_wconf 74' lang='lat' dir='ltr'>habel</span> <span class='ocrx_word' id='word_1_432' title='bbox 1844 4398 1894 4446; x_wconf 89' lang='lat' dir='ltr'><em>B</em></span> <span class='ocrx_word' id='word_1_433' title='bbox 2034 4397 2096 4448; x_wconf 84' lang='lat'>31</span> <span class='ocrx_word' id='word_1_434' title='bbox 2138 4411 2437 4461; x_wconf 80' lang='lat' dir='ltr'>agamemno</span> <span class='ocrx_word' id='word_1_435' title='bbox 2475 4412 2589 4445; x_wconf 82' lang='lat' dir='ltr'>mua</span> <span class='ocrx_word' id='word_1_436' title='bbox 2628 4396 2770 4460; x_wconf 85' lang='lat' dir='ltr'>lepos</span> <span class='ocrx_word' id='word_1_437' title='bbox 2807 4395 2858 4444; x_wconf 91' lang='lat' dir='ltr'><em>B</em></span> 
     </span>
     <span class='ocr_line' id='line_1_43' title="bbox 422 4465 2994 4532; baseline -0.001 -15"><span class='ocrx_word' id='word_1_438' title='bbox 422 4479 687 4532; x_wconf 69' lang='lat' dir='ltr'>exaptoton</span> <span class='ocrx_word' id='word_1_439' title='bbox 725 4468 886 4518; x_wconf 74' lang='lat' dir='ltr'>forma</span> <span class='ocrx_word' id='word_1_440' title='bbox 919 4479 993 4518; x_wconf 89' lang='lat' dir='ltr'>est</span> <span class='ocrx_word' id='word_1_441' title='bbox 1033 4470 1230 4532; x_wconf 85' lang='lat' dir='ltr'>quoties</span> <span class='ocrx_word' id='word_1_442' title='bbox 1259 4468 1471 4518; x_wconf 78' lang='lat' dir='ltr'>formata</span> <span class='ocrx_word' id='word_1_443' title='bbox 1502 4482 1592 4531; x_wconf 87' lang='lat' dir='ltr'>per</span> <span class='ocrx_word' id='word_1_444' title='bbox 1626 4465 1690 4514; x_wconf 87' lang='lat' dir='ltr'><em>M</em></span> <span class='ocrx_word' id='word_1_445' title='bbox 1791 4467 1858 4515; x_wconf 76' lang='lat'>34</span> <span class='ocrx_word' id='word_1_446' title='bbox 1898 4481 2057 4528; x_wconf 86' lang='lat' dir='ltr'>neque</span> <span class='ocrx_word' id='word_1_447' title='bbox 2093 4475 2330 4531; x_wconf 84' lang='lat' dir='ltr'>exaptota</span> <span class='ocrx_word' id='word_1_448' title='bbox 2368 4481 2528 4531; x_wconf 81' lang='lat' dir='ltr'>neque.</span> <span class='ocrx_word' id='word_1_449' title='bbox 2557 4474 2847 4530; x_wconf 84' lang='lat' dir='ltr'>monoptota</span> <span class='ocrx_word' id='word_1_450' title='bbox 2880 4479 2994 4515; x_wconf 78' lang='lat' dir='ltr'>esse</span> 
     </span>
     <span class='ocr_line' id='line_1_44' title="bbox 423 4535 2989 4606; baseline -0.002 -19"><span class='ocrx_word' id='word_1_451' title='bbox 423 4540 620 4603; x_wconf 83' lang='lat' dir='ltr'>possint</span> <span class='ocrx_word' id='word_1_452' title='bbox 655 4537 762 4589; x_wconf 70' lang='lat' dir='ltr'>fere</span> <span class='ocrx_word' id='word_1_453' title='bbox 795 4540 926 4588; x_wconf 88' lang='lat' dir='ltr'>enim</span> <span class='ocrx_word' id='word_1_454' title='bbox 963 4540 1167 4603; x_wconf 80' lang='lat' dir='ltr'>triptota</span> <span class='ocrx_word' id='word_1_455' title='bbox 1206 4554 1320 4606; x_wconf 73' lang='lat' dir='ltr'>ease</span> <span class='ocrx_word' id='word_1_456' title='bbox 1359 4547 1569 4601; x_wconf 86' lang='lat' dir='ltr'>possunt</span> <span class='ocrx_word' id='word_1_457' title='bbox 1606 4545 1681 4585; x_wconf 85' lang='lat' dir='ltr'>est</span> <span class='ocrx_word' id='word_1_458' title='bbox 1717 4545 1884 4586; x_wconf 83' lang='lat' dir='ltr'>tamen</span> <span class='ocrx_word' id='word_1_459' title='bbox 1928 4535 1976 4583; x_wconf 87' lang='lat' dir='ltr'><em>B</em></span> <span class='ocrx_word' id='word_1_460' title='bbox 2011 4551 2177 4598; x_wconf 86' lang='lat' dir='ltr'>neque</span> <span class='ocrx_word' id='word_1_461' title='bbox 2214 4545 2455 4600; x_wconf 87' lang='lat' dir='ltr'>exaptota</span> <span class='ocrx_word' id='word_1_462' title='bbox 2491 4550 2653 4598; x_wconf 86' lang='lat' dir='ltr'>neque</span> <span class='ocrx_word' id='word_1_463' title='bbox 2684 4535 2879 4598; x_wconf 87' lang='lat' dir='ltr'>diptota</span> <span class='ocrx_word' id='word_1_464' title='bbox 2911 4535 2989 4584; x_wconf 84' lang='lat' dir='ltr'>uel</span> 
     </span>
     <span class='ocr_line' id='line_1_45' title="bbox 422 4606 3067 4675; baseline -0.001 -20"><span class='ocrx_word' id='word_1_465' title='bbox 422 4615 717 4673; x_wconf 82' lang='lat' dir='ltr'>pentaptota</span> <span class='ocrx_word' id='word_1_466' title='bbox 757 4624 868 4657; x_wconf 81' lang='lat' dir='ltr'>esse</span> <span class='ocrx_word' id='word_1_467' title='bbox 911 4619 1126 4675; x_wconf 82' lang='lat' dir='ltr'>possunt</span> <span class='ocrx_word' id='word_1_468' title='bbox 1160 4619 1238 4659; x_wconf 85' lang='lat' dir='ltr'>est</span> <span class='ocrx_word' id='word_1_469' title='bbox 1279 4619 1444 4657; x_wconf 86' lang='lat' dir='ltr'>tamen</span> <span class='ocrx_word' id='word_1_470' title='bbox 1486 4608 1563 4661; x_wconf 82' lang='lat' dir='ltr'>M.</span> <span class='ocrx_word' id='word_1_471' title='bbox 1606 4608 1926 4669; x_wconf 76' lang='lat' dir='ltr'>triptotorum</span> <span class='ocrx_word' id='word_1_472' title='bbox 1958 4607 2190 4668; x_wconf 80' lang='lat' dir='ltr'>exempla</span> <span class='ocrx_word' id='word_1_473' title='bbox 2229 4608 2348 4668; x_wconf 83' lang='lat' dir='ltr'>poni</span> <span class='ocrx_word' id='word_1_474' title='bbox 2391 4607 2551 4656; x_wconf 76' lang='lat' dir='ltr'>solent</span> <span class='ocrx_word' id='word_1_475' title='bbox 2590 4612 2767 4655; x_wconf 79' lang='lat' dir='ltr'>neutra</span> <span class='ocrx_word' id='word_1_476' title='bbox 2803 4606 2853 4654; x_wconf 84' lang='lat' dir='ltr'>in</span> <span class='ocrx_word' id='word_1_477' title='bbox 2891 4620 2990 4663; x_wconf 83' lang='lat' dir='ltr'>um,</span> <span class='ocrx_word' id='word_1_478' title='bbox 3066 4641 3067 4644; x_wconf 17' lang='grc' dir='ltr'>η</span> 
     </span>
     <span class='ocr_line' id='line_1_46' title="bbox 419 4674 2986 4742; baseline -0.002 -15"><span class='ocrx_word' id='word_1_479' title='bbox 419 4679 719 4740; x_wconf 79' lang='lat' dir='ltr'>diptoeorum</span> <span class='ocrx_word' id='word_1_480' title='bbox 765 4686 947 4728; x_wconf 79' lang='lat' dir='ltr'>neutra</span> <span class='ocrx_word' id='word_1_481' title='bbox 990 4681 1041 4728; x_wconf 80' lang='lat' dir='ltr'>in</span> <span class='ocrx_word' id='word_1_482' title='bbox 1087 4694 1146 4729; x_wconf 89' lang='lat' dir='ltr'>u:</span> <span class='ocrx_word' id='word_1_483' title='bbox 1186 4679 1257 4742; x_wconf 80' lang='lat' dir='ltr'>cf.</span> <span class='ocrx_word' id='word_1_484' title='bbox 1301 4677 1493 4730; x_wconf 69' lang='lat' dir='ltr'>Charis.</span> <span class='ocrx_word' id='word_1_485' title='bbox 1527 4692 1580 4741; x_wconf 82' lang='lat' dir='ltr'>p.</span> <span class='ocrx_word' id='word_1_486' title='bbox 1615 4676 1728 4741; x_wconf 82' lang='lat'>150,</span> <span class='ocrx_word' id='word_1_487' title='bbox 1763 4679 1831 4728; x_wconf 77' lang='lat'>22</span> <span class='ocrx_word' id='word_1_488' title='bbox 1870 4676 2026 4728; x_wconf 81' lang='lat' dir='ltr'>Diom.</span> <span class='ocrx_word' id='word_1_489' title='bbox 2065 4693 2118 4741; x_wconf 86' lang='lat' dir='ltr'>p.</span> <span class='ocrx_word' id='word_1_490' title='bbox 2162 4675 2283 4740; x_wconf 85' lang='lat'>308,</span> <span class='ocrx_word' id='word_1_491' title='bbox 2321 4676 2351 4725; x_wconf 94' lang='lat'><strong>7</strong></span> <span class='ocrx_word' id='word_1_492' title='bbox 2528 4674 2594 4726; x_wconf 82' lang='lat'>35</span> <span class='ocrx_word' id='word_1_493' title='bbox 2633 4689 2811 4725; x_wconf 88' lang='lat' dir='ltr'>nomen</span> <span class='ocrx_word' id='word_1_494' title='bbox 2845 4675 2986 4739; x_wconf 80' lang='lat' dir='ltr'>quasi</span> 
     </span>
     <span class='ocr_line' id='line_1_47' title="bbox 425 4749 1023 4815; baseline 0.003 -19"><span class='ocrx_word' id='word_1_495' title='bbox 425 4754 745 4812; x_wconf 82' lang='lat' dir='ltr'>monoptotos</span> <span class='ocrx_word' id='word_1_496' title='bbox 780 4763 942 4815; x_wconf 85' lang='lat' dir='ltr'>genus</span> <span class='ocrx_word' id='word_1_497' title='bbox 975 4749 1023 4798; x_wconf 88' lang='lat' dir='ltr'><em>B</em></span> 
     </span>
    </p>
   </div>
  </div>
 </body>
</html>
