3541 5564
1128 341 1526 404 EXCERPTA
1576 341 1923 403 PARISINA
1971 341 2260 403 Vl--Vlll
2866 338 2989 402 607

354 499 363 508 ,
2595 462 2638 502 p.
2668 450 2783 491 27³8.
2812 450 2863 489 39
2889 447 2937 491 Ρ.

410 541 503 594 est
544 534 665 594 tulo
708 533 878 613 quasi
925 550 958 591 a
1002 531 1260 592 themate
1306 529 1458 592 tulat
1501 529 1792 599 declinat,
1849 531 2035 591 ‘nisi
2092 530 2279 611 quod
2327 538 2445 590 tua
2491 527 2816 591 facultas
2860 548 2987 590 no-

411 636 527 698 bis
583 634 775 696 tulat
830 634 1205 713 operam':
1274 640 1474 693 vertor
1529 642 1588 693 et
1643 650 1850 693 verror
1909 650 2116 693 versus
2169 651 2333 704 sum;
2391 634 2585 713 patior
2640 641 2699 694 et
2761 634 2989 714 pandor

407 756 616 819 passus
646 755 808 806 sum,
856 754 972 796 non
1005 753 1253 815 pansus:
1303 734 1600 814 Vergilius
1646 737 1928 813 ‘passis
1971 734 2382 796 crinibus’:
2431 735 2662 816 explico
2707 736 2987 815 explicui,

407 843 546 922 quia
590 839 747 920 plico
792 837 1009 918 plicui;
1055 836 1158 897 sed
1204 836 1413 898 Cicero
1457 855 1566 916 pro
1611 836 1807 897 Tullio
1853 838 2268 917 explicavit
2311 839 2413 898 ait.

355 958 382 998 5
576 942 661 1003 De
705 940 1311 1021 plusquamperfecto.
1371 942 1433 1001 in
1466 940 1699 1017 graecis
1743 938 1944 999 verbis
1988 957 2139 1018 quae
2183 940 2245 999 in
2293 957 2344 999 ω
2374 948 2592 1003 exeunt
2637 959 2808 1001 omne
2853 960 2986 1021 per-

408 1047 631 1106 fectum
676 1051 911 1123 tempus
954 1050 1140 1103 mutat
1183 1043 1247 1103 in
1290 1043 1405 1102 tine
1452 1061 1494 1102 α
1540 1043 1601 1113 in
1651 1059 1753 1102 ειν
1797 1049 1855 1101 et
1916 1043 2058 1102 facit
2111 1039 2783 1122 plusquamperfectum,
2830 1044 2986 1123 quod

407 1145 495 1209 illi
540 1138 1116 1227 ὑπερσυντελικόν
1158 1151 1387 1205 vocant.
1476 1145 1538 1204 in
1583 1145 1778 1222 capite
1826 1161 1991 1213 vero,
2053 1145 2104 1204 si
2149 1144 2481 1223 perfectum
2527 1163 2560 1204 a
2604 1145 2787 1206 vocali
2835 1147 2984 1206 inci-

406 1252 526 1331 pit,
576 1248 651 1309 ab
696 1247 902 1308 eadem
949 1246 1135 1307 vocali
1181 1252 1244 1308 et
1272 1245 1918 1326 plusquamperfectum
1951 1247 2197 1325 incipiat
2226 1263 2472 1307 necesse
2503 1255 2624 1317 est,
2672 1244 2987 1329 ἔφθαρκα

407 1346 820 1432 ἑφθάρκειν,
869 1348 1102 1429 εἴρηκα
1149 1344 1472 1428 εἰρήκεινε
1544 1350 1596 1409 si
1640 1365 1782 1408 vero
1827 1349 2066 1408 initium
2111 1348 2362 1427 perfecti
2406 1367 2736 1410 consonans
2781 1351 2982 1420 fuerit,

331 1468 379 1507 10
407 1461 549 1515 tunc
611 1444 1179 1530 ὑπερσυντελικός
1245 1450 1319 1510 ab
1383 1450 1614 1511 adiecta
1658 1449 1774 1511 sibi
1820 1451 2006 1511 vocali
2053 1450 2291 1530 incipit,
2339 1446 2669 1530 πεποίηκα
2714 1447 2985 1513 ἐπεποι-

405 1551 630 1636 ήκειν,
685 1550 992 1633 γέγραφα
1049 1546 1476 1631 ἐγεγράφειν.
1546 1570 1657 1612 nec
1713 1554 2025 1614 inmerito:
2085 1551 2221 1613 bina
2267 1553 2427 1612 enim
2471 1558 2768 1632 tempora,
2819 1563 2881 1616 ut
2925 1563 2986 1616 et

405 1676 583 1738 supra
628 1656 917 1724 diximuS,
975 1654 1262 1715 naturalis
1314 1653 1602 1734 quaedam
1660 1656 1936 1733 cognatio
1992 1653 2320 1733 copulavit,
2368 1672 2500 1714 cum
2545 1658 2845 1734 praesenti
2890 1659 2985 1717 in-

405 1760 764 1840 perfectum,
811 1775 948 1817 cum
994 1757 1259 1836 perfecto
1301 1756 1980 1836 plusquamperfectum,
2038 1773 2174 1816 cum
2219 1757 2438 1817 aoristo
2483 1755 2845 1819 Graecorum
2890 1760 2981 1820 fu-

406 1871 626 1924 turum.
716 1860 853 1920 ideo
908 1858 1061 1939 apud
1123 1858 1261 1920 illos
1316 1860 1471 1920 sicut
1524 1860 1852 1937 incipiente
1907 1860 2211 1938 praesenti
2267 1878 2300 1920 a
2359 1858 2538 1920 vocali
2584 1862 2981 1941 inperfectum

330 1975 379 2016 15
406 1963 679 2025 similiter
724 1982 757 2023 a
800 1961 987 2023 vocali
1033 1963 1271 2040 incipit,
1328 1962 1378 2021 si
1435 1979 1576 2021 vero
1631 1978 1918 2041 praesens
1965 1979 1995 2022 a
2049 1968 2406 2022 consonante
2464 1964 2695 2041 coepit,
2744 1962 2983 2023 additur

403 2066 739 2145 inperfecto
793 2063 1038 2132 vocalis,
1107 2061 1370 2142 φθείρω
1421 2059 1784 2142 ἒφθάρον,
1841 2064 1923 2122 ita
1979 2067 2040 2121 et
2094 2062 2741 2143 plusquamperfectum
2798 2064 2981 2126 simili

403 2167 820 2229 observatione
866 2165 938 2226 de
985 2167 1159 2226 initio
1203 2166 1456 2244 perfecti
1501 2164 1732 2243 cognati
1761 2163 1880 2225 sibi
1926 2164 2090 2242 leges
2122 2167 2396 2235 assumit,
2445 2173 2692 2245 excepto
2723 2184 2793 2226 eo
2824 2166 2979 2245 quod

406 2270 647 2331 brevem
691 2286 867 2347 quam
921 2270 983 2328 in
1039 2268 1336 2348 principio
1380 2267 1634 2347 perfecti
1688 2267 1959 2345 repperit
2015 2284 2131 2326 non
2176 2272 2362 2326 mutat
2406 2269 2468 2327 in
2513 2266 2780 2345 longam,
2828 2270 2983 2328 sicut

402 2379 592 2433 mutat
633 2371 1027 2451 inperfectum
1074 2369 1147 2430 de
1192 2371 1386 2448 capite
1442 2369 1769 2449 praesentis
1816 2375 2147 2448 acceptam,
2194 2361 2336 2447 ἄγω
2361 2355 2554 2447 ἦγον.
2646 2377 2777 2448 post
2820 2369 2977 2449 plus-

324 2474 912 2554 mquamperfectum
968 2489 1336 2551 consequens
1400 2478 1531 2531 erat
1602 2478 1669 2531 ut
1734 2469 1807 2530 de
1874 2470 2106 2530 infinito
2172 2475 2467 2550 tempore,
2540 2471 2599 2531 id
2669 2477 2760 2531 est
2825 2468 2980 2550 περὶ

399 2571 747 2658 ἀορίστου,
797 2570 804 2651 Ι
852 2581 1274 2643 tractaremus;
1322 2573 1425 2634 sed
1457 2573 1592 2633 ideo
1622 2573 2185 2653 praetermittimus,
2219 2573 2356 2651 quia
2388 2590 2459 2631 eo
2502 2562 2762 2635 latinitas
2794 2580 2975 2634 caret.

570 2677 655 2738 De
701 2678 923 2737 futuro.
1007 2683 1133 2759 tres
1176 2682 1313 2736 sunt
1358 2677 1599 2735 omnino
1643 2673 1906 2754 syllabae
1953 2691 2102 2753 quae
2148 2675 2210 2734 in
2255 2676 2488 2752 graecis
2531 2675 2731 2735 verbis
2776 2676 2976 2737 futuro

399 2781 655 2860 tempori
716 2780 1037 2840 terminum
1093 2779 1348 2840 faciunt:
1409 2785 1507 2839 aut
1565 2778 1725 2837 enim
1782 2777 1845 2837 in
1901 2788 1997 2837 σω
2038 2777 2161 2837 exit
2218 2784 2317 2837 aut
2363 2778 2422 2838 in
2470 2772 2559 2851 ξω
2600 2785 2701 2840 aut
2743 2778 2801 2839 in
2849 2786 2974 2856 ψω,

403 2878 671 2963 λαλήσω
720 2876 947 2961 πράξω
996 2877 1262 2959 γράψω,
1309 2882 1425 2940 nisi
1472 2880 1629 2960 quod
1686 2881 1892 2959 quinta
1949 2873 2345 2957 βαρυτόνων
2400 2888 2535 2941 ante
2594 2900 2645 2940 ω
2695 2881 2975 2960 liquidam

324 2996 376 3036 λ’»
404 3002 568 3044 suam
615 2985 853 3045 retinet.
941 2985 1085 3043 item
1130 3000 1341 3061 graeca
1387 2981 1602 3051 verba,
1649 2982 1697 3040 si
1744 2982 2159 3059 perispomena
2204 2983 2325 3042 sint
2368 2983 2792 3063 cuiuscumque
2837 3002 2973 3044 con-

399 3086 751 3163 iugationiS,
812 3084 963 3146 ultra
1021 3101 1332 3146 numerum
1390 3082 1753 3164 syllabarum
1808 3084 2140 3162 praesentis
2195 3093 2412 3161 augent
2456 3102 2573 3144 una
2615 3084 2839 3164 syllaba
2884 3087 2974 3146 fu-

400 3194 631 3258 turum,
679 3186 850 3247 ποιῶ
894 3181 1177 3266 ποιήσω,
1233 3186 1400 3267 τιμῶ
1445 3180 1731 3265 τιμήσω,
1791 3181 1972 3264 δηλῶ
2019 3179 2322 3265 δηλῶσωι
2393 3184 2677 3265 barytona
2726 3188 2785 3247 in
2832 3205 2973 3268 qua-

398 3307 650 3369 cumque
707 3289 1120 3367 coniugatione
1176 3287 1430 3348 eundem
1478 3304 1788 3347 numerum
1835 3294 2099 3356 servant,
2146 3282 2316 3366 λέγω
2367 3282 2572 3367 λέξω,
2618 3280 2759 3367 ἄγω
2810 3283 2972 3369 ἄξω,

400 3387 637 3472 ἐγείρω
691 3388 927 3470 ἐγερῶ,
971 3382 1304 3469 ἡνιοχεύω
1353 3380 1758 3468 ἡνιοχεύσω.
1821 3389 1883 3447 in
1930 3390 2160 3466 graecis
2203 3389 2520 3469 latinisque
2553 3389 2751 3451 verbis
2794 3410 2972 3471 paen-

320 3507 371 3549 ³0
401 3492 605 3553 ultima
650 3493 985 3572 praesentis
1028 3498 1227 3551 manet
1269 3492 1331 3550 in
1379 3490 1611 3559 futuro,
1659 3482 1895 3568 ἀγαπῶ
1941 3483 2292 3571 ἀγαπήσω,
2336 3511 2424 3569 γα
2469 3493 2716 3563 mansit;
2760 3494 2968 3571 θερα-

396 3590 581 3655 πεύω
629 3589 1072 3674 θεραπεύσω,
1130 3610 1260 3654 πευ
1305 3593 1552 3662 mansit;
1613 3594 1808 3670 cogito
1852 3591 2152 3670 cogitabo,
2198 3595 2257 3671 gi
2304 3595 2540 3655 mansit.
2631 3596 2680 3655 si
2726 3594 2973 3656 verbum

395 3696 723 3776 barytonon
778 3697 857 3755 sit
910 3695 1139 3756 habens
1194 3697 1255 3754 in
1312 3695 1613 3774 praesenti
1668 3689 2042 3774 μετάβολον
2096 3701 2230 3755 ante
2288 3715 2369 3774 ω,
2426 3695 2486 3756 id
2543 3704 2633 3757 est
2687 3696 2970 3777 liquidam

393 3804 851 3865 consonantem,
911 3806 1053 3858 tunc
1107 3797 1502 3876 paenultima,
1562 3814 1712 3875 quae
1770 3799 1832 3857 in
1886 3801 2185 3876 praesenti
2243 3797 2416 3876 longa
2474 3798 2615 3868 fuit,
2664 3800 2729 3860 fit
2772 3798 2974 3859 brevis

391 3901 451 3961 in
497 3896 728 3968 futuro,
775 3894 1010 3959 πλύνω
1040 3897 1302 3976 πλυνῶ,
1349 3896 1601 3978 χραίνω
1630 3898 1882 3978 χρανῶ,
1930 3894 2167 3978 ἐγείρω
2196 3897 2428 3979 ἐγερῶ.
2490 3899 2751 3961 diximus
2780 3903 2970 3980 peris-

314 4019 366 4058 35
393 4019 644 4082 pomena
690 4017 910 4078 augere
958 4019 1070 4062 una
1118 4000 1336 4080 syllaba
1383 4001 1675 4068 futurum,
1724 4001 1863 4080 quia
1909 4003 2126 4061 crescit
2169 4000 2405 4070 ultima,
2454 4000 2631 4081 φιλῶ
2678 3997 2970 4081 φιλήσω,

391 4103 561 4165 νικῶ
605 4096 888 4182 νικήσω,
936 4101 1246 4181 στεφανῶ
1292 4096 1730 4180 στεφανῶσω.
1793 4102 1899 4163 sed
1946 4121 2062 4164 non
2107 4120 2343 4182 semper
2388 4102 2498 4163 sub
2544 4102 2749 4163 eadem
2798 4122 2966 4182 prae-

391 4205 657 4266 cedentis
712 4204 946 4265 litterae
1004 4204 1417 4266 observatione
1475 4204 1738 4264 succedit
1794 4204 2071 4265 adiectio.
2162 4222 2297 4265 nam
2343 4206 2405 4265 in
2452 4206 2642 4286 prima
2689 4188 2966 4282 coniuga-

391 4411 509 4461 tollo
556 4409 766 4472 sustuli,
821 4408 979 4459 affero
1015 4409 1159 4459 attuli
1204 4418 1255 4459 et
1296 4407 1469 4458 attollo
1509 4408 1681 4461 attuli:
1731 4407 1801 4468 cs.
1842 4408 1999 4457 Diom.
2032 4423 2088 4471 p.
2122 4409 2244 4470 372,
2283 4412 2334 4460 4.
2373 4407 2495 4467 380,
2539 4409 2618 4461 11.
2673 4406 2871 4461 Charis.
2907 4425 2965 4473 p.

388 4481 509 4540 247,
546 4481 633 4535 27.
666 4480 825 4532 Proh.
858 4478 990 4533 cath.
1023 4497 1078 4545 p.
1113 4478 1201 4538 39,
1237 4480 1288 4532 5.
1328 4479 1498 4530 Prisc.
1525 4480 1562 4529 l.
1602 4477 1715 4526 Vlll
1745 4493 1802 4541 p.
1832 4477 1951 4536 419,
1986 4479 2014 4526 7
2049 4481 2083 4527 l.
2126 4477 2169 4528 X
2203 4494 2258 4542 p.
2290 4478 2411 4541 526,
2452 4479 2516 4530 14
2617 4479 2643 4529 1
2685 4477 2774 4527 tuli
2811 4478 2969 4538 depli-

392 4558 477 4599 nat
513 4549 565 4599 P
665 4550 768 4601 uisi
806 4548 929 4611 quid
965 4548 1182 4600 facultas
1214 4557 1300 4597 tua
1335 4549 1462 4598 tulat
1497 4548 1642 4597 nobis
1671 4562 1820 4611 opem
1859 4546 2068 4599 Botln‘us·
2098 4557 2235 4614 poet.
2275 4551 2364 4598 lat.
2398 4563 2534 4599 scen.
2570 4549 2758 4613 fraym.
2785 4563 2841 4611 p.
2869 4549 2966 4599 172

390 4620 491 4668 nisi
529 4619 649 4682 quid
679 4628 767 4669 tua
790 4618 1007 4669 facultas
1042 4619 1189 4669 nobis
1224 4618 1349 4669 tulat
1384 4632 1531 4684 opem
1568 4618 1667 4666 cito
1706 4615 2006 4668 Ribbeekius
2043 4627 2179 4684 trag.
2219 4619 2310 4672 lat.
2352 4621 2449 4671 rel.
2486 4636 2538 4684 p.
2583 4620 2683 4670 125
2767 4618 2800 4668 3
2839 4619 2967 4667 Ver·

390 4686 566 4755 gilius]
608 4688 736 4739 Aen.
775 4690 792 4738 l
830 4687 951 4743 480.
995 4687 1169 4739 11403
1343 4689 1375 4736 4
1406 4688 1582 4738 Cicero
1618 4702 1709 4753 pro
1749 4685 1938 4755 Tullio]
1983 4691 2143 4740 D1'om.
2175 4704 2231 4752 p.
2268 4689 2391 4750 372,
2432 4689 2493 4738 21
2640 4685 2705 4738 10
2735 4689 2964 4755 ypersin·

390 4758 607 4808 thelicus
642 4759 691 4808 P
822 4759 931 4880 Plss
963 4755 1244 4827 ἔφθειρον
1276 4760 1485 4811 coniecit
1520 4758 1811 4825 opsopoeus
1848 4757 2122 4827 εφθαρκα
2150 4761 2199 4810 P
2363 4759 2431 4813 34
2473 4755 2687 4828 χραίνω
2712 4754 2898 4829 χρανῶ
2929 4773 2965 4825 p

388 4844 574 4895 χρυνω
601 4844 783 4896 lovum
