3541 5564
1300 369 1769 432 COMMENTVM
2713 365 2832 428 109

2489 488 2532 529 p.
2558 477 2707 516 29—31
2739 475 2780 514 t..

253 556 416 617 multi
462 556 622 616 illud.
698 573 830 616 nam
873 556 1031 617 aliud
1080 566 1170 617 est
1216 575 1344 618 esse
1389 559 1450 618 in
1498 566 1687 618 metro
1734 575 1847 617 nec
1892 558 2234 635 conputari,
2293 555 2449 616 aliud
2509 562 2599 615 est
2641 556 2831 633 proici

252 657 322 718 tle
369 665 579 719 metro.
669 664 805 737 puta
861 659 911 718 si
970 658 1133 718 dicas
1190 658 1447 719 ‘lumina
1491 661 1748 738 prima',
1807 657 2028 718 lumina
2077 656 2343 737 dactylus
2390 665 2504 727 est,
2554 658 2691 717 licet
2738 677 2828 717 se-

252 769 462 840 quatur
506 779 545 840 p
592 768 649 820 et
693 779 719 819 t·
769 767 827 820 et
870 762 1057 839 possit
1100 761 1299 822 lacere
1356 762 1726 839 superiorem
1772 758 2037 837 longam;
2101 767 2158 818 et
2211 759 2350 819 licet
2393 762 2469 819 sit
2512 757 2592 818 ibi
2640 778 2698 830 r,
2748 767 2829 817 ta-

252 881 381 923 men
454 881 575 923 non
642 861 722 922 ibi
792 869 1163 940 conputatur.
1257 876 1375 923 non
1432 863 1563 924 dico
1620 865 1886 923 ‘lumina
1937 865 2160 937 pima',
2217 863 2324 921 sed
2377 863 2510 920 dico
2575 859 2829 920 ‘lumina

203 967 508 1043 sprima’:
560 982 698 1023 ecce
746 963 825 1024 ibi
872 972 960 1025 est
1004 983 1034 1025 r
1082 973 1140 1024 et
1182 971 1379 1025 tamen
1428 984 1543 1024 non
1604 973 1978 1044 conputatur.
2070 983 2101 1024 e
2147 967 2444 1023 contrario
2488 964 2548 1023 in
2594 961 2689 1021 illa
2737 959 2827 1021 lit-

250 1075 396 1135 tera,
445 1065 553 1126 uhi
599 1077 688 1127 est
732 1086 788 1135 s,
841 1085 956 1127 nou
1001 1074 1173 1146 potes
1205 1085 1331 1127 eam
1367 1066 1450 1127 ibi
1496 1069 1838 1147 permittere
1886 1073 1942 1126 et
1986 1068 2069 1126 sic
2114 1066 2402 1146 proferre,
2451 1064 2552 1125 sed
2587 1082 2828 1124 necesse

250 1167 426 1228 babes
485 1167 645 1229 illam
702 1167 1035 1229 excludere.
1127 1187 1246 1228 non
1303 1187 1546 1248 possum
1602 1168 1802 1229 dicere
1859 1170 2099 1248 ‘ponite
2154 1186 2291 1247 spes
2352 1167 2464 1227 sibi
2521 1168 2827 1247 quisque’,

247 1269 345 1329 sed
393 1270 597 1330 dicere
644 1270 835 1331 habeo
881 1272 1120 1350 ‘ponite
1163 1290 1271 1350 pes
1315 1270 1424 1330 sibi
1470 1273 1774 1350 quisque’.
1838 1271 1999 1330 vides
2029 1271 2304 1350 quoniam
2338 1269 2638 1342 differunt,
2672 1268 2828 1348 quod

246 1371 374 1432 illae
429 1381 599 1441 sunt,
655 1372 759 1433 sed
828 1392 943 1433 nou
1013 1381 1441 1452 conputantur;
1510 1375 1622 1433 ista
1691 1391 1804 1433 nec
1866 1380 1952 1433 est
1997 1372 2267 1452 quidem,
2317 1390 2452 1432 nam
2500 1370 2830 1432 excluditur

179 1473 392 1534 winde.
490 1474 603 1534 ltoc
663 1474 900 1555 quidem
958 1474 1080 1536 leve
1140 1483 1255 1541 est:
1320 1484 1408 1535 est
1452 1472 1637 1544 aliud,
1697 1473 1856 1554 quod
1902 1481 1993 1535 est
2036 1476 2262 1543 veriuS,
2311 1492 2429 1551 quo
2475 1473 2754 1533 differunt
2798 1492 2827 1532 a

144 1645 147 1652 ‚
242 1593 317 1636 se.
409 1575 672 1653 liquidae
729 1576 863 1637 illae
922 1594 1245 1653 numquam
1303 1576 1662 1656 liquescunt,
1722 1579 1838 1637 nisi
1891 1574 2243 1637 antecedant
2298 1575 2476 1644 aliae;
2534 1578 2642 1636 ista
2691 1593 2830 1634 vero

246 1697 564 1758 numquam
611 1678 910 1758 liquescit,
960 1681 1073 1739 nisi
1120 1680 1241 1758 ipsa
1289 1678 1617 1739 antecedat.
1688 1698 1825 1739 ecce
1874 1677 2154 1756 liquidam
2202 1680 2314 1738 nisi
2358 1679 2655 1738 inveneris
2700 1685 2832 1756 post

242 1788 458 1841 mutam
512 1788 614 1841 aut
654 1788 789 1860 post
833 1781 858 1839 s
908 1779 1339 1851 semivocalem,
1388 1800 1504 1841 non
1553 1780 1840 1860 liquescit,
1890 1782 2164 1861 quoniam
2213 1800 2330 1841 non
2376 1787 2571 1860 potest
2611 1779 2828 1859 liques·

243 1901 407 1953 cere,
470 1884 585 1943 nisi
629 1881 904 1942 habuerit
948 1891 1050 1944 aut
1093 1891 1313 1944 mutam
1362 1892 1463 1944 aut
1505 1881 1919 1943 semivocalem
1967 1882 2436 1944 antecedentem.
2515 1902 2546 1943 e
2591 1890 2827 1942 contra-

172 1985 326 2044 tsrio
380 2005 407 2045 s
470 2003 592 2045 non
646 1993 843 2065 potest
896 1983 1256 2062 liquescere,
1318 1986 1429 2045 nisi
1484 1986 1611 2064 ipsa
1667 1985 1994 2046 antecedat.
2057 1983 2064 2062 Ι
2127 1986 2422 2064 ‘ponite
2468 2003 2638 2063 spes
2684 1981 2828 2044 sibi

238 2088 613 2167 quisque’,
692 2091 947 2166 ‘saepe
1029 2085 1281 2148 stilum
1368 2093 1687 2148 vertas':
1778 2088 1938 2148 vides
2024 2088 2156 2164 quia
2233 2086 2333 2147 ubi
2406 2084 2632 2146 tollitur
2704 2086 2828 2163 ipsa

236 2191 395 2268 prior
447 2197 560 2250 est.

540 2310 699 2352 nam
746 2291 926 2352 l'ieri
971 2293 1284 2352 iuvenes
1328 2290 1574 2352 subito
1621 2309 1705 2351 ex
1749 2289 2173 2351 infantibus
2215 2291 2530 2369 parvis':

237 2395 439 2472 incipis
490 2413 521 2452 s
566 2393 901 2454 excludere.
993 2391 1104 2453 hoc
1150 2395 1400 2454 interest
1442 2394 1598 2454 inter
1642 2393 1896 2472 liquidas
1942 2400 2000 2453 et
2043 2395 2213 2453 istam
2259 2412 2288 2452 s
2331 2392 2620 2459 litteram,
2669 2390 2825 2467 quod

167 2494 367 2555 millae
412 2504 559 2556 tunc
606 2494 1028 2565 excluduntur,
1088 2514 1219 2556 cum
1266 2497 1632 2575 postpositae
1678 2496 1902 2555 fuerint
1948 2504 2169 2564 mutae,
2227 2496 2337 2554 ista
2385 2503 2524 2554 tunc
2570 2492 2827 2553 excludi·

237 2606 348 2668 tur,
396 2597 642 2678 quando
689 2599 1017 2676 anteposita
1064 2597 1260 2678 suerit.

397 2701 558 2761 Sunt
612 2711 805 2761 autem
867 2700 1121 2777 liquidae
1176 2707 1484 2779 quattuor,
1545 2698 1647 2759 sed
1707 2717 1827 2759 non
1875 2717 2082 2760 omnes
2125 2698 2379 2779 liquidae
2427 2706 2581 2759 sunt.
2671 2695 2822 2777 apud
2850 2698 3060 2760 422,Ξὸ

236 2803 493 2863 Graecos
542 2802 781 2881 quidem
826 2822 1034 2864 omnes
1081 2801 1440 2882 liquescunt,
1490 2801 1643 2882 apud
1690 2800 1931 2861 Latinos
1976 2801 2127 2863 duae
2171 2803 2545 2879 frequenter,
2594 2799 2614 2859 l
2660 2809 2717 2860 et
2761 2818 2819 2868 r;

236 2921 288 2963 m
326 2923 467 2965 vero
520 2924 841 2985 numquam
900 2905 1055 2985 apud
1112 2904 1356 2965 Latinos
1411 2904 1710 2983 liquescit,
1785 2905 1897 2964 nisi
1953 2905 2012 2964 in
2070 2905 2299 2982 graecis
2357 2902 2732 2970 nominibus:
2784 2921 2821 2962 n

166 3023 370 3066 25vero
425 3025 598 3075 raro,
656 3006 675 3065 l
731 3016 789 3067 et
844 3027 874 3068 r
931 3008 1429 3087 frequentissime.
1521 3005 1622 3066 sed
1682 3005 1917 3083 quando
1974 3004 2343 3084 liquescunt?
2399 3023 2518 3065 non
2565 3023 2818 3083 semper,

235 3107 334 3169 sed
381 3110 924 3187 quotienscumque
967 3111 1328 3188 postpositae
1374 3110 1614 3168 suerint.
1680 3116 1739 3168 et
1784 3107 1897 3167 hoc
1942 3106 2123 3167 debes
2169 3109 2264 3167 sic·
2298 3106 2670 3185 intellegere,
2705 3124 2822 3183 quo

234 3210 406 3271 modo
466 3220 527 3271 et
583 3209 728 3271 illud
787 3211 943 3291 quod
1003 3210 1255 3271 diximus
1300 3210 1374 3270 tle
1419 3212 1805 3289 aspiratione,
1856 3212 2132 3287 quoniam
2178 3228 2326 3278 non,
2384 3212 2821 3289 quotienscum-

232 3330 342 3390 que
388 3314 753 3391 postpositae
798 3313 1046 3387 Fuerint,
1093 3312 1455 3392 liquescunt:
1502 3312 1605 3372 sed
1638 3314 2169 3389 quotienscumque
2202 3311 2560 3391 liquescunt,
2607 3312 2824 3371 totiens

234 3421 706 3493 postponuntur,
767 3414 827 3474 id
887 3422 975 3475 est
1030 3432 1150 3474 non
1198 3416 1729 3494 quotienscumque
1789 3415 2147 3494 postpositae
2193 3421 2358 3482 sunt,
2408 3416 2583 3475 etiam
2628 3415 2821 3473 statim

165 3514 595 3595 soliquescunt‚
673 3516 778 3577 sed
852 3518 1385 3596 quotienscumque
1458 3514 1827 3595 liquescunt,
1906 3535 2150 3577 necesse
2226 3524 2315 3576 est
2389 3522 2454 3576 ut
2525 3517 2822 3595 postposi-

234 3626 322 3678 tae
374 3620 516 3679 sint.

396 3722 687 3798 Sequitur
732 3722 908 3781 etiam
965 3720 1006 3779 s.
1095 3722 1205 3781 ista
1251 3720 1277 3779 s
1317 3719 1442 3781 sola
1488 3724 1883 3801 praeponitur
1926 3721 2193 3801 liquidis,
2243 3719 2401 3782 nulla
2448 3720 2560 3781 alia
2610 3720 2682 3781 de
2726 3740 2822 3781 se-

236 3822 632 3883 mivocalibus,
696 3822 702 3900 l
763 3841 898 3883 nam
954 3825 1340 3903 praeponitur
1394 3823 1636 3903 liquidis
1681 3822 1911 3885 duabus
1955 3823 2077 3883 sola
2124 3823 2172 3892 s;
2234 3825 2621 3902 praeponitur
2667 3822 2685 3882 l
2731 3822 2820 3882 lit-

237 3934 420 3996 terae,
470 3927 523 3985 si
568 3924 729 3986 dicas
760 3925 1026 3994 Flavius;
1069 3928 1454 4006 praeponitur
1500 3945 1530 3986 r
1575 3923 1836 3997 litterae,
1886 3928 1935 3986 si
1981 3926 2142 3986 dicas
2187 3926 2386 3985 frater.
2457 3930 2547 3985 est
2591 3923 2823 3985 libellus

171 4024 305 4084 sade
358 4026 630 4107 syllabis,
691 4026 868 4105 legite
924 4026 1110 4088 illum.
1199 4046 1318 4088 non
1375 4028 1447 4088 de
1504 4026 1743 4105 syllabis
1799 4027 1941 4088 dicit
1996 4027 2066 4087 ad
2125 4036 2312 4087 artem
2379 4030 2822 4104 grammaticam

238 4125 697 4205 pertinentibus,
743 4129 848 4190 sed
895 4129 1037 4190 dicit
1081 4127 1188 4189 tibi
1232 4149 1263 4190 r
1307 4129 1499 4191 littera
1532 4136 1676 4209 quot
1720 4128 1972 4209 syllabas
2015 4130 2182 4199 t'acit,
2232 4135 2291 4189 et
2334 4136 2636 4209 conputat,
2681 4135 2819 4207 puta

367 4386 399 4433 4
442 4399 545 4433 non
595 4385 709 4435 dico
753 4383 943 4435 lumina
991 4384 1220 4451 (lumena
1260 4384 1397 4447 AL)
1437 4386 1600 4450 prima
1646 4401 1762 4435 ecce
1804 4385 2022 4436 ABCL
2160 4385 2194 4436 6
2238 4400 2336 4434 non
2389 4394 2553 4452 potest
2582 4363 2821 4437 ‘ABCL

369 4455 403 4505 9
452 4454 558 4503 illic
604 4464 719 4503 sunt
768 4457 859 4505 sed
909 4471 1008 4505 nou
1053 4464 1390 4521 conputantur
1430 4457 1478 4503 in
1528 4457 1557 4504 ὃ
1596 4456 1802 4519 quidem
1840 4472 1864 4504 s
1906 4471 1995 4505 nec
2031 4454 2120 4504 sed
2156 4455 2445 4505 excluditur
2486 4455 2604 4505 inde
2647 4456 2688 4506 G

240 4520 351 4587 istst]
394 4536 469 4573 est
516 4525 564 4573 L
602 4540 627 4573 s
655 4527 883 4575 inlitum
922 4526 990 4583 A,
1030 4540 1120 4575 om.
1150 4524 1202 4575 B
1377 4525 1442 4575 16
1480 4524 1656 4592 saepe]
1695 4526 1830 4575 Hor.
1867 4535 1967 4578 sat.
2012 4526 2029 4573 1
2063 4522 2142 4581 10.
2183 4527 2247 4575 72
2285 4526 2404 4587 (80)
2581 4527 2697 4586 quia
2735 4525 2820 4573 ubi

240 4593 423 4642 tollitur
459 4594 625 4644 BCL
660 4596 779 4658 quia
813 4597 893 4644 ubi
936 4596 1022 4646 ubi
1063 4595 1252 4645 tollitur
1285 4595 1335 4645 A
1456 4606 1532 4644 est
1569 4612 1660 4647 om.
1699 4597 1744 4644 Α
1768 4595 1925 4645 BCL
2071 4595 2135 4644 18
2167 4610 2279 4644 nam
2315 4622 2383 4631 —-
2418 4594 2687 4645 excludere
2724 4610 2814 4644 om.

240 4663 303 4722 C,
338 4679 453 4713 nam
483 4690 549 4699 —
577 4667 748 4728 parvis
790 4667 909 4716 add.
943 4682 972 4715 c
1014 4668 1062 4714 in
1106 4680 1296 4729 mara:
1339 4664 1545 4714 Lae-ree.
1592 4667 1607 4714 1
1657 4665 1755 4716 186
1932 4664 2000 4715 29
2035 4664 2084 4712 id
2125 4675 2199 4713 est
2233 4679 2331 4713 non
2371 4666 2818 4728 quotienscumque

240 4736 552 4799 postpositae
592 4733 778 4783 fuerint
811 4735 901 4784 sed
936 4747 1055 4785 tunc
1087 4736 1374 4798 liquescunt
1397 4750 1511 4784 cnm
1540 4746 1674 4784 muta
1707 4750 1821 4784 cum
1860 4735 2186 4784 semiuocalis
2218 4736 2444 4799 procedit
2478 4733 2503 4784 f
2530 4734 2639 4783 sola
2675 4749 2818 4800 prae·

239 4804 434 4865 ponitur
476 4803 524 4852 J,
662 4802 729 4853 32
764 4806 967 4868 liquidis
1000 4807 1197 4855 duabus
1236 4804 1374 4855 nulla
1413 4806 1462 4854 A
1604 4806 1671 4856 36
1707 4805 2078 4871 pertinentibus
2116 4804 2145 4853 b
2179 4804 2488 4869 pertinentes
2528 4804 2576 4853 A
2599 4804 2702 4855 BG

240 4871 324 4923 sed
361 4874 483 4924 dicit
520 4873 587 4923 ibi
626 4872 775 4923 BGa
807 4876 898 4925 sed
938 4876 1005 4926 ibi
1049 4877 1092 4924 Α
1200 4884 1320 4940 quot
1359 4874 1583 4941 syllabas
1620 4874 1722 4925 Ba
1761 4876 1896 4939 quod
1929 4874 2154 4941 syllabas
2192 4876 2242 4925 A
2282 4884 2403 4941 quot
2443 4874 2654 4943 syllabis
2692 4876 2733 4929 G
