3541 5564
1413 336 1886 401 COMMENTVM
2819 334 2941 400 251

2534 456 2539 462 ·
2578 458 2621 500 p.
2648 446 2823 488 aas—50
2849 445 2899 485 L.

365 536 485 595 aut,
531 529 581 587 si
624 545 745 589 non
788 528 972 589 suerit
1014 545 1250 597 nomen,
1299 524 1445 588 nihil
1489 525 1646 588 aliud
1695 539 1785 588 est
1827 528 1940 588 nisi
1983 528 2356 598 adverbium;
2410 546 2530 588 non
2571 533 2771 607 potest
2814 545 2946 588 esse

364 648 694 709 pronomen
739 638 838 690 aut
881 630 1275 710 participium,
1323 629 1428 691 sed
1474 632 1668 692 statim
1716 629 2060 711 adverbium
2106 630 2260 692 facit.
2352 648 2683 709 pronomen
2726 636 2840 690 est:
2895 629 2947 690 si

366 740 455 793 est
509 751 872 812 pronomen,
931 732 1114 801 bene:
1185 733 1235 792 si
1295 751 1414 794 non
1462 740 1577 802 est,
1638 732 1982 795 adverbium
2042 741 2149 795 est.
2242 735 2434 794 omnis
2479 751 2617 813 pars
2662 733 2944 793 orationis

365 834 590 896 deiecta
635 854 665 894 a
712 835 1140 913 significatione
1187 836 1282 895 sui
1323 836 1385 895 in
1433 834 1777 895 adverbium
1824 854 2060 914 semper
2117 834 2288 897 cadit.
2380 853 2704 914 numquam
2749 842 2947 913 potest

312 945 337 985 ⁵
365 937 490 997 fieri
536 944 600 997 ut
644 937 707 997 iu
752 935 909 997 aliud
956 936 1142 998 cadat.
1213 945 1278 997 ut
1323 947 1465 1017 puta
1510 937 1813 999 videamus
1860 936 2158 1015 exempla:
2204 935 2371 1008 salso,
2417 937 2515 998 hic
2557 936 2738 999 salsus
2768 935 2946 997 huius

349 1032 494 1104 'salsi
551 1038 691 1100 huic
748 1037 925 1107 salso,
985 1038 1213 1100 dativus
1267 1047 1373 1100 εει.
1463 1040 1834 1100 inveniamus
1891 1039 2312 1100 elocutionem:
2380 1038 2526 1101 falso
2585 1047 2686 1101 aut
2727 1057 2943 1099 nomen

361 1140 540 1201 babet
582 1141 932 1218 significare,
979 1148 1100 1218 aut,
1133 1143 1184 1202 si
1216 1159 1334 1203 non
1367 1143 1658 1220 significat
1688 1160 1924 1210 nomen,
1974 1144 2085 1203 erit
2113 1141 2475 1202 adverbium.
2538 1160 2674 1203 nam
2720 1141 2782 1201 ‘l'
2790 1139 2944 1201 also

361 1244 713 1322 queritur
779 1242 864 1304 de
932 1252 1198 1304 natura
1265 1262 1393 1304 sua
1462 1260 1697 1322 genus
1756 1245 2208 1314 humanum',
2284 1244 2380 1304 hic
2439 1242 2784 1305 adverbium
2839 1250 2945 1302 est.

363 1347 501 1406 item
549 1363 881 1424 pronomen
927 1354 985 1406 et
1029 1344 1388 1415 adverbium,
1416 1355 1503 1407 'ut
1547 1355 1635 1408 est
1678 1348 1798 1427 qui.
1890 1365 2129 1426 possum
2177 1353 2237 1406 et
2278 1348 2357 1407 ita
2404 1345 2624 1415 dicere,
2674 1345 2811 1422 ‘qui
2856 1352 2947 1404 est

286 1458 335 1497 ιο
362 1449 462 1525 qui
509 1447 618 1508 tibi
662 1447 806 1508 fecit
842 1448 1192 1508 iniuriam’?
1251 1450 1301 1510 si
1345 1450 1424 1509 ita
1469 1447 1680 1516 dicam.
1728 1449 1905 1510 modo
1950 1466 2279 1529 pronomen
2328 1450 2457 1508 erit.
2520 1449 2569 1507 si
2614 1446 2776 1507 dicas
2819 1446 2945 1523 ‘qui

359 1551 542 1610 scis?'
609 1568 719 1629 pro
766 1568 836 1610 eo
882 1550 1040 1627 quod
1087 1560 1176 1611 est
1219 1550 1396 1621 unde,
1447 1570 1586 1611 ecce
1624 1553 1633 1628 1
1672 1553 1788 1613 iam
1835 1569 1954 1612 non
2001 1560 2091 1613 est
2136 1568 2496 1630 pronomen.
2558 1548 2663 1610 sed
2711 1556 2802 1610 est
2845 1548 2944 1609 ad-

357 1651 644 1713 verbium.
736 1653 875 1714 item
924 1670 1077 1732 pone
1123 1653 1235 1713 erit
1278 1652 1556 1723 verbum:
1633 1659 1795 1714 muta
1843 1660 2181 1727 accentum,
2243 1662 2303 1713 et
2346 1652 2488 1713 l'acit
2529 1651 2685 1732 poue
2731 1658 2790 1711 et
2834 1651 2948 1711 erit

358 1753 722 1816 adverbium.
812 1756 954 1816 item
999 1756 1267 1834 profecto
1312 1754 1546 1834 quando
1592 1754 1845 1816 dicimus
1890 1754 2031 1836 [pro
2087 1754 2284 1816 brevis
2346 1762 2434 1815 est
2490 1754 2667 1816 modo
2711 1751 2942 1834 modo],

361 1863 421 1916 et
463 1857 839 1937 participium
900 1864 988 1917 εει
1043 1865 1101 1917 ει
1144 1856 1509 1918 adverbium.
1602 1859 1650 1919 si
1695 1859 1776 1917 ita
1819 1856 2011 1927 dicas,
2071 1857 2375 1937 eprolecto
2435 1856 2578 1917 mihi
2629 1856 2702 1916 ad
2749 1855 2943 1916 villam

283 1965 334 2007 1⁵
358 1957 500 2020 illud
548 1960 850 2038 negotium
895 1960 1185 2038 contigit’,
1235 1957 1348 2019 tale
1396 1969 1483 2020 est
1527 1978 1594 2019 ac
1639 1961 1690 2020 si
1735 1958 1965 2020 diceres
2010 1960 2169 2020 ‘cum
2201 1958 2510 2039 profectus
2540 1977 2750 2032 essem,
2799 1957 2943 2017 illud

357 2063 662 2138 negotium
709 2060 854 2121 mibi
899 2061 1196 2139 contigit’.
1289 2080 1430 2140 ergo
1478 2060 1653 2122 modo
1700 2063 2077 2142 participium
2125 2070 2232 2122 est.
2301 2062 2350 2121 si
2395 2060 2508 2120 boc
2554 2059 2734 2127 dicas,
2781 2060 2943 2139 ‘pro-

357 2162 515 2224 fecto
560 2170 779 2243 quanto
824 2165 1007 2242 magis
1052 2165 1356 2243 magisque
1400 2163 1661 2225 arbitror
1680 2170 1716 2234 ',
1767 2163 1942 2224 modo
1989 2163 2333 2224 adverbium
2382 2170 2490 2224 est.
2565 2172 2703 2223 ante
2748 2170 2945 2242 potest

358 2273 419 2325 ει
459 2265 822 2343 praepositio
867 2284 994 2326 esse
1042 2272 1099 2325 et
1142 2265 1516 2326 adverbium:
1574 2265 1747 2326 ‘ante
1795 2265 2135 2346 templum’,
2196 2264 2372 2326 modo
2417 2264 2778 2345 praepositio
2825 2270 2938 2333 est;

357 2369 530 2426 ‘ante
575 2367 772 2436 secit',
822 2367 998 2427 modo
1044 2367 1384 2457 adverbium
1432 2375 1541 2428 est.
1631 2386 1765 2429 nam
1810 2370 2094 2447 -quotiens
2139 2386 2311 2429 casus
2356 2375 2712 2446 sequuntur,
2771 2384 2943 2446 prae-

278 2469 575 2548 sopositio
621 2477 740 2536 est;
802 2471 1074 2548 quotiens
1120 2488 1267 2538 non,
1316 2468 1660 2530 adverbium
1718 2478 1829 2531 est.
1919 2479 1983 2531 ut
2029 2477 2224 2549 potest
2279 2478 2338 2530 et
2394 2470 2736 2531 coniunctio
2793 2486 2942 2537 esse,

356 2577 554 2650 potest
599 2579 657 2632 et
702 2570 1074 2632 adverbium:

662 2680 737 2733 ut
779 2672 956 2745 vidi,
1009 2682 1082 2733 ut
1127 2675 1349 2754 perii,
1399 2683 1476 2735 ut
1520 2694 1626 2735 me
1672 2675 1907 2735 malus
1952 2674 2268 2736 abstulit
2315 2693 2556 2735 error:

356 2776 415 2836 in
464 2773 763 2854 prioribus
818 2773 964 2836 locis
1021 2777 1360 2837 coniunctio
1407 2784 1522 2845 est.
1581 2778 1642 2838 in
1698 2778 2028 2857 posteriore
2083 2774 2427 2838 adverbium
2486 2785 2590 2838 est.
2683 2775 2829 2836 heus
2887 2782 2945 2835 et

354 2878 687 2939 interiectio
735 2885 823 2939 est
868 2885 924 2938 et
968 2877 1348 2939 adverbium:
1396 2881 1448 2940 si
1492 2878 1657 2939 dicas

274 2995 326 3035 25
661 2978 846 3040 heus
891 2982 1111 3041 etiam
1159 2999 1446 3043 mensas
1492 2983 2024 3050 consumimus,
2072 2981 2318 3061 inquit
2360 2979 2594 3048 Iulus,

356 3078 536 3143 modo
581 3083 914 3143 interiectio
960 3093 1076 3152 est;

663 3182 876 3254 heus,
926 3186 1205 3262 inquit,
1255 3186 1595 3254 iuvenes,
1645 3194 2058 3246 monstrate
2104 3203 2450 3253 mearum,
2493 3188 2503 3257 Ι

355 3284 535 3346 modo
580 3285 922 3347 adverbium
970 3297 1059 3348 est
1102 3286 1491 3348 inclamantis,
1584 3306 1727 3365 ergo
1773 3288 1935 3349 vides
1991 3307 2199 3349 omnes
2259 3295 2460 3367 partes
2516 3288 2800 3347 orationis
2842 3286 2942 3347 ha·

354 3388 502 3449 bere
549 3386 841 3466 quandam
890 3390 1303 3467 cognationem
1349 3407 1481 3449 curn
1529 3387 1829 3450 adverbio.
1905 3409 2038 3451 nam
2085 3392 2133 3450 si
2178 3389 2423 3450 desierit
2468 3407 2600 3449 esse
2644 3389 2802 3468 quod
2834 3398 2940 3458 est,

271 3512 325 3552 so
353 3488 506 3551 nihil
551 3498 639 3551 est
683 3488 839 3550 aliud
887 3491 997 3550 nisi
1044 3490 1409 3561 adverbium,
1500 3501 1564 3552 ut
1607 3493 1666 3552 in
1714 3493 1953 3553 nomine
1998 3491 2162 3567 falso,
2210 3493 2272 3553 in
2315 3492 2670 3572 pronomine
2713 3492 2833 3569 qui,
2881 3492 2940 3550 in

353 3590 539 3654 verbo
584 3610 773 3671 pone,
830 3594 892 3653 in
937 3595 1250 3672 participio
1297 3594 1594 3672 profecto,
1650 3595 1711 3654 in
1758 3595 2174 3655 coniunctione
2233 3603 2318 3665 ut,
2381 3596 2441 3654 in
2499 3593 2941 3672 praepositione

353 3702 523 3764 aute,
580 3696 640 3753 in
695 3695 1109 3755 interiectione
1166 3694 1333 3757 heus,
1427 3713 1570 3774 ergo
1627 3714 1834 3756 omnes
1886 3704 2085 3776 partes
2142 3697 2436 3758 orationis·
2479 3713 2616 3756 cum
2660 3692 2941 3756 adverbio

351 3797 770 3874 cognationem
816 3795 1053 3856 babent.
1143 3797 1245 3857 sed
1291 3797 1495 3877 plane,
1546 3800 1652 3866 ait,
1700 3800 1761 3858 in
1808 3798 1899 3858 his
1942 3798 2123 3860 rebus
2166 3796 2358 3876 aliqua
2406 3797 2798 3859 discernimus
2844 3816 2963 3858 ac·.

351 3906 554 3967 centu,
603 3915 782 3958 sensu
831 3897 1044 3975 aliqua.
1134 3917 1267 3959 nam
1316 3918 1471 3974 ecce,
1519 3907 1585 3960 ut
1628 3898 1969 3978 intellegam
2016 3899 2300 3979 profecto,
2352 3897 2588 3978 quando
2636 3909 2727 3960 est
2761 3900 2939 3978 parti·

271 4001 607 4079 ascipium,
666 3999 902 4076 quando
961 3993 1573 4070 adverbium,'sensu
1620 4001 1916 4063 discerno.
2006 4009 2071 4064 ut
2125 4010 2321 4063 autem
2374 4000 2712 4079 intellegam
2763 4018 2937 4079 pone,

351 4102 469 4162 hoc
523 4119 646 4162 non
702 4100 892 4162 solum
951 4102 1227 4162 discerno
1281 4122 1489 4173 sensu,
1560 4103 1662 4164 sed
1731 4107 1909 4165 etiam
1965 4112 2233 4165 accentu.
2325 4122 2467 4183 ergo
2521 4105 2583 4164 in
2641 4102 2938 4183 plerisque

353 4203 709 4281 significatio
756 4204 870 4264 erit
916 4222 987 4264 ex
1033 4212 1300 4273 accentu,
1346 4205 1405 4265 in
1451 4204 1750 4284 plerisque
1797 4209 1910 4267 erit
1954 4226 2025 4267 ex
2071 4225 2269 4268 sensu.

524 4305 652 4365 Hoc
709 4304 869 4384 quod
924 4304 1192 4367 dicturus
1249 4314 1340 4367 est
1394 4306 1560 4367 valde
1614 4307 1788 4368 nobis
1835 4316 1924 4370 est
1965 4308 2138 4378 utile,
2187 4317 2252 4369 ut
2295 4309 2574 4377 sciamuS,
2645 4325 2820 4385 quem
2866 4306 2937 4367 ad
2963 4291 3080 4420 ἑῇ
3107 4293 3173 4409 {⁷

493 4496 526 4544 7
563 4489 719 4559 falso]
754 4493 881 4544 Sall.
909 4491 1022 4558 1219.
1055 4494 1080 4545 1
1229 4493 1293 4543 14
1323 4503 1373 4542 et
1407 4495 1726 4560 participium
1757 4504 1805 4543 et
1842 4495 2139 4546 aduerbium
2176 4495 2277 4546 Bc
2314 4504 2363 4545 et
2399 4495 2697 4546 aduerbium
2732 4504 2781 4543 et
2818 4509 2935 4559 par—

348 4564 583 4630 ticipium
621 4563 670 4612 A
845 4563 909 4613 15
946 4564 1195 4627 contingit
1233 4562 1348 4613 AB
1527 4564 1592 4615 16
1630 4565 1840 4628 contigit
1874 4565 2148 4632 (contingit
2180 4565 2314 4630 AB)
2351 4567 2668 4632 participium
2706 4575 2782 4614 est
2812 4580 2934 4630 ergo

350 4635 503 4685 modo
542 4636 586 4684 si
627 4633 726 4682 hoc
757 4633 928 4683 ABG
1101 4634 1169 4684 20
1206 4643 1259 4682 ut
1302 4642 1467 4698 potest
1505 4643 1554 4682 et
1595 4636 1880 4684 coniunctio
1918 4651 2031 4684 esse
2068 4644 2235 4701 potest
2270 4645 2320 4685 et
2362 4636 2660 4686 aduerbium
2698 4635 2844 4684 BCa
2882 4644 2931 4683 ut

349 4714 517 4770 potest
547 4704 602 4752 in
636 4705 991 4753 coniunctione
1021 4720 1135 4752 esse
1174 4713 1341 4768 potest
1376 4703 1671 4753 aduerbium
1706 4705 1755 4754 A
1896 4707 1963 4755 22
1998 4715 2052 4754 ιιι
2090 4703 2215 4770 vidi]
2256 4706 2414 4771 Very,
2452 4706 2614 4758 bucol.
2653 4704 2698 4763 8,
2740 4705 2803 4756 41

350 4786 404 4824 ut
442 4775 555 4840 peri
586 4773 732 4823 BCa
770 4814 781 4825 .
810 4814 823 4827 .
852 4775 960 4838 peri
986 4816 998 4828 ,
1039 4775 1088 4823 Α
1228 4773 1294 4822 25
1333 4773 1460 4822 heus
1488 4772 1660 4840 etiam]
1711 4777 1868 4840 Verq.
1908 4776 2041 4827 Aen.
2081 4777 2169 4825 vtt
2211 4777 2309 4826 116
2484 4777 2549 4825 27
2586 4775 2713 4826 heus
2744 4773 2930 4843 inquit]

357 4846 514 4910 Ver-9.
556 4843 690 4894 Aen.
730 4844 752 4892 1
789 4841 888 4893 321
1031 4843 1097 4895 33
1134 4844 1489 4911 cognationem
1535 4843 1905 4898 hindemannus
1942 4846 2363 4918 significationem
2400 4846 2563 4898 ABG
