3541 5564
579 360 704 424 372
1669 360 2071 422 CONSENTII
2774 404 2805 427 ι.

630 483 671 523 p.
699 469 901 511 2057—59
929 469 974 513 1¹.

579 569 755 611 sonae
802 557 1022 611 certam
1069 552 1559 627 significationem
1616 553 1962 611 confusione
2010 552 2392 630 suspendant.
2482 570 2615 613 nam
2660 570 2796 611 eum
2841 549 2974 609 dico
3020 552 3150 621 boc,

579 654 772 721 sedet,
821 652 976 713 aliud
1023 653 1300 732 quiddam
1348 656 1644 731 significo,
1702 674 1879 733 quam
1935 653 2113 714 habet
2158 654 2254 714 ille
2301 654 2445 714 ordo
2490 653 2657 713 verbi
2705 661 2898 713 actum
2945 662 3150 713 teneu-

580 758 681 824 tis,
731 774 866 816 cum
913 756 1165 815 dicimus
1210 757 1386 816 sedeo
1432 758 1605 817 sedes
1650 757 1835 817 sedet..
1914 760 2130 835 partim
2177 775 2314 816 vcro
2359 776 2390 816 a
2436 775 2498 816 se
2547 758 2841 816 oriuntur.
2933 756 3036 815 sed
3082 776 3187 816 ea·

577 877 727 937 quae
774 878 806 917 a
850 876 911 917 se
972 860 1247 918 oriuntur
1304 860 1475 919 modo
1535 860 1755 920 nullam
1800 859 2022 920 habent
2064 878 2308 939 prorsus
2362 861 2657 937 originem
2715 864 2817 918 aut
2872 858 3150 919 similitu-

578 961 777 1021 dinem
827 959 1068 1039 [tertiae
1107 956 1118 1042 1
1159 961 1473 1041 personae]
1508 962 1708 1030 verbi,
1758 970 1823 1021 ut
1852 970 1943 1022 est
1974 963 2157 1042 pudet
2186 961 2385 1022 taedet
2428 964 2592 1040 piget
2634 963 2929 1040 paenitet;
2978 960 3151 1020 modo
3177 974 3204 1011 5

577 1083 646 1123 ex
694 1063 892 1143 aliquo
939 1062 1119 1122 verbo
1164 1064 1615 1124 similitudinem
1662 1064 1932 1134 trahunt,
1981 1072 2047 1123 ut
2091 1067 2380 1125 misereor
2425 1066 2701 1133 miseret,
2749 1062 2905 1143 quod
2951 1069 3152 1123 utrum

577 1186 608 1227 a
656 1167 948 1226 misereor
993 1168 1331 1236 misereris,
1382 1186 1456 1226 an
1502 1185 1534 1225 a
1579 1168 1835 1227 miserm·
1865 1169 2172 1228 miseraris
2202 1169 2429 1235 veniat,
2478 1168 2771 1225 incertum
2817 1173 2926 1224 est.
2974 1183 3151 1244 quar-

580 1278 701 1329 tum
745 1287 932 1345 genus
979 1275 1069 1328 est
1122 1269 1615 1348 inpersonalium,
1674 1269 1832 1349 quod
1888 1278 1986 1329 tur
2032 1270 2250 1348 syllaba
2294 1272 2529 1341 linitur,
2609 1268 2669 1327 id
2716 1267 2789 1327 ab
2837 1268 3154 1329 indicativo

577 1372 803 1450 primae
860 1388 1146 1450 personae
1203 1374 1537 1449 praesentis
1595 1373 1879 1451 temporis
1935 1392 1970 1431 o
2025 1373 2222 1432 littera
2280 1373 2597 1432 terminato
2656 1372 2844 1439 venit,
2903 1378 2969 1429 ut
3021 1370 3153 1447 lego

577 1473 824 1550 legitur,
871 1491 1013 1549 gero
1057 1476 1321 1550 geritur,
1369 1474 1524 1553 quod
1573 1473 1894 1533 indiscrete
1927 1475 1999 1535 ab
2032 1477 2161 1535 eius
2197 1476 2355 1535 modi
2403 1473 2583 1533 verbo
2629 1490 2866 1551 semper
2910 1473 3153 1532 omnino
3180 1485 3230 1522 10

577 1578 870 1644 nascitur,
935 1578 1200 1654 exceptis
1256 1576 1642 1655 quibusdam,
1699 1595 1852 1656 quae
1910 1580 1972 1636 in
2030 1577 2137 1637 hac
2183 1585 2350 1656 parte
2397 1576 2699 1635 deliciunt.
2790 1574 2943 1634 unde
2990 1574 3150 1634 ducti

578 1685 716 1737 sunt
772 1678 1012 1757 quidam
1070 1685 1134 1738 ut
1187 1678 1343 1738 hunc
1402 1678 1638 1738 modum
1697 1678 2077 1739 declinationi
2135 1678 2530 1758 adplicarent,
2589 1679 2866 1756 quoniam
2911 1677 3152 1756 quidem

579 1781 805 1842 nullum
843 1782 979 1841 fere
1027 1779 1274 1841 verbum
1319 1782 1574 1839 inveniri
1623 1787 1846 1860 potest,
1908 1800 1978 1841 ex
2024 1799 2141 1861 quo
2185 1800 2304 1841 non
2348 1799 2455 1860 per
2501 1780 2960 1840 declinationum
3005 1781 3152 1855 tigu-

579 1902 674 1944 ras
729 1882 938 1944 modus
993 1885 1104 1944 iste
1162 1891 1459 1944 nascatur.
1549 1884 1653 1943 sed
1711 1885 1775 1943 in
1834 1884 1943 1944 hoc
2006 1890 2383 1951 erraverunt,
2442 1881 2599 1961 quod
2664 1882 2916 1941 eundem
2972 1883 3154 1941 istum

579 1986 844 2054 modum,
905 1988 1006 2064 qui
1063 1986 1135 2046 ab
1192 1988 1378 2046 activa
1425 1985 1818 2046 declinatione
1863 1992 2090 2055 manat,
2137 1987 2316 2045 etiam
2361 1986 2612 2064 passivis
2655 1982 3154 2044 declinationibus
3183 1998 3231 2035 15

579 2088 1055 2168 adplicaverunt‚
1118 2107 1249 2148 cum
1307 2106 1679 2167 nequaquam
1737 2089 1834 2147 illa
1909 2088 2302 2149 declinatione
2370 2089 2637 2167 passivae
2703 2088 3153 2163 significationis

578 2199 804 2271 partem
851 2190 1060 2250 eadem
1105 2189 1286 2250 verba
1333 2199 1802 2269 repraesentent.
1892 2210 2027 2252 nam
2083 2209 2218 2251 cum
2263 2190 2395 2250 dico
2441 2189 2708 2256 sedetur,
2768 2188 2909 2250 licet
2961 2190 3155 2248 omnis

575 2312 826 2372 persona
875 2295 1118 2353 confusa
1164 2294 1272 2361 sit,
1330 2293 1615 2372 numquid
1677 2293 1833 2353 aliud
1889 2293 2094 2353 videor
2149 2293 2386 2362 dicere,
2434 2310 2611 2371 quam
2656 2291 2726 2350 de
2774 2290 2867 2350 his
2912 2292 3015 2369 qui
3061 2309 3152 2349 se-

576 2396 755 2455 dent?
813 2403 913 2454 aut
969 2402 1166 2473 potest
1219 2394 1373 2455 ullus
1427 2394 1763 2455 intellectus
1819 2408 1947 2456 esse
2007 2403 2071 2456 ut
2123 2396 2233 2455 hoc
2280 2394 2501 2454 dixisse
2545 2392 2749 2453 videar
2794 2392 2866 2451 de
2914 2392 3005 2452 his
3050 2394 3152 2470 qui

577 2498 860 2558 sedentur
915 2517 1048 2557 cum
1104 2499 1499 2576 permixtione
1558 2499 1885 2577 personae?
1954 2516 2094 2575 ergo
2160 2499 2440 2577 quoniam
2494 2496 2643 2556 haec
2700 2494 3017 2555 declinatio
3073 2496 3232 2553 itam

578 2608 865 2680 perpetua
924 2618 1161 2677 semper
1215 2600 1342 2659 fere
1401 2606 1491 2659 est
1548 2600 1620 2659 ab
1681 2602 1873 2660 activa
1929 2601 2390 2677 significatione,
2438 2605 2503 2658 ut
2548 2616 2867 2677 numquam
2913 2598 3154 2656 omnino

576 2704 760 2770 desit,
821 2700 1211 2761 tolerabiliter
1272 2701 1417 2764 mihi
1477 2703 1537 2761 in
1595 2704 1785 2761 activa
1842 2701 2236 2762 declinatione
2293 2703 2522 2780 positus
2577 2721 2609 2761 a
2654 2699 3009 2780 quibusdam
3054 2698 3154 2757 hie

577 2805 784 2865 modus
843 2804 1239 2884 inpersonalis
1294 2803 1547 2864 videtur.
1638 2812 1697 2863 et
1741 2806 1896 2885 quod
1943 2823 2051 2883 per
2095 2814 2325 2865 ceteros
2367 2804 2574 2864 modos
2618 2811 2813 2883 potest
2856 2803 2992 2862 duci
3039 2820 3152 2861 non

578 2907 896 2986 plurimum
963 2909 1174 2975 officit,
1245 2908 1382 2984 quia
1447 2914 1693 2986 excepto
1761 2909 2050 2967 infinitivo
2126 2909 2251 2967 fere
2322 2925 2429 2986 per
2498 2908 2695 2966 omnia
2765 2924 2869 2965 sua
2939 2906 3150 2970 currit,

577 3012 844 3088 quamvis
901 3008 1074 3087 paulo
1128 3008 1305 3068 latius
1360 3009 1741 3070 diffundatur.
1832 3017 2030 3078 cetera
2087 3028 2226 3070 vero
2278 3009 2695 3088 ‚inpersonalia
2750 3007 2933 3067 verba
2991 3015 3152 3066 recte
3180 3024 3231 3061 ‘25

577 3114 705 3171 sine
752 3112 1122 3172 dubitatione
1180 3119 1409 3171 secreta
1467 3132 1498 3171 a
1556 3111 2015 3193 declinationum
2060 3112 2251 3172 modis
2294 3111 2615 3190 generibus
2660 3130 2726 3172 ac
2773 3111 3154 3188 significatio-

579 3213 755 3274 nibus
810 3213 1211 3294 adplicantur,
1271 3216 1408 3293 quia
1462 3213 1610 3274 haec
1665 3233 1735 3274 ex
1794 3218 1955 3274 omni
2012 3214 2193 3273 verbo
2251 3221 2509 3276 manant.
2599 3221 2689 3272 est
2734 3214 2870 3272 novi
2915 3211 3156 3288 generis

576 3315 864 3397 quaedam
910 3318 1140 3395 species
1195 3336 1227 3376 a
1284 3315 1610 3393 generibus
1666 3320 1879 3396 positis
1923 3317 2288 3396 discrepans,
2377 3336 2484 3376 nos
2530 3324 2722 3376 tamen
2768 3314 2912 3374 haec
2959 3314 3154 3373 omnia

575 3417 754 3479 verba
803 3418 1232 3497 inpersonalia,
1292 3425 1536 3498 excepta
1596 3418 2059 3481 declinationum
2105 3419 2326 3487 modis,
2374 3418 2697 3496 generibus
2727 3419 2788 3477 in
2822 3423 3006 3476 totum
3053 3414 3153 3475 ad·

577 3521 942 3600 plicavimuS.
1034 3519 1355 3580 absurdum
1416 3523 1576 3580 enim
1637 3524 1827 3582 visum
1884 3529 1974 3581 est
2028 3521 2291 3582 eiusdem
2351 3520 2519 3580 verbi
2576 3527 2848 3590 naturam
2889 3503 2951 3577 'et
2996 3519 3232 3577 intereo

576 3642 797 3700 genera
843 3629 901 3681 et
946 3625 1104 3683 inter
1149 3622 1354 3682 modos
1398 3623 1809 3683 adnumerare.

747 3725 902 3785 Satis
959 3733 1164 3804 aperte
1222 3733 1281 3784 et
1336 3725 1408 3785 de
1455 3727 1510 3784 vi
1558 3733 1617 3784 et
1662 3725 1733 3784 de
1782 3728 2065 3786 varietate
2113 3725 2577 3804 inpersonalium
2620 3719 2955 3803 verbolrum
3004 3721 3154 3782 dixi-

576 3847 725 3896 mus,
774 3833 833 3886 et
877 3827 971 3886 cui
1017 3828 1177 3905 parti
1223 3846 1290 3886 ea
1338 3829 1560 3887 rectius
1605 3827 1890 3906 adplicari
1938 3834 2244 3908 oporteret
2287 3827 2673 3887 ostendimus,
2766 3845 2923 3886 nunc
2968 3844 3155 3904 pauca

577 3930 917 3990 intellectus
971 3931 1160 4005 gratia
1219 3928 1289 3987 de
1348 3928 1457 3988 hoc
1505 3931 1633 4006 ipso
1688 3931 1959 4009 proximo
2018 3929 2380 4008 inpersonali
2427 3928 2607 3989 verbo
2652 3929 3040 4015 disseremuS,
3090 3935 3154 3987 ut

576 4034 696 4093 vim
753 4033 940 4112 ipsius
994 4032 1287 4110 possimus
1342 4031 1667 4130 advertere.
1759 4033 1840 4092 ait
1897 4032 2180 4110 Virgilius
2234 4031 2499 4112 ‘usque
2569 4031 2744 4091 adeo
2800 4030 3233 4091 turbaturss

575 4171 620 4179 φ-
655 4171 670 4176 .-

715 4236 747 4287 3
795 4236 886 4286 sod
934 4243 982 4285 et
1022 4250 1195 4284 eorum
1235 4249 1363 4298 quae
1410 4250 1440 4284 a
1484 4251 1538 4285 se
1580 4243 1854 4286 naseuntur
1891 4237 1956 4285 M
2093 4237 2124 4286 5
2166 4236 2344 4286 tertiae
2381 4250 2629 4299 personae
2664 4250 2757 4289 om.
2794 4235 2913 4284 ML
3054 4235 3087 4284 9
3125 4249 3153 4284 o

580 4308 742 4357 littera
779 4308 1044 4356 terminato
1071 4315 1187 4368 pose
1225 4305 1496 4355 indicativo
1523 4305 1708 4356 habent
1745 4307 1934 4356 BML
2069 4308 2125 4357 11
2170 4321 2297 4369 quae
2332 4306 2460 4355 etin
2499 4305 2593 4355 hac
2623 4307 2674 4356 B
2814 4306 2879 4355 12
2917 4305 3152 4367 quoniam

578 4377 770 4426 nullum
807 4375 914 4426 fere
950 4375 1162 4426 uerbum
1205 4376 1419 4424 inueniri
1460 4384 1626 4440 potest
1665 4378 1730 4426 M
1762 4379 2001 4440 quoniam
2039 4377 2243 4441 quidem
2281 4375 2473 4425 nullum
2524 4376 2629 4425 sere
2679 4375 2888 4426 uerbum
2925 4374 3155 4423 inuenire

578 4446 803 4513 posseB
839 4447 1074 4509 quoniam
1116 4446 1316 4508 quidem
1362 4446 1552 4495 nullutn
1599 4447 1704 4495 fere
1737 4448 1948 4496 uerbum
1983 4450 2011 4498 e
2047 4448 2274 4496 inuenire
2316 4449 2532 4508 posseL
2646 4443 2705 4495 14
2741 4446 2828 4494 sed
2858 4460 2956 4495 non
2984 4446 3035 4493 in
3060 4442 3156 4493 hoc

581 4517 645 4566 M
665 4516 753 4565 sed
781 4515 876 4566 boc
900 4518 948 4566 L
1053 4517 1116 4569 16
1142 4513 1276 4581 cum]
1311 4524 1358 4565 et
1384 4515 1450 4564 M
1550 4518 1613 4568 19
1639 4517 1807 4568 nullus
1833 4517 1892 4566 M
1989 4517 2056 4568 23
2087 4527 2136 4567 et
2160 4517 2293 4579 quod
2318 4516 2426 4566 ML
2451 4525 2499 4565 et
2525 4517 2659 4578 quia,
2686 4525 2738 4566 ut
2766 4516 2982 4578 videtur,
3008 4530 3150 4567 corr.

571 4580 626 4637 ‘et
657 4588 888 4650 quamuis
927 4601 1183 4649 super-scr.
1213 4589 1281 4636 al.
1321 4602 1450 4635 nean.
1493 4585 1525 4634 l·
1564 4589 1683 4649 quin
1714 4586 1763 4635 B
1906 4590 1971 4639 24
2009 4587 2161 4637 efficit
2202 4589 2321 4649 quia
2356 4588 2403 4636 L
2453 4585 2607 4635 officit
2642 4585 2778 4649 quod
2817 4586 2974 4644 (corr.
3014 4586 3154 4648 quia)

580 4658 654 4706 B:
692 4656 848 4707 officit
876 4658 997 4720 quin
1037 4683 1103 4692 -
1140 4666 1306 4707 currat
1338 4656 1617 4706 Sichardus
1754 4659 1823 4708 28
1859 4659 2153 4723 discrepans
2189 4655 2469 4706 Sic-hardus
2504 4655 2792 4720 discrepare
2827 4655 2934 4706 BL
2973 4655 3156 4704 discri-
3228 4717 3243 4727 ο

579 4741 696 4792 pare
735 4742 884 4790 quam
923 4727 1137 4776 dicimus
1181 4726 1244 4774 M
1383 4727 1449 4774 25)
1479 4735 1690 4791 excepta
1733 4729 1797 4777 M
1829 4729 2054 4794 exceptis
2090 4728 2197 4778 BL
2316 4725 2630 4791 adplicamus
2664 4726 2705 4775 B
2828 4726 2896 4777 32
2933 4725 3155 4775 diximus

578 4812 669 4848 om.
703 4795 767 4844 M
903 4794 970 4847 35
1006 4797 1077 4844 ait
1107 4796 1358 4861 Virgilius
1393 4796 1669 4846 Sichardus
1700 4808 1747 4847 et
1784 4799 1853 4846 ait
1889 4797 2124 4863 uirgilius
2162 4797 2213 4847 B
2255 4807 2307 4846 ut
2344 4798 2413 4858 ait
2455 4796 2699 4863 uergilius
2735 4798 2783 4846 L
2827 4804 2882 4844 ut
2920 4796 3155 4862 uirgilius

583 4866 648 4915 M
782 4863 961 4933 usque]
1011 4867 1167 4934 Verq.
1208 4866 1367 4916 bucol.
1410 4866 1455 4929 l,
1496 4867 1559 4917 12
