3541 5564
560 289 695 405 ν156
1402 291 1405 294 Δ
1709 339 2011 400 ΡΟΜΡΕΙΙ

624 464 664 504 1».
695 451 871 489 135-38
900 449 928 488 L

333 541 448 602 431,
480 542 543 591 14
735 530 1072 590 Tractatum
1105 536 1195 588 est
1225 528 1335 588 hoc
1367 549 1396 587 a
1429 526 1627 588 Probo
1658 526 1860 596 aliter,
1894 546 1925 588 a
1958 527 2182 587 Donato
2215 525 2407 587 aliter.
2459 526 2723 586 Donatus
2754 526 2834 584 ait
2865 525 3147 603 ‘quinque

569 638 706 691 suunt
748 629 1056 700 adverbia,
1117 648 1266 708 quae
1312 648 1431 691 non
1478 628 1764 691 debemus
1810 630 2057 708 iungere
2104 630 2216 689 nisi
2259 630 2513 709 positivo
2556 637 2815 698 tantum,
2863 633 2981 688 tam
3027 644 3146 686 ma-

568 734 655 810 gis
699 734 954 794 maxime
999 733 1195 792 minus
1240 739 1298 792 et
1342 733 1643 792 minime'.
1705 733 1817 792 ista
1860 734 2117 811 quinque
2162 738 2302 792 sunt
2344 749 2451 811 per
2495 750 2559 792 se
2603 751 2636 791 a
2671 730 2898 791 Donato
2944 731 3145 809 posita.

568 842 704 914 puta
749 844 869 895 tam
915 834 1121 896 doctus
1168 833 1357 895 debeo
1403 834 1633 903 dicere,
1682 853 1803 895 uon
1851 841 1967 895 tam
2014 833 2273 904 doctior,
2333 841 2453 893 tam
2499 832 2910 901 doctissimus;
2967 831 3149 908 magis

567 936 804 1008 domna,
862 955 981 997 non
1040 938 1231 1014 magis
1277 936 1532 1006 doctior,
1593 938 1781 1014 magis
1826 936 2233 1004 doctissimus;
2283 937 2536 996 maxime
2582 934 2815 1003 doctuS,
2862 952 2982 995 non
3028 951 3146 993 ma·
3175 945 3201 984 ⁵

568 1041 723 1099 xime
780 1039 1037 1107 doctior,
1095 1039 1350 1098 maxime
1406 1037 1804 1099 doctissimus,
1864 1036 1870 1116 Ι
1932 1045 1991 1098 et
2043 1037 2273 1098 reddita
2332 1045 2419 1099 est
2461 1039 2612 1098 ratio
2659 1055 2781 1098 non
2825 1056 2856 1097 a
2905 1036 3145 1102 Donato.

566 1140 672 1201 sed
720 1141 792 1200 ab
839 1139 997 1210 aliis,
1046 1158 1226 1219 quare
1272 1158 1391 1200 non
1439 1141 1767 1217 iunguntur
1810 1141 1920 1200 ista
1954 1139 2229 1201 adverbia
2261 1141 2641 1218 conparativo
2672 1145 2732 1199 et
2776 1137 3145 1217 superlativo,

567 1242 671 1303 sed
731 1250 959 1303 tantum
1018 1242 1284 1320 positivo.
1378 1243 2204 1319 quoniam·significationem
2258 1240 2480 1302 habent
2535 1242 2824 1319 augentis,
2915 1238 3148 1317 quando

566 1344 698 1405 «lico
746 1345 963 1422 magia,
1011 1344 1211 1422 utique
1257 1345 1443 1421 magis
1490 1344 1977 1421 significationem
2027 1343 2205 1404 hahet
2246 1346 2544 1422 augentis,
2593 1350 2658 1404 ut
2700 1344 2750 1403 si
2795 1341 2957 1410 dicas
3012 1349 3146 1422 puta

564 1448 709 1506 ‘iste
756 1446 995 1515 stultns,
1041 1447 1153 1504 istc
1200 1447 1386 1522 magis
1433 1445 1647 1506 stultus
1679 1449 1833 1513 est’;
1882 1464 2020 1507 ecce
2051 1445 2214 1506 vides
2246 1448 2526 1523 qnoniam
2569 1454 2946 1524 augmentum
2977 1446 3141 1506 fecit:
3174 1455 3222 1493 1⁰

565 1554 702 1628 puta
760 1548 907 1607 ‘iste
965 1546 1178 1608 stultus
1233 1556 1350 1615 est,
1408 1549 1519 1607 iste
1579 1548 1830 1608 maxime
1886 1546 2099 1608 stultus
2159 1554 2314 1617 est';
2363 1556 2748 1625 augmentum
2794 1549 3141 1627 significant„

568 1667 710 1725 ergo
753 1649 901 1710 istae
947 1648 1270 1727 particulae
1317 1648 1538 1710 habent
1581 1655 1986 1726 augmentum.
2047 1652 2096 1710 si
2141 1648 2365 1711 habent
2407 1659 2815 1728 augmentum,
2865 1665 3148 1730 conpara-

567 1753 790 1811 tionem
849 1750 1069 1812 habent
1125 1749 1489 1811 elocutionis,
1582 1769 1901 1830 numquam
1960 1752 2117 1811 enim
2174 1760 2558 1836 augmentum
2601 1754 2692 1823 fit,
2741 1753 2855 1813 nisi
2899 1752 2962 1811 in
3008 1769 3149 1823 con-

565 1853 826 1932 parativo
872 1860 930 1912 et
974 1852 1346 1932 superlativo.
1437 1854 1521 1912 sic
1567 1870 1709 1929 ergo
1751 1854 1897 1914 istae
1942 1852 2266 1932 particulae
2312 1872 2557 1915 sensum
2600 1853 2820 1915 habent
2862 1861 2965 1914 aut
3009 1872 3149 1914 con-

564 1956 824 2034 parantis
878 1962 981 2014 aut
1033 1953 1453 2034 praeferentiS,
1513 1972 1630 2032 quo
1689 1954 1866 2015 modo
1910 1955 2132 2015 hahent
2175 1957 2585 2034 conparativus
2632 1963 2690 2016 et
2734 1953 3145 2034 superlativus.
3177 1961 3226 2001 1⁵

566 2057 800 2134 quando
847 2057 979 2116 dico
1025 2068 1143 2117 tam
1176 2056 1439 2124 doctior,
1489 2055 1603 2118 tale
1650 2065 1740 2118 est
1785 2076 1851 2119 ac
1897 2059 1945 2117 si
1989 2057 2179 2118 dicam
2212 2057 2443 2118 doctior
2473 2058 2727 2127 doctior;
2777 2064 2900 2118 tam
2930 2057 3150 2118 doctis-

572 2160 783 2228 simns,
833 2158 1206 2219 doctissimus
1264 2159 1652 2220 doctissimus,
1743 2159 1858 2221 hoc
1905 2161 2059 2219 enim
2105 2161 2297 2238 ipsum
2346 2167 2463 2220 tam
2510 2167 2612 2221 aut
2655 2161 3016 2236 conparativi
3063 2168 3152 2220 est

563 2270 662 2322 aut
705 2260 1063 2340 superlativi.
1155 2263 1203 2322 si
1248 2268 1445 2321 autem
1491 2260 1879 2342 superlativus
1935 2269 1994 2321 et
2037 2263 2452 2341 conparativus
2499 2264 2611 2322 vim
2659 2261 2880 2322 habent
2923 2280 3145 2340 augen-

564 2365 668 2432 tis,
726 2363 784 2423 id
843 2371 929 2422 est
987 2382 1115 2424 rem
1170 2382 1317 2443 quae
1372 2361 1508 2443 plus
1561 2365 1924 2442 significata
1972 2364 2249 2443 positivo,
2310 2363 2444 2424 ideo
2489 2383 2608 2424 nou
2653 2361 2954 2444 iungthur.
3045 2363 3148 2424 sed

564 2467 612 2524 si
658 2465 769 2526 hoc
817 2482 1017 2526 verum
1066 2471 1182 2534 est,
1241 2466 1518 2541 quoniam
1576 2467 1722 2526 istae
1781 2462 2102 2546 particulae
2145 2465 2280 2526 ideo
2327 2484 2448 2526 uon
2490 2467 2816 2545 iunguntur
2859 2484 3147 2545 conpara·
3176 2484 3230 2523 το

565 2568 678 2627 tivo
726 2575 785 2626 et
829 2565 1217 2646 superlativo,
1268 2566 1424 2643 quod
1471 2569 1632 2646 ipsae
1677 2567 1899 2628 habent
1942 2568 2435 2645 significationem
2482 2575 2582 2628 aut
2624 2570 3003 2648 conp'arantis
3049 2576 3153 2628 aut

562 2669 987 2748 praeferentiS,
1048 2666 1242 2728 nullae
1297 2687 1395 2728 res
1449 2668 1668 2729 debent
1721 2670 1913 2747 iungi,
1974 2688 2124 2748 quae
2180 2688 2417 2731 sensum
2477 2668 2700 2731 habeut
2754 2670 3150 2750 praeferentis

562 2779 661 2831 ant
703 2771 1100 2850 conparantis.
1191 2780 1256 2830 ut
1309 2777 1447 2849 puta
1503 2771 1551 2831 si
1606 2770 1766 2831 dicas
1822 2773 1966 2834 satis
2021 2772 2258 2843 doctuS,
2318 2779 2695 2852 augmentum
2743 2771 2955 2842 habet;
3018 2772 3151 2853 plus

563 2871 799 2943 ‹loctuS‚
861 2880 1245 2950 augmentum
1304 2872 1508 2941 habct;
1567 2871 1938 2935 abundanter
1996 2874 2232 2944 doctuS,
2291 2885 2672 2954 augmentum
2739 2875 2935 2936 habet.
3028 2894 3149 2936 non

562 2974 847 3036 debemus
901 2974 1101 3034 dicere
1157 2975 1528 3036 abundanter
1583 2975 1842 3045 doctior,
1902 2975 2269 3038 abundanter
2325 2978 2726 3046 doctissimus;
2787 2995 2907 3038 non
2955 2977 3227 3040 debeoffi»

565 3077 763 3137 dicere
810 3077 1059 3137 multum
1108 3076 1518 3151 doctissimuS‚
1568 3078 1847 3156 quoniam
1893 3079 2003 3138 ista
2027 3081 2231 3163 *omnia
2264 3081 2745 3159 conparationem
2792 3081 3146 3158 significant,

560 3178 620 3238 id
668 3186 758 3238 est
800 3186 1201 3256 augmentum.
1293 3188 1353 3239 et
1410 3178 1521 3238 hoc
1567 3178 1799 3240 Probus
1854 3182 2122 3257 sequitur
2178 3191 2237 3242 et
2293 3184 2375 3242 ait
2430 3184 2542 3251 sic,
2591 3183 2824 3243 ‘omnia
2871 3181 3147 3242 adverbia

560 3279 651 3340 vel
707 3298 912 3341 omnes
969 3279 1319 3359 particulae,
1381 3298 1788 3359 quaecumque
1846 3266 2010 3352 sunt,
2070 3301 2219 3360 quae
2279 3283 2502 3344 habent
2555 3302 2797 3344 sensum
2852 3286 3144 3362 augentia,

563 3399 680 3441 non
736 3381 1029 3459 iungenda
1083 3391 1219 3443 sunt
1276 3401 1385 3443 nec
1443 3386 1820 3463 conparativo
1887 3403 1997 3445 nec
2058 3385 2450 3465 superlativo,
2526 3384 2630 3446 sed
2686 3393 2915 3447 tantum
2968 3387 3146 3447 modo

563 3484 866 3561 positivo’.
961 3484 1223 3545 Donatus
1280 3491 1474 3545 autem
1530 3487 1824 3565 praestitit
1880 3485 2051 3548 nobis
2106 3487 2413 3557 auxilium,
2483 3496 2550 3549 ut
2604 3490 2864 3566 quinque
2918 3496 3225 3549 tantumao

563 3584 737 3645 modo
783 3585 1164 3647 observemus
1207 3606 1322 3647 res.
1415 3589 1611 3647 omnia
1655 3587 1783 3656 illa,
1832 3607 2240 3669 quaecumque
2286 3596 2449 3658 sunt,
2497 3589 2853 3669 superlativo
2900 3600 2958 3651 et
3001 3611 3142 3652 con-

562 3689 825 3766 parativo
883 3680 1204 3766 iu‘nguntur
1261 3688 1589 3749 secundum
1644 3691 2056 3751 auctoritatem
2112 3691 2341 3752 Donati.
2431 3700 2628 3753 tamen
2676 3701 2738 3753 tu
2794 3695 2844 3752 si
2887 3692 3148 3754 volueris

560 3808 768 3868 puram
821 3791 1019 3851 facere
1077 3790 1505 3861 elocutionem,
1567 3810 1676 3852 nec
1731 3791 1865 3853 illas
1917 3811 2016 3853 res
2071 3792 2253 3854 debes
2307 3796 2556 3872 iungere
2605 3796 2610 3873 l
2662 3797 3041 3874 conparativo
3088 3805 3148 3856 et

562 3890 952 3970 superlativo,
989 3910 1138 3970 quae
1170 3911 1408 3952 sonsum
1442 3893 1664 3954 habent
1693 3896 1982 3972 augentis,
2042 3904 2268 3957 tantum
2293 3895 2469 3956 modo
2500 3896 2748 3956 ostendo
2777 3898 2839 3957 in
2873 3897 3144 3977 exemplo

560 4012 688 4053 esse
731 3994 1007 4072 positum.
1097 3994 1374 4054 Horatius
1418 3996 1499 4055 ait
3170 4005 3223 4045 ³5

701 4267 725 4316 1
768 4273 844 4315 est
881 4281 971 4319 om.
1014 4266 1090 4328 A,
1130 4267 1251 4320 add,
1282 4282 1316 4316 α
1457 4282 1486 4315 a
1535 4265 1716 4333 Probo]
1766 4269 1919 4320 instit.
1960 4277 2064 4320 art.
2107 4285 2162 4332 p.
2197 4270 2289 4330 73,
2320 4270 2355 4322 9
2497 4274 2526 4322 7
2563 4272 2876 4339 superlatiuo
2914 4273 3005 4322 sed
3042 4273 3146 4324 AG

560 4335 872 4400 snper-latino
913 4338 1170 4398 quaeritur
1211 4336 1302 4387 sed
1337 4333 1467 4386 Ba*
1605 4338 1639 4388 9
1676 4349 1731 4387 ut
1762 4336 1828 4405 si]
1873 4353 1931 4387 ac
1966 4341 2007 4388 si
2042 4340 2209 4391 ABG
2353 4341 2415 4391 10
2449 4352 2778 4405 augmentum
2816 4342 2980 4392 fecisti
3019 4343 3145 4393 Lin-

560 4408 828 4456 demannus
971 4408 1033 4457 12
1080 4421 1199 4471 ergo
1246 4408 1372 4457 istae
1404 4406 1455 4456 Α
1500 4423 1622 4475 ergo
1669 4411 1714 4457 si
1758 4410 1886 4458 istae
1923 4410 2075 4460 BGa
2221 4412 2280 4461 14
2326 4411 2371 4459 si
2415 4410 2576 4474 (corr.
2617 4414 2692 4462 sic
2718 4411 2809 4474 (θ’)
2845 4428 2967 4478 ergo
3006 4449 3018 4462 .
3046 4454 3058 4467 .
3086 4449 3099 4461 .
3127 4452 3141 4464 .

561 4476 709 4539 (istae
747 4475 806 4541 a)
835 4477 1112 4541 particulae
1142 4478 1193 4525 A
1332 4480 1657 4543 conparantis
1698 4480 2067 4529 Lindemannus
2111 4482 2424 4547 conparatiui
2464 4482 2631 4533 ABG
2773 4482 2835 4532 15
2877 4497 3144 4548 compara-

560 4546 694 4594 tinus
743 4557 830 4595 aut
874 4546 1216 4611 superlatiuus
1255 4547 1368 4596 AB
1546 4548 1609 4600 18
1646 4551 1690 4597 si
1743 4558 1910 4599 autem
1948 4551 2288 4616 superlatiuus
2326 4553 2485 4613 (corr.
2523 4554 2661 4614 -tiui)
2700 4561 2747 4601 et
2783 4556 3143 4618 conparatione

560 4617 716 4672 (corr.
758 4618 898 4681 -tini)
932 4618 1034 4666 uim
1065 4616 1257 4667 habens
1284 4619 1517 4684 augentis
1557 4619 1605 4669 id
1647 4629 1721 4668 est
1757 4636 1791 4668 a
1827 4621 1869 4668 si
1906 4628 2073 4670 autem
2111 4636 2266 4687 super
2297 4662 2543 4677 .......
2581 4632 2657 4672 est
2696 4623 2744 4671 A
2846 4621 3036 4673 habent
3062 4622 3141 4674 Gb

561 4684 753 4734 habens
790 4688 840 4735 B
980 4688 1201 4752 augendi
1236 4686 1285 4735 B
1423 4689 1486 4738 21
1518 4700 1603 4738 aut
1636 4689 1970 4755 praeferentis
2004 4690 2170 4740 nullae
2201 4694 2249 4741 A
2286 4700 2372 4740 aut
2401 4692 2769 4757 superferentis
2806 4692 2974 4742 nullae
2999 4693 3141 4743 BGa

737 4757 803 4806 22
836 4756 1021 4807 habent
1059 4766 1144 4807 aut
1183 4758 1513 4821 praeferentia
1552 4760 1600 4808 B
1777 4762 1840 4809 31
1890 4772 2006 4809 suut
2049 4762 2324 4825 iunguntur
2370 4763 2678 4824 superlatiuo
2717 4772 2765 4811 et
2807 4766 3141 4829 conparatiuo

560 4826 839 4891 iunguntur
870 4828 918 4875 A
1026 4825 1092 4877 33
1131 4827 1242 4877 illas
1278 4844 1359 4878 res
1390 4830 1784 4880 Lindemannns:
1826 4846 1904 4879 res
1940 4846 2030 4882 om.
2071 4832 2239 4879 ABG
2339 4830 2405 4880 35
2435 4831 2688 4900 Horatius]
2720 4849 2874 4887 carm.
2914 4835 2929 4882 l
2964 4832 3048 4897 18,
3079 4833 3142 4883 15
