3541 5564
1424 289 1898 352 COMMENTVM
2826 288 2951 354 231

2580 414 2625 456 p.
2651 400 2832 443 303-06
2858 401 2903 441 L.

362 484 540 545 terito
584 481 917 561 inperfecto
950 489 1010 543 et
1038 483 1241 543 futuro
1271 481 1518 547 activam
1561 477 1741 540 habet
1786 479 2271 551 declinationem,
2317 483 2640 561 praeterito
2685 483 2952 561 perfecto

361 593 419 646 et
461 584 1044 666 plusquamperfecto
1088 586 1379 664 passivam
1424 582 1604 644 babet
1648 582 2122 644 declinationem.
2209 583 2438 663 gaudeo
2485 582 2599 644 tale
2646 592 2735 645 est
2779 584 2952 663 quale

358 675 575 756 doce0,
625 686 956 766 gaudebam
1001 684 1118 748 tale
1166 696 1255 747 est
1299 686 1471 767 quale
1517 685 1841 754 docebam,
1872 684 2142 763 gaudebo
2187 686 2303 747 tale
2350 696 2438 747 est
2482 686 2654 765 quale
2701 686 2948 749 docebo.

359 811 392 851 e
435 792 736 851 contrario
781 790 944 850 venit
987 789 1061 849 ad
1107 796 1341 869 tempus
1388 789 1749 868 perfectum,
1809 789 2041 866 gavisus
2087 807 2246 858 sum,
2293 790 2525 866 gavisus
2572 807 2764 849 eram:
2835 789 2950 851 tale

306 900 447 953 sest
500 894 735 971 gavisus
789 911 952 960 sum,
1010 911 1078 952 ac
1132 893 1183 951 si
1238 890 1398 951 dicas
1454 890 1662 951 doctus
1719 909 1882 959 sum;
1939 889 2053 950 tale
2114 898 2202 951 est
2261 892 2496 968 gavisus
2543 909 2736 961 eram,
2786 911 2852 952 ac
2898 894 2948 952 si

355 994 517 1056 dicas
563 994 774 1056 doctus
821 1013 1003 1055 eram.
1094 1012 1236 1072 ergo
1283 1013 1399 1073 quo
1445 993 1622 1053 modo
1668 992 2044 1054 discriminas
2089 994 2201 1053 ista
2246 993 2461 1053 verba?
2537 1002 2603 1054 ut
2646 1012 2754 1074 per
2799 1003 2946 1055 tem-

353 1117 501 1178 pora
559 1096 912 1159 dividantur.
1003 1098 1088 1157 sic
1145 1103 1339 1157 autem
1399 1103 1669 1176 tempora
1721 1097 1786 1155 in
1836 1094 2122 1157 ,omnibus
2167 1094 2535 1164 dividuntur,
2589 1094 2944 1177 [indicativi]

354 1207 419 1261 ut
461 1218 745 1279 praesens
788 1208 1023 1278 tempus
1069 1206 1127 1260 et
1171 1200 1559 1278 praeteritum
1602 1199 1999 1277 inperfectum
2047 1205 2105 1257 et
2148 1198 2410 1258 futurum
2442 1199 2684 1259 activam
2732 1198 2949 1259 habeat

352 1303 880 1380 significationem,
946 1303 1334 1382 praeteritum
1401 1301 1736 1380 perfectum
1805 1313 1862 1360 et
1937 1298 2586 1379 plusquamperfectum
2652 1303 2945 1380 passivam

274 1420 324 1459 ιο
351 1402 573 1466 habeat
626 1405 1135 1482 significationem.
1223 1403 1452 1482 gaudeo
1508 1402 1839 1481 gaudebam
1890 1400 2189 1480 gaudebo,
2246 1403 2358 1462 ista
2403 1404 2586 1463 activa
2632 1411 2797 1472 sunt;
2844 1421 2941 1482 ga-

351 1509 511 1568 visus
572 1525 705 1567 sum
750 1508 984 1585 gavisus
1029 1525 1189 1567 eram
1235 1506 1461 1586 passiva
1510 1514 1666 1566 sunt.
1758 1505 1944 1566 audeo
2001 1504 2300 1576 similiter,
2350 1504 2641 1566 audebam
2687 1505 2943 1575 audebo;

348 1619 586 1689 tempus
631 1610 960 1689 perfectum
1006 1628 1178 1671 ausus
1222 1628 1381 1679 sum,
1431 1627 1607 1670 ausus
1655 1627 1836 1669 eram.
1902 1617 1961 1668 et
2006 1607 2212 1668 dicunt
2255 1610 2366 1669 ista
2409 1608 2775 1687 inaequalia:
2824 1627 2943 1669 non

347 1714 510 1773 enim
560 1709 865 1792 aequalem
912 1710 1132 1772 habent
1176 1708 1652 1771 declinationem.
1718 1711 2023 1789 praesenti
2069 1712 2226 1771 enim
2274 1717 2331 1770 et
2373 1711 2696 1790 praeterito
2740 1712 2943 1790 inper-

344 1815 508 1874 fecto
557 1823 617 1875 et
668 1814 870 1875 futuro
931 1816 1119 1874 activa
1177 1821 1343 1882 sunt;
1390 1814 1714 1893 praeterito
1761 1814 2030 1893 perfecto
2078 1820 2137 1874 et
2178 1811 2760 1892 plusquamperfecto
2805 1832 2938 1892 pas-

171 1950 187 1966 ·
270 1917 472 1976 issiva
539 1921 696 1976 sunt.
784 1915 1013 1994 gaudeo
1072 1923 1130 1975 et
1185 1916 1374 1976 audeo
1435 1915 1703 1977 anomala
1760 1914 2057 1977 dicuntur.
2150 1923 2209 1976 et
2261 1916 2627 1975 coacervavit
2680 1915 2942 1976 Donatus

342 2016 535 2078 multa
601 2016 777 2078 verba
835 2026 893 2078 et
946 2019 1088 2078 fecit
1143 2018 1314 2078 nobis
1367 2017 1808 2078 confusionem:
1880 2019 1959 2077 ait
2003 2019 2117 2088 sic,
2162 2019 2276 2078 ista
2323 2014 2330 2098 Ι
2381 2016 2625 2078 confusa
2667 2025 2833 2088 suut,
2880 2018 2939 2078 id

344 2129 440 2180 est
484 2119 757 2180 anomala
804 2128 971 2190 sunt,
1019 2138 1228 2180 vescor
1272 2121 1399 2180 fero
1448 2120 1557 2179 cdo
1602 2119 1869 2199 prandeo
1914 2118 2054 2179 nolo
2099 2119 2252 2180 vole.
2342 2136 2480 2179 ecce
2535 2120 2645 2178 ista
2692 2137 2757 2178 re
2802 2138 2939 2180 vera

339 2221 684 2299 inaequalia
729 2231 864 2283 sunt
910 2222 1085 2303 [dixit
1127 2241 1194 2283 re
1242 2241 1377 2282 vera
1424 2224 1559 2303 quia
1604 2222 1875 2283 anomala
1922 2222 2108 2303 sunt].
2201 2220 2306 2283 sed
2352 2229 2549 2282 tamen
2595 2238 2716 2281 non
2761 2240 2938 2282 unam

343 2324 706 2386 anomaliam
751 2323 974 2386 habeut
1018 2323 1197 2385 verba
1243 2326 1457 2385 omnia.
1535 2323 1672 2385 nolo
1720 2332 1778 2384 et
1820 2323 1952 2384 volo
1997 2323 2242 2384 alteram
2289 2321 2511 2383 babent
2554 2306 2934 2383 anomaliam:

264 2444 314 2484 ευ
341 2446 487 2489 nam
532 2426 672 2499 nolo
720 2436 779 2489 et
822 2427 953 2487 volo
1001 2425 1270 2487 anomala
1310 2435 1465 2496 sunt,
1514 2428 1619 2487 sed
1664 2446 1784 2487 non
1829 2429 1913 2487 sic
1958 2445 2131 2507 quem
2178 2424 2249 2486 ad
2295 2424 2537 2485 modum
2582 2424 2700 2495 illa,
2748 2425 2936 2486 audeo

338 2528 600 2609 gaudeo.
662 2547 802 2590 nam
848 2547 986 2589 ecce
1031 2527 1173 2590 nolo
1220 2528 1377 2598 volo,
1426 2528 1823 2590 debueramus
1866 2528 2194 2589 secundum
2239 2526 2508 2606 regulam
2554 2527 2754 2589 dicere
2799 2527 2936 2589 nolo

338 2632 502 2693 nolis
557 2630 733 2702 nolit,
797 2639 856 2692 et
912 2630 1163 2692 dicimus
1217 2630 1357 2691 nolo
1413 2649 1533 2691 non
1591 2633 1674 2691 vis
1732 2649 1850 2694 non
1898 2630 2042 2699 vult;
2101 2632 2243 2691 item
2290 2626 2419 2691 volo
2467 2629 2610 2691 volis
2655 2629 2825 2700 volit,
2879 2640 2938 2692 et

337 2735 603 2797 dicimus
660 2733 791 2795 volo
845 2735 932 2795 vis
988 2732 1126 2794 vult.
1215 2732 1482 2796 anomala
1525 2740 1665 2795 suut
1707 2733 1818 2795 alia
1863 2734 2122 2804 ratione,
2171 2751 2290 2794 non
2339 2741 2401 2794 ut
2444 2732 2562 2794 illa.
2634 2735 2778 2795 item
2825 2734 2935 2795 edo

338 2836 689 2899 anomalum
736 2844 851 2907 est,
909 2836 1013 2897 sed
1057 2856 1179 2897 non
1225 2845 1316 2898 est
1356 2840 1465 2909 ita,
1529 2854 1720 2914 neque
1779 2855 1955 2917 quem
2013 2835 2085 2896 ad
2131 2836 2370 2897 modum
2415 2844 2691 2914 quattuor
2733 2838 2933 2916 priora

261 2955 542 3020 25neque
586 2959 763 3021 quem
820 2939 893 3001 ad
949 2939 1189 3000 modum
1244 2941 1354 2999 ista
1409 2941 1743 3018 sequentia;
1788 2939 1905 3000 ,sed
1952 2958 2090 3000 ecce
2136 2938 2532 3001 debueramus
2578 2939 2778 2999 dicere
2823 2938 2933 2999 edo

338 3044 477 3104 edis
523 3041 672 3111 edit,
731 3049 790 3102 et
844 3042 1094 3102 dicimus
1149 3040 1324 3102 modo
1381 3040 1491 3102 edo
1550 3061 1611 3102 es
1669 3049 1788 3109 est,
1847 3040 1906 3100 id
1953 3049 2042 3101 est
2087 3041 2351 3102 com‘edo.
2445 3051 2505 3102 et
2548 3041 2712 3101 verbi
2756 3060 2933 3102 causa

338 3125 462 3206 hoc¹
507 3146 704 3224 ipsum
750 3145 997 3205 comedo
1043 3142 1307 3205 comedis
1352 3143 1608 3203 comedit
1651 3142 1969 3204 debuimus
2015 3143 2233 3213 dicere,
2283 3152 2342 3204 et
2387 3143 2639 3204 dicimus
2684 3144 2931 3204 comedo

336 3266 545 3309 comes
601 3255 843 3309 comest.
935 3264 1078 3324 ergo
1135 3245 1295 3325 quod
1351 3245 1519 3306 audis
1585 3245 1742 3325 apud
1808 3247 2130 3316 Donatum,
2200 3249 2344 3307 ‘ista
2414 3245 2594 3306 verba
2661 3246 2930 3308 anomala

334 3354 540 3421 sunt'‚
610 3348 734 3409 noli
798 3356 1010 3428 putare
1077 3367 1255 3409 unam
1313 3347 1665 3409 anomaliam
1722 3367 1881 3418 esse,
1938 3347 2000 3407 id
2057 3356 2144 3409 est
2198 3367 2374 3409 unam
2430 3348 2928 3428 inaequalitatem.

262 3471 483 3514 aonam
541 3470 682 3512 ecce
738 3453 801 3511 in
857 3452 1011 3521 istis,
1069 3451 1131 3511 id
1187 3459 1278 3511 est
1333 3451 1521 3511 audeo
1577 3450 1835 3529 gaudeo,
1898 3450 2008 3510 alia
2067 3459 2183 3519 est;
2241 3452 2384 3510 item
2429 3452 2489 3510 in
2535 3452 2690 3519 istis,
2736 3450 2797 3511 id
2843 3458 2931 3512 est

338 3554 486 3618 nolo
537 3553 702 3624 volo,
751 3552 865 3614 alia
911 3563 1028 3623 est;
1073 3555 1218 3615 item
1263 3555 1324 3614 in
1372 3572 1441 3613 eo
1487 3552 1642 3632 quod
1692 3560 1783 3612 est
1827 3551 1937 3613 edo
1981 3551 2250 3613 similiter
2295 3551 2407 3613 alia
2453 3562 2560 3614 cst.
2611 3550 2618 3632 Ι

513 3656 729 3736 Incipit
785 3664 1038 3717 tractare
1093 3655 1167 3715 de
1212 3656 1302 3715 his
1348 3655 1569 3725 verbiS,
1628 3672 1780 3734 quae
1826 3653 2005 3716 verba
2049 3652 2305 3714 naturali
2349 3657 2578 3715 ratione
2624 3674 2742 3715 non
2788 3664 3164 3734 pos-437‚20

335 3767 481 3821 suut
522 3765 649 3820 tota
682 3756 986 3819 declinari.
1050 3756 1190 3836 quid
1238 3764 1328 3817 est
1371 3758 1529 3817 tota?
1575 3757 1636 3817 id
1682 3764 1772 3818 est
1813 3776 1924 3837 per
1969 3775 2175 3818 omnes
2217 3776 2518 3837 personas,
2566 3776 2675 3837 per
2721 3777 2928 3818 omnes

338 3861 572 3923 modoS.
665 3879 776 3921 nec
821 3858 929 3920 tibi
974 3858 1154 3939 aliqui
1198 3860 1375 3919 saciat
1418 3861 1820 3939 quaestionem
1868 3867 1927 3920 et
1970 3859 2125 3920 dicat
2168 3859 2304 3928 tibi,
2353 3858 2584 3921 declina
2629 3860 2773 3920 mihi
2817 3862 2925 3922 ista

264 3981 315 4022 35
341 3963 545 4025 verba.
633 3964 868 4043 penitus
921 3980 1041 4022 non
1099 3960 1488 4022 declinantur.
1579 3969 1718 4022 sunt
1760 3960 1940 4023 verba
1984 3961 2208 4039 aliqua,
2257 3980 2409 4041 quae
2455 3962 2633 4022 verba
2678 3962 2928 4023 naturali

339 4069 578 4127 ratione
625 4065 916 4150 defectiva,
953 4072 1092 4124 sunt
1135 4074 1194 4123 et
1235 4063 1497 4142 perdunt
1523 4065 1680 4125 vires
1725 4066 1887 4125 omni
1930 4065 2177 4126 ratione.
2206 4097 2213 4110 ·
2241 4063 2470 4133 amabo,
2518 4072 2584 4124 ut
2611 4066 2686 4124 sit
2715 4063 2925 4125 amabo

343 4168 591 4228 verbum
651 4165 1037 4236 blandientis·‚
1099 4165 1369 4237 ‘amab0‚
1431 4186 1537 4228 cur
1593 4185 1847 4246 puerum
1904 4165 2258 4245 adposuistis
2313 4165 2411 4227 hic
2455 4174 2589 4227 ante
2634 4168 2922 4227 ostium?'

482 4320 518 4371 6
554 4322 656 4370 ista
690 4320 851 4369 uerba
887 4319 1034 4369 BCa
1077 4319 1202 4368 haec
1239 4319 1394 4368 uerba
1432 4319 1480 4368 Α
1621 4322 1650 4368 7
1690 4318 1787 4383 sic]
1839 4317 1964 4368 haee
1998 4319 2162 4370 ABG
2305 4319 2368 4370 13
2406 4318 2592 4368 habeut
2628 4320 2725 4368 Ba
2775 4320 2923 4370 habet

341 4391 449 4442 Ac
556 4388 624 4440 16
662 4389 716 4438 id
745 4399 822 4439 est
855 4405 945 4440 om.
983 4390 1059 4453 A,
1098 4390 1217 4439 add.
1256 4406 1290 4437 a
1399 4390 1461 4439 17
1503 4387 1610 4439 fero
1651 4390 1728 4439 Cb
1769 4389 1903 4438 feror
1935 4388 2048 4437 AB
2154 4390 2380 4455 prandeo
2414 4407 2442 4438 c
2477 4391 2729 4454 prandeor
2764 4390 2929 4439 ABG

486 4459 553 4511 18
583 4459 715 4509 dixit
747 4475 800 4508 re
837 4475 958 4508 vera
1001 4461 1130 4520 (rem
1169 4474 1340 4508 ueram
1379 4458 1489 4522 cb)
1536 4461 1654 4522 quia
1690 4460 1923 4508 anomala
1963 4469 2080 4508 suut
2117 4475 2207 4508 om.
2238 4460 2306 4520 A,
2343 4460 2465 4509 add.
2494 4475 2528 4509 a
2703 4460 2770 4508 22
2805 4461 2923 4509 item

343 4531 464 4580 uolo
491 4530 629 4579 nolis
668 4528 796 4578 uolit
829 4527 894 4578 a*
937 4530 1056 4580 item
1099 4529 1213 4579 uolo
1254 4529 1384 4580 uelis
1421 4529 1544 4578 uelit
1577 4530 1739 4580 ABG
1874 4530 1943 4579 25
1981 4530 2071 4578 sed
2104 4530 2223 4578 licet
2257 4531 2591 4580 debueramus
2628 4529 2789 4578 ABG

340 4600 410 4653 30
451 4602 502 4649 in
541 4601 655 4649 istis
702 4601 858 4665 (ipsis
896 4599 946 4649 A
984 4616 1120 4653 corr.
1161 4601 1272 4650 istis
1310 4600 1368 4662 a)
1413 4600 1550 4662 quod
1603 4612 1678 4649 est
1729 4599 1846 4648 nolo
1887 4599 2054 4649 ABG
2223 4601 2288 4650 37
2338 4601 2516 4649 amabo
2552 4597 2662 4663 cur]
2720 4598 2920 4651 Terent.

342 4671 515 4724 Andr,
561 4670 651 4718 1111
689 4671 739 4728 4,
778 4670 845 4720 24
882 4671 1006 4720 cedo
1043 4672 1211 4720 cuium
1255 4684 1466 4734 puerum
1505 4669 1588 4718 hic
1623 4669 1941 4734 adposuisti?
1987 4670 2069 4719 dic
2108 4669 2251 4723 mibi.
2291 4672 2543 4721 excidisse
2576 4671 2776 4720 videtur
2810 4687 2924 4721 ver·

343 4741 454 4789 bum
492 4741 789 4802 defectivum
836 4741 995 4806 ced0‚
1043 4742 1116 4791 ad
1156 4741 1290 4806 quod
1335 4755 1512 4790 versus
1561 4739 1606 4787 Τ
1603 4742 1785 4791 ereutii
1821 4740 2110 4802 adscriptus
2156 4749 2299 4792 erat.-
2334 4742 2404 4804 cf.
2440 4741 2563 4804 infr.
2610 4756 2663 4803 p.
2701 4741 2803 4792 325
2839 4740 2919 4789 ed.

347 4811 502 4861 Limi.
652 4810 964 4876 adposuistis
997 4811 1170 4861 Rea*
1209 4811 1406 4876 adposu
1435 4851 1445 4861 .
1473 4852 1484 4863 .
1514 4847 1526 4861 .
1554 4851 1566 4864 .
1604 4811 1653 4859 A
1701 4825 1702 4828 ¹
1793 4819 1908 4859 ante
1946 4809 2168 4860 hostium
2199 4811 2312 4860 AB
