3541 5564
628 310 746 373 124
1102 344 1113 362 =
1753 311 2055 374 l'OMl'Ell

674 433 714 473 p.
742 423 891 460 ⁶1—oe
922 420 961 460 L.

622 518 808 578 aequa
853 501 1057 561 divisio
1104 510 1225 571 est,
1275 503 1384 562 tria
1430 512 1488 562 et
1534 501 1676 569 tria,
1737 505 2009 577 quattuor
2055 505 2113 558 et
2156 506 2455 577 quattuor,
2520 497 2681 560 verbi
2736 517 2911 559 causa
2954 506 3184 560 centum

622 611 679 663 et
724 612 991 673 centum,
1051 605 1100 664 si
1162 612 1366 683 posset
1418 605 1565 663 lieri.
1666 604 1941 682 quotiens
1997 610 2082 663 tot
2138 610 2403 682 tempora
2461 600 2640 662 habet
2697 603 2873 671 arsiS,
2931 610 3078 681 quot
3132 608 3188 661 et

622 705 833 774 thesis,
882 725 1065 786 aequa
1112 705 1324 767 dicitur
1370 689 1594 766 divisio.
1658 711 1722 766 ut
1767 713 1908 784 puta
1939 706 2275 786 pyrrichius
2304 705 2422 765 duo
2451 704 2631 765 habet
2661 711 2959 782 tempora:
3006 721 3186 763 unum

621 806 862 867 babebit
905 810 1078 877 arsis,
1127 826 1307 868 unum
1353 808 1557 869 thesis,
1624 814 1687 867 ut
1730 816 1869 887 puta
1915 807 2214 888 spondens
2258 805 2403 867 duas
2447 805 2626 866 habet
2669 807 2873 884 longas
2916 804 3182 885 syllabas,

622 917 893 990 quattuor
947 918 1084 970 sunt
1139 917 1431 989 tempora;
1490 910 1606 970 duo
1662 908 1905 971 habebit
1971 913 2144 980 arsis,
2203 910 2318 971 duo
2377 908 2583 979 thesiS,
2643 909 2916 987 quoniam
2973 915 3033 968 et
3084 910 3242 968 illas

617 1016 799 1087 lonya
842 1014 959 1074 duo
1001 1012 1179 1072 habet
1220 1021 1504 1088 tempora,
1598 1017 1653 1072 et
1707 1011 1804 1073 illa
1862 1012 2036 1091 longa
2093 1013 2210 1073 duo
2266 1011 2448 1073 habet
2500 1019 2785 1090 tempora.
2874 1011 2937 1070 in
2981 1027 3186 1088 proce-

621 1114 936 1175 leumatico
993 1120 1265 1190 quattuor
1320 1131 1459 1175 sunt
1510 1122 1807 1193 tempora,
1870 1113 1984 1173 duo
2040 1122 2097 1174 et
2141 1115 2276 1174 duo.
2367 1116 2425 1174 iu
2484 1112 2812 1193 dispondeo
2870 1118 3002 1172 octo
3037 1118 3190 1196 sunt

623 1224 916 1296 tempora;
964 1222 1240 1295 quattuor
1286 1214 1465 1276 habet
1512 1217 1688 1286 arsiS,
1736 1223 2014 1294 quattuor
2059 1214 2256 1276 thesis.
2311 1218 2372 1276 in
2419 1217 2769 1294 antispasto,
2819 1212 3184 1282 choriambo,

620 1317 994 1386 ditrochaeo,
1044 1316 1300 1378 diiambo
1344 1335 1487 1378 sena
1530 1327 1664 1379 sunt
1694 1326 1990 1397 tempora,
2040 1318 2150 1378 tria
2183 1317 2424 1378 habebit
2454 1319 2618 1386 arsiS,
2658 1319 2768 1377 tria
2799 1316 2999 1376 thesis
3051 1334 3189 1394 ergo

620 1420 729 1480 hae
775 1428 910 1480 sunt
954 1419 1296 1489 divisioneS‚
1345 1437 1494 1504 quae
1540 1439 1760 1500 aequae
1789 1419 2091 1490 dicuntur,
2141 1429 2200 1482 et
2228 1420 2448 1481 habent
2479 1420 2586 1480 hos
2616 1418 2818 1498 pedes,
2866 1436 2978 1479 nec
3009 1416 3184 1478 alium
3215 1438 3266 1476 ιο

621 1521 865 1582 habeut:
912 1521 1273 1601 pyrrichium
1318 1521 1563 1592 habent,
1617 1522 1622 1600 Ι
1672 1522 2020 1601 spondeum,
2069 1522 2390 1603 dactylum,
2438 1530 2835 1600 anapaestum,
2882 1520 3187 1600 proceleu-

621 1625 931 1692 maticum,
980 1623 1387 1702 dispondeum,
1436 1623 1776 1693 diiambum,
1825 1623 2248 1694 ditrochaeum,
2298 1626 2701 1704 antispastum,
2739 1621 3187 1700 choriambum:

620 1725 754 1804 plus
798 1742 919 1785 non
975 1724 1212 1785 habent.
1301 1727 1398 1786 isti
1456 1726 1634 1805 pedes
1693 1745 1937 1806 aequam
1997 1726 2220 1804 habent
2273 1728 2639 1787 divisionem.
2742 1724 2918 1805 dupla
2975 1724 3189 1786 dicitur

498 1838 512 1852 ·
620 1827 856 1896 divisio,
909 1829 1179 1904 quotiens
1224 1826 1409 1888 altera
1454 1847 1589 1907 pars
1634 1828 1879 1890 alteram
1924 1837 2150 1908 partem
2198 1829 2377 1909 duplo
2426 1831 2619 1889 vincit.
2696 1834 2835 1906 puta
2879 1828 2987 1887 ista
3035 1845 3186 1906 parS,

620 1928 793 1998 arsiS,
840 1927 1020 1989 babet
1062 1928 1180 1988 duo
1225 1937 1520 2009 tempora,
1569 1930 1750 1992 thesis
1794 1949 2008 1999 unum;
2057 1938 2158 1991 aut
2201 1930 2383 1992 thesis
2427 1932 2564 2001 duo,
2614 1933 2760 1992 arsis
2805 1948 3006 1991 unum.
3054 1928 3189 1989 ideo
3218 1950 3268 1988 ιε.

619 2030 738 2091 dixi
784 2029 1003 2092 ‘altera
1047 2050 1183 2110 pars
1228 2031 1470 2094 alteram
1515 2041 1746 2111 partem
1792 2032 1972 2113 duplo
2018 2035 2240 2093 vincit.’
2290 2039 2391 2093 aut
2433 2036 2540 2093 ista
2573 2051 2712 2112 pars
2743 2038 2938 2111 potest
2967 2028 3188 2091 habere

620 2151 802 2193 unum
851 2142 909 2193 et
950 2131 1048 2193 illa
1093 2133 1237 2204 duo,
1285 2143 1383 2195 aut
1424 2136 1533 2196 ista
1578 2135 1694 2195 duo
1741 2143 1801 2196 et
1841 2134 1939 2196 illa
1985 2142 2284 2213 quattuor,
2344 2142 2446 2195 aut
2500 2136 2609 2194 ista
2666 2136 2774 2194 tria
2823 2141 2882 2192 et
2922 2132 3023 2193 illa
3069 2151 3186 2193 sex.

620 2236 894 2312 quotiens
948 2234 1130 2296 altera
1187 2253 1325 2315 pars
1379 2236 1561 2316 duplo
1614 2239 1797 2297 vincit
1849 2236 2093 2298 alteram
2147 2244 2406 2315 partem,
2469 2235 2644 2316 dupla
2702 2234 2907 2296 divisio
2967 2240 3086 2305 est,
3135 2242 3191 2295 et

619 2337 831 2415 recipit
871 2337 979 2396 hos
1022 2338 1220 2416 pedes
1310 2338 1541 2398 iambus
1598 2338 1836 2419 duplam
1894 2338 2073 2400 habet
2127 2337 2502 2406 divisionem;
2561 2356 2738 2398 unum
2800 2335 2977 2396 habet
3021 2338 3187 2405 arsis,

619 2438 733 2498 duo
781 2438 982 2499 thesis.
1073 2439 1414 2500 trochaeus:
1463 2440 1579 2501 duo
1624 2442 1681 2500 in
1730 2442 1874 2509 arsi,
1922 2459 2103 2501 unum
2148 2442 2208 2501 in
2258 2441 2427 2501 thesi.
2502 2438 2817 2522 [molossus
2864 2447 2924 2498 et
2968 2438 3184 2499 tribra·
3212 2460 3266 2498 so

614 2538 806 2622 nlius}
882 2540 1173 2602 molossus
1217 2560 1320 2602 sex
1366 2540 1545 2602 habet
1588 2549 1886 2622 tempora,
1933 2541 2037 2603 sed
2085 2549 2360 2619 quattuor
2404 2542 2648 2603 habebit
2691 2542 2862 2618 arsiS,
2908 2540 3026 2602 duo
3060 2540 3187 2601 the-

616 2645 714 2703 sis.
769 2643 992 2704 idcirco
1038 2643 1190 2704 duae
1233 2642 1371 2704 illae
1414 2643 1626 2722 longae
1671 2651 1772 2706 aut
1815 2644 1885 2705 ad
1932 2645 2088 2705 arsin
2133 2644 2516 2724 adplicandae
2562 2654 2699 2705 sunt
2739 2650 2841 2703 aut
2873 2642 2944 2702 ad
2971 2641 3184 2703 thesin.

615 2747 757 2807 item
802 2744 1162 2816 tribrachus;
1214 2745 1364 2808 duae
1412 2754 1585 2808 erunt
1626 2748 1685 2808 in
1733 2748 1881 2823 arsi,
1945 2764 2061 2808 una
2103 2748 2166 2808 in
2225 2746 2393 2808 thesi.
2484 2747 2640 2827 quod
2697 2745 2817 2807 dixi
2861 2745 2997 2807 ‘aut
3042 2744 3188 2807 duae

616 2857 718 2909 aut
761 2849 967 2918 duae',
1014 2855 1258 2928 propter
1301 2847 1433 2909 illos
1479 2857 1776 2911 accentus.
1838 2868 1972 2910 nam
2018 2849 2274 2910 diximus
2304 2851 2592 2930 superiuS,
2627 2847 2863 2928 quando
2910 2850 2967 2908 iu
2996 2849 3185 2909 media

614 2950 834 3030 syllaba
893 2958 1174 3012 accentus
1240 2953 1444 3022 fuerit,
1513 2952 1693 3013 thesis
1759 2950 1937 3013 habet
1990 2951 2160 3030 plura
2208 2960 2503 3031 tempora;
2563 2949 2798 3031 quando
2852 2952 2911 3010 in
2972 2951 3182 3029 prima,
3210 2971 3265 3012 εὖ

616 3054 766 3113 arsis
809 3038 990 3113 habet
1034 3052 1204 3132 plura
1259 3061 1543 3134 tempora.
1637 3071 1779 3132 ergo
1833 3053 2017 3114 habes
2067 3053 2359 3124 iambum,
2419 3052 2795 3121 trochaeum,
2844 3051 3186 3129 molossum,

617 3153 1011 3225 tribrachum,
1058 3156 1316 3217 ionicum
1362 3158 1645 3216 maiorem
1690 3166 1747 3216 et
1777 3158 2034 3218 ionicum
2069 3158 2380 3217 minorem.
2429 3156 2531 3217 isti
2561 3161 2696 3215 sunt
2723 3164 2950 3216 tantum
2981 3155 3184 3234 pedeS,

615 3258 717 3336 qui
748 3255 968 3317 habent
998 3256 1235 3338 duplam
1282 3258 1646 3319 divisionem.
1685 3262 1695 3335 Ι
1734 3256 2001 3338 sescupla
2050 3266 2164 3333 est,
2213 3261 2485 3338 quotiens
2537 3246 2721 3319 altera
2761 3276 2900 3337 pars
2943 3256 3185 3317 alteram

615 3366 841 3438 partem
887 3378 1006 3420 non
1052 3358 1232 3439 duplo
1277 3362 1474 3430 vincit,
1521 3360 1623 3420 sed
1668 3360 2030 3422 dimidietate
2074 3360 2254 3440 dupli.
2326 3370 2389 3421 nt
2433 3350 2571 3440 puta
2618 3361 2876 3439 quinque
2923 3368 3185 3438 tempora

614 3460 849 3540 quando
894 3468 1060 3531 sunt,
1110 3481 1248 3523 ecce
1294 3462 1623 3523 dimidietas
1667 3463 1831 3543 dupli
1879 3470 1996 3532 est,
2047 3481 2198 3541 quae
2245 3465 2443 3523 vincit.
2535 3482 2669 3524 nam
2715 3464 2763 3522 si
2809 3460 2986 3541 dupla
3034 3469 3263 3521 essetso

615 3562 850 3631 divisio,
899 3571 1175 3643 quattuor
1222 3574 1280 3625 et
1325 3564 1439 3625 duo
1484 3563 1768 3633 faciebas;
1820 3567 1870 3626 si
1916 3564 2126 3644 simpla
2158 3572 2337 3635 esset,
2387 3583 2570 3626 unum
2594 3572 2653 3625 et
2682 3583 2866 3624 unum
2899 3562 3181 3625 faciebas:

615 3682 757 3743 ergo
803 3683 834 3724 a
880 3664 1058 3746 dupla
1103 3685 1285 3728 unum
1332 3668 1524 3728 minus
1568 3667 1764 3728 habet.
1827 3668 1973 3727 haee
2019 3675 2109 3728 est
2152 3667 2359 3729 divisio
2418 3686 2569 3747 quae
2615 3664 2884 3745 sescupla
2941 3664 3181 3726 dicitur:

751 3840 784 3887 2
820 3845 940 3900 quot
988 3852 1079 3886 om.
1119 3839 1230 3888 AB
1370 3838 1401 3887 5
1449 3839 1686 3899 quoniam
1733 3838 1822 3885 illa
1871 3837 2023 3903 longa
2064 3838 2163 3887 duo
2210 3837 2360 3887 habet
2410 3845 2637 3904 tempora
2672 3838 2721 3885 in
2768 3835 3185 3901 proceleumatico

612 3907 780 3957 ABG
919 3904 984 3957 10
1020 3922 1112 3956 nec
1148 3908 1300 3957 alium
1343 3907 1490 3956 habet
1525 3906 1820 3972 pirrichium
1857 3907 2010 3957 habet
2035 3908 2317 3973 spondeum
2356 3918 2403 3957 et
2427 3908 2666 3958 dactilum
2704 3916 3034 3971 anapaestum
3071 3921 3184 3970 pro-

614 3977 995 4027 celeumaticum
1034 3977 1360 4044 dispendium
1392 3977 1666 4026 diiambum
1702 3976 2017 4028 ditrocheum
2047 3979 2382 4043 antispastum
2420 3977 2767 4028 choriambum
2810 3975 2925 4041 plus
2965 3990 3064 4025 non
3102 3975 3185 4022 ha·

615 4048 695 4097 bet
734 4048 780 4096 A
831 4063 923 4096 nec
970 4047 1123 4096 alium
1176 4048 1357 4097 habent
1404 4048 1711 4113 pyrrichium
1766 4047 1951 4096 habeut
2003 4048 2284 4113 spondeum
2325 4047 2512 4098 habeut
2551 4047 2807 4111 dactylum
2846 4045 3034 4095 habeut
3069 4059 3184 4093 ati-1-

615 4128 816 4183 pestum
859 4115 1047 4167 habent
1082 4119 1556 4183 proceleumaticum
1582 4117 1765 4167 habent
1806 4119 2132 4184 dispondium
2168 4117 2352 4167 habeut
2383 4119 2659 4168 diiambum
2686 4114 3004 4165 ditrocheum
3034 4116 3185 4164 autis—

614 4200 811 4252 pastum
842 4196 890 4234 et
919 4186 1261 4236 choriambum
1295 4188 1408 4253 plus
1439 4203 1536 4237 uon
1568 4186 1750 4237 habent
1775 4188 1901 4238 BGa
2008 4188 2071 4237 16
2099 4185 2206 4253 aut]
2234 4199 2282 4236 et
2307 4187 2452 4238 ABG
2546 4187 2734 4236 habere
2771 4201 2928 4236 unum
2966 4186 3062 4235 ista
3089 4186 3185 4233 duo

613 4267 660 4307 et
690 4259 771 4306 illa
799 4258 884 4306 1111
913 4257 1009 4305 ista
1036 4267 1126 4309 tre.
1169 4257 1264 4306 ista
1302 4272 1391 4305 sex
1420 4257 1468 4305 A
1505 4256 1689 4306 habere
1722 4273 1875 4306 unum
1904 4255 2000 4306 ista
2026 4258 2126 4307 dno
2157 4268 2205 4306 et
2233 4260 2330 4308 ista
2355 4257 2456 4307 duo
2483 4258 2568 4307 illa
2604 4259 2693 4307 llll
2721 4264 2806 4305 aut
2841 4256 2938 4305 ista
2963 4265 3069 4305 trea
3096 4256 3186 4304 ista

612 4343 703 4376 sex
740 4344 772 4376 a
804 4326 986 4375 habere
1023 4342 1175 4375 uuum
1216 4327 1313 4374 ista
1351 4328 1448 4376 duo
1481 4327 1565 4376 illa
1602 4335 1836 4391 quattuor
1882 4337 1968 4377 aut
2003 4329 2100 4377 ista
2137 4329 2233 4377 tria
2269 4329 2365 4376 ista
2407 4343 2500 4378 sex
2530 4328 2632 4378 BC
2745 4326 2813 4376 20
2852 4325 3105 4376 molossus
3141 4334 3187 4372 et

611 4396 893 4447 tribrachus
925 4397 1174 4446 molossus
1207 4395 1455 4459 (molosos
1489 4397 1561 4459 A)
1600 4413 1692 4447 sex
1724 4397 1876 4447 habet
1918 4396 2132 4460 (liabent
2168 4398 2242 4460 B)
2280 4406 2511 4463 tempora
2548 4398 2697 4447 ABc
2735 4395 2985 4448 molossus
3023 4406 3071 4444 et
3103 4394 3188 4443 tri·

610 4467 828 4515 bruchus
867 4481 961 4516 sex
993 4467 1179 4516 habent
1216 4475 1442 4530 tempora
1475 4468 1551 4518 cb
1693 4469 1756 4518 21
1797 4468 2000 4517 habebit
2036 4466 2207 4518 Bca·
2242 4467 2391 4517 habet
2429 4468 2476 4516 A
2617 4466 2684 4517 23
2716 4469 2834 4517 item
2875 4466 2955 4516 Ca
2994 4466 3064 4514 ita
3090 4463 3187 4513 AB

749 4539 815 4586 24
852 4545 1059 4601 propter
1088 4535 1200 4586 illas
1233 4546 1466 4586 accentus
1493 4538 1543 4587 B
1578 4547 1782 4603 propter
1813 4538 2008 4587 illarum
2047 4550 2281 4588 accentus
2320 4538 2426 4587 dixi
2464 4539 2674 4590 coniecit
2699 4537 3072 4586 Lindemannus

612 4604 679 4655 26
716 4605 871 4655 habes
910 4607 1129 4656 iambum
1182 4615 1230 4655 et
1263 4606 1518 4656 trocheum
1561 4609 1809 4658 molosum
1848 4608 2119 4658 tribrachiu
2169 4609 2216 4657 Α
2261 4606 2418 4659 habes
2466 4610 2688 4657 iambum
2736 4606 2892 4655 habes
2931 4604 3184 4655 trocheum

614 4675 769 4725 habes
808 4675 1082 4726 molossum
1116 4676 1272 4726 habes
1309 4677 1582 4727 tribrachin
1623 4680 1766 4728 BGa
1898 4678 1960 4729 31
2001 4679 2045 4727 si
2084 4678 2268 4743 simpla
2296 4689 2428 4727 esset
2465 4679 2506 4728 0
2528 4679 2713 4743 simpla
2749 4684 2883 4725 esset
2915 4676 2966 4725 B
3003 4674 3185 4737 simpla

612 4760 724 4795 esse
759 4746 808 4795 A
850 4747 1031 4814 simpla
1069 4747 1113 4798 si
1150 4757 1281 4795 esset
1314 4765 1348 4797 a
1489 4749 1556 4799 32
1599 4765 1628 4797 a
1664 4748 1820 4815 dupla
1851 4763 1942 4797 om.
1982 4749 2060 4811 A,
2093 4749 2216 4800 add.
2253 4746 2313 4797 a*
2453 4748 2578 4798 haec
2616 4758 2692 4798 est
2726 4746 2912 4796 diuisio
2951 4746 3032 4795 Ca
3069 4744 3184 4793 haec

614 4815 796 4866 diuisio
827 4818 938 4867 AB
