3541 5564
1501 366 1890 429 EXCERPTA
2154 325 2159 331 ’
2865 365 2991 428 319

410 554 584 625 haec,
632 574 742 635 pro
787 558 1088 618 communi
1134 556 1297 625 dico;
1345 556 1581 636 quando
1629 555 1760 616 dico
1806 552 1901 615 hic
1948 565 2005 617 et
2050 555 2194 617 haec
2241 562 2298 615 et
2341 555 2485 626 hoc,
2528 574 2641 636 pro
2685 557 2845 616 omni
2889 573 2990 634 ge-

410 676 555 718 nere
602 658 752 719 dico.

1518 747 1554 782 a:
1684 741 1718 778 a·
1846 741 1885 781 ιι

1407 878 1505 941 DE
1547 878 1990 941 PRONOMINE
2652 872 2692 913 v·
2722 862 2783 901 ‘12-
2810 862 2860 900 ⁷³
2888 859 2937 901 u.

552 999 734 1070 Quid
783 1009 872 1061 est
914 999 1285 1079 pronomen?
1359 1000 1504 1061 Pars
1550 1000 1834 1067 orationis
1880 1017 2030 1078 quae
2084 1017 2194 1078 pro
2239 1000 2478 1059 nomine
2520 1000 2709 1078 posita
2755 1006 2991 1060 tantun-

366 1101 552 1162 5dem
621 1120 814 1182 paene
877 1103 1166 1179 significat
1230 1120 1666 1182 personamque
1723 1100 2021 1162 interdum
2081 1103 2311 1181 recipit.
2403 1102 2530 1172 Quo
2586 1101 2762 1161 modo
2818 1102 2837 1132 ‘
2857 1120 2992 1180 pars

410 1204 768 1265 orationis’?
837 1205 980 1281 Pars
1025 1203 1356 1265 locutionis.
1443 1222 1561 1283 quo
1605 1203 1782 1263 modo
1829 1205 2016 1279 ‘quae
2060 1222 2169 1282 pro
2194 1204 2455 1267 ‚nomine
2499 1205 2756 1283 posita'?
2828 1204 2991 1274 Quae

410 1306 535 1365 vice
581 1308 839 1367 nominis
883 1308 1090 1386 posita.
1156 1306 1285 1376 Quo
1332 1305 1507 1366 modo
1555 1304 1936 1366 ‘tantundem
1981 1324 2169 1385 paene
2214 1305 2573 1382 signifieat’?
2620 1305 2767 1375 Quia
2798 1308 2990 1386 ipsum

409 1427 597 1487 paene
657 1409 975 1487 significat,
1033 1408 1191 1488 quod
1253 1416 1310 1468 et
1365 1426 1612 1477 nomen,
1677 1405 1780 1468 sed
1828 1425 1946 1467 non
1993 1406 2185 1486 plene.
2278 1408 2406 1478 Quo
2451 1407 2662 1467 modo?
2736 1409 2809 1467 vt
2851 1417 2989 1487 puta

409 1511 458 1569 si
516 1509 672 1570 dicat
727 1510 869 1570 mihi
927 1509 1179 1591 quilibet
1234 1511 1400 1590 ‘quis
1457 1511 1697 1589 scripsit
1752 1509 2113 1578 bucolica?’,
2174 1508 2305 1568 dieo
2349 1508 2645 1589 Virgilius.
2715 1512 2989 1587 georgica

337 1625 382 1666 ιο
409 1613 577 1690 quis?
642 1610 934 1690 Virgilius.
1025 1611 1323 1675 Aeneida?
1391 1611 1687 1689 Virgilius
1780 1630 1917 1671 ecce
1972 1628 2148 1691 saepe
2193 1613 2441 1691 repetita
2487 1611 2707 1673 locutio
2766 1613 2990 1691 proprii

410 1715 664 1774 nominis
710 1713 1006 1774 fastidium
1051 1721 1314 1791 generat.
1379 1713 1482 1774 sed
1528 1721 1593 1774 ut
1636 1714 1937 1774 fastidium
1969 1714 2270 1774 auferatur
2302 1722 2359 1774 et
2388 1724 2632 1775 ornatus
2677 1712 2990 1774 locutionis

409 1814 751 1884 inducatur,
799 1815 992 1878 ablato
1039 1818 1277 1877 nomine
1321 1818 1597 1896 ponimus
1643 1834 2003 1895 pronomen,
2053 1814 2210 1893 quod
2241 1834 2429 1894 paene
2458 1817 2650 1895 ipsum
2683 1818 2987 1895 significat,

323 1986 344 1998 κ
408 1918 562 1997 quod
612 1926 669 1978 et
715 1936 951 1979 nomen.
1045 1925 1110 1979 ut
1152 1928 1291 1998 puta
1336 1919 1502 1998 ‘quis
1546 1919 1784 1997 scripsit
1828 1916 2165 1978 bucolicai’
2221 1919 2368 1997 ipse.
2456 1917 2752 1979 Aeneida?
2807 1919 2984 1979 idem.

408 2020 544 2080 dum
591 2020 724 2081 dico
772 2039 1018 2089 nomen,
1068 2027 1125 2080 et
1170 2039 1266 2082 res
1311 2039 1461 2099 quae
1506 2020 1693 2081 sactae
1737 2027 1877 2081 sunt
1921 2028 1979 2080 et
2009 2021 2139 2100 quis
2183 2021 2419 2081 fecisset
2448 2020 2714 2081 ostendo.
2777 2020 2986 2081 tultum

332 2136 382 2175 15
410 2139 654 2191 nomen,
702 2124 958 2202 positum
1004 2141 1368 2203 pronomen,
1426 2142 1524 2182 res
1569 2141 1719 2202 quae
1775 2123 1962 2182 factae
2006 2130 2144 2183 sunt
2187 2121 2462 2193 ostendo:
2535 2141 2670 2183 nam
2715 2124 2845 2202 quis
2891 2142 2989 2183 eas

408 2224 547 2283 fecit
603 2243 720 2284 non
779 2225 1048 2286 ostendo,
1135 2227 1288 2285 sicut
1339 2226 1390 2285 si
1447 2224 1607 2284 dicas
1652 2225 1797 2285 mihi
1843 2225 2011 2301 ‘quis
2055 2225 2290 2303 scripsit
2335 2223 2786 2305 etymologiasi'
2855 2224 2985 2285 dico

404 2325 757 2387 ‘Isidorus'.
849 2345 988 2387 ecce
1046 2325 1265 2387 dictum
1324 2345 1540 2387 nomen
1599 2325 1839 2397 isidori,
1899 2333 1957 2386 et
2014 2343 2106 2386 res
2152 2345 2299 2406 quae
2344 2328 2533 2387 factae
2574 2333 2712 2387 sunt
2754 2333 2813 2385 et
2856 2328 2987 2405 quis

405 2428 645 2488 fecisset
689 2428 975 2498 ostendo;
1023 2430 1164 2489 item
1210 2428 1358 2489 dicis
1405 2428 1546 2488 mihi
1592 2431 1944 2509 ‘synonyma
1992 2429 2188 2507 quis?’
2236 2427 2368 2487 dico
2414 2430 2641 2508 ‘ipse’;
2690 2447 2827 2488 ecce
2874 2428 2984 2488 tul·

405 2538 531 2589 tum
577 2547 792 2590 nomen
840 2530 1080 2619 Isidori,
1128 2533 1385 2610 positum
1417 2550 1746 2610 pronomen
1780 2531 1931 2610 ipse,
1980 2549 2078 2591 res
2109 2549 2258 2610 quae
2306 2530 2493 2591 sactae
2537 2537 2676 2591 sunt
2706 2531 2981 2592 ostendo:

264 2710 268 2713 “
329 2646 379 2688 -20
408 2650 542 2692 nam
589 2632 688 2711 qui
734 2650 833 2692 eas
876 2633 1139 2701 fecisset,
1189 2651 1306 2694 non
1354 2633 1622 2694 ostendo.

1518 2735 1554 2773 ’ἓ
1683 2735 1717 2773 *
1837 2737 1870 2773 *
2272 2764 2279 2770 ·
2734 2762 2776 2803 p.
2806 2752 2856 2792 74
2883 2749 2933 2791 R.

574 2820 636 2880 ln
672 2819 889 2900 quibus
919 2819 1298 2900 qualitatibus
1322 2820 1668 2883 'dividuntur
1707 2823 2098 2902 pronomina?
2143 2822 2403 2883 Donatus
2433 2822 2698 2883 delinivit
2726 2824 2784 2882 in
2819 2822 2981 2892 duas,

410 2921 466 2981 id
514 2930 601 2982 est
644 2924 703 2983 in
761 2925 988 2984 linitum
1047 2931 1105 2984 et
1158 2925 1217 2983 in
1276 2925 1602 2993 infinitum3
1665 2923 1895 2985 Probus
1952 2925 2011 2985 in
2060 2933 2373 3002 quattuor,
2421 2925 2644 2985 finitum
2692 2926 2983 2985 infinitum

409 3023 720 3084 articulare
778 3033 837 3085 et
892 3028 1317 3104 possessivum;
1376 3026 1694 3106 Pompeius
1748 3028 1809 3086 in
1856 3028 2061 3104 viginti
2108 3045 2314 3095 unam,
2373 3026 2431 3086 id
2492 3035 2581 3088 est
2637 3028 2796 3088 finita
2851 3029 2982 3094 tria.

408 3142 516 3203 ego
561 3133 619 3187 tu
666 3126 792 3195 ille,
840 3129 1032 3188 minus
1081 3146 1255 3207 qnam
1307 3128 1467 3188 finita
1512 3147 1643 3197 sex,
1701 3129 1831 3207 ipse
1876 3129 1985 3188 iste
2043 3127 2137 3189 hic
2181 3131 2231 3188 is
2276 3127 2430 3188 idem
2478 3137 2536 3189 et
2580 3130 2698 3199 sui,
2757 3130 2981 3190 infinita

329 3242 380 3282 25
405 3234 660 3306 septem,
709 3229 840 3308 quis
885 3229 1076 3307 qualis
1121 3229 1252 3291 t'alis
1282 3238 1533 3310 quantus
1578 3238 1775 3290 tantus
1819 3237 2033 3310 quotus
2078 3240 2136 3291 et
2179 3238 2367 3298 totus;
2427 3233 2755 3311 possessiva
2813 3234 2982 3313 quin-

405 3346 550 3408 que,
598 3349 765 3392 meus
811 3340 944 3393 tuus
987 3350 1128 3392 suus
1175 3342 1375 3393 noster
1421 3339 1632 3393 vester.

1511 3430 1547 3468 *
1675 3430 1710 3468 ’f‘
1835 3431 1870 3469 '⁸
2734 3465 2774 3506 p.
2803 3454 2853 3493 80
2882 3451 2931 3492 R.

574 3517 881 3596 Quisquis:
923 3521 1053 3599 quis
1088 3537 1436 3601 pronomen,
1467 3521 1597 3599 quis
1620 3519 1921 3591 similiter;
1963 3539 2033 3581 ex
2070 3520 2299 3582 duobus
2323 3523 2772 3602 pronominibus
2798 3544 2980 3586 unum

407 3625 494 3678 est
524 3637 853 3698 pronomen
881 3623 1295 3700 compositum.
1341 3621 1648 3691 Quisnam:
1682 3624 1815 3702 quis
1837 3640 2167 3702 pronomen
2194 3632 2298 3694 est,
2336 3643 2470 3686 nam
2495 3629 2831 3688 coniunctio
2863 3636 2979 3696 est:

405 3729 462 3781 ct
487 3729 572 3782 est
596 3724 985 3802 compositum
1013 3741 1340 3802 pronomen
1366 3742 1436 3785 ex
1460 3723 1691 3785 duobus
1713 3726 1981 3804 integris,
2001 3725 2281 3796 Quisnam
2307 3727 2617 3788 masculini
2640 3732 2876 3806 generis
2896 3741 2985 3791 est

324 3836 375 3877 80
402 3830 500 3883 aut
528 3825 837 3885 feminini?
893 3824 1070 3904 Apud.
1089 3832 1319 3886 veteres
1350 3844 1664 3888 commune
1694 3845 1886 3904 genus
1915 3827 2263 3915 habebatur.
2328 3831 2409 3890 Da
2444 3832 2569 3891 eius
2600 3832 2949 3912 exemplum.

705 3927 1053 3997 Quisnam
1101 3935 1298 3989 estu
1344 3927 1639 3998 mulier,
1692 3947 1877 4008 quae
1922 3938 2062 3991 tam
2110 3932 2558 3993 inconsueto
2604 3952 2982 4015 nuncupas

2361 4055 2399 4096 n
2416 4053 2450 4094 o
2466 4037 2553 4096 mi
2572 4054 2606 4095 n
2625 4056 2675 4097 e.

400 4129 732 4210 Quispiam:
793 4134 923 4212 quis
978 4150 1310 4211 pronomen
1362 4142 1473 4201 est,
1520 4134 1680 4213 piam
1725 4141 2074 4213 corruptum
2120 4143 2237 4205 est;
2295 4146 2354 4198 et
2398 4147 2485 4197 est
2531 4158 2601 4199 ex
2647 4141 2878 4217 integro
2923 4148 2982 4200 et

400 4239 683 4313 corrupto
743 4251 922 4295 unum
978 4252 1309 4313 pronomen
1367 4235 1780 4314 compositum.
1872 4236 2051 4298 Cuius
2115 4241 2354 4316 generis
2420 4241 2545 4302 est?
2619 4243 2977 4311 CommuniS‚

322 4344 374 4384 ³⁵
401 4336 690 4414 quispiam
737 4337 850 4410 vir,
899 4337 1189 4416 quispiam
1237 4335 1476 4406 mulier,
1523 4335 1744 4416 aliquid
1791 4346 1851 4398 et
1893 4346 2108 4400 cetera.

1514 4438 1549 4475 ’ie
1679 4435 1713 4472 ’Β
1828 4435 1864 4473 ’k

543 4589 605 4639 14
639 4587 864 4656 fecisset]
909 4589 1089 4642 suisset
1119 4592 1166 4641 R
1272 4589 1471 4657 tultum]
1515 4591 1734 4642 ablatum
1764 4601 1973 4658 utroque
2004 4596 2114 4644 Ioco
2149 4600 2380 4647 correxit
2412 4598 2576 4647 editor
2616 4598 2863 4650 Romanus

403 4658 466 4708 17
505 4658 738 4708 esidorus
777 4659 890 4710 RB
1023 4662 1212 4712 esidori
1247 4661 1354 4711 RB
1496 4662 1559 4712 19
1593 4663 1780 4712 esidori
1817 4663 1925 4714 RB
2063 4664 2132 4716 23
2168 4665 2459 4734 Pompeius]
2501 4685 2554 4733 p.
2595 4669 2717 4723 235.
2755 4672 2860 4722 239
2894 4673 2976 4727 ed.

401 4728 556 4778 Lina.
723 4731 793 4779 29
829 4746 893 4780 ex
928 4731 1129 4782 duobus
1168 4730 1402 4798 integris]
1445 4746 1509 4780 ex
1545 4732 1742 4799 integro
1788 4742 1836 4782 et
1872 4745 2106 4801 corrupto
2145 4736 2250 4786 RB
2413 4740 2644 4800 quisnam
2683 4739 2735 4787 B
2775 4743 2890 4804 quis
2932 4744 2976 4793 R

537 4797 602 4848 31
642 4797 896 4865 quisnam]
946 4804 1138 4855 Pacuv.
1181 4802 1326 4854 Meci.
1361 4804 1548 4866 fraym.
1591 4804 1659 4852 20
1693 4804 1775 4854 ed.
1811 4803 1956 4858 Bibe,
2100 4821 2248 4869 quem
2287 4815 2418 4857 etam
2457 4810 2753 4860 inconsnotu
2792 4812 2842 4863 B

379 4866 465 4921 ,34
503 4869 638 4935 piam
671 4894 738 4905 -—
774 4870 1032 4940 corrupto]
1077 4887 1190 4923 nam
1226 4872 1509 4923 coniunctio
1546 4882 1622 4924 est
1656 4881 1704 4923 et
1739 4884 1906 4925 estex
1945 4875 2143 4926 duobus
2182 4877 2397 4943 integris
2431 4878 2538 4929 RB
