3541 5564
593 334 675 398 74
1709 332 2002 395 CLEDON
2010 332 2060 392 11

642 458 684 498 p.
715 447 827 486 19³1.
856 446 904 484 32
932 443 977 483 ι).

593 544 725 592 nes,
760 543 910 603 quae
943 523 1165 583 similes
1197 531 1362 591 sunt,
1395 540 1633 601 semper
1665 520 1928 581 causales
1957 528 2114 580 sunt.
2153 517 2237 600 [et
2267 521 2567 580 enimvero
2592 521 2727 599 quia
2761 537 2875 597 qua
2908 519 3158 599 quidem.

590 626 885 703 aliquanta
918 625 1056 686 hinc
1089 642 1400 703 possumus
1445 622 1791 701 intellegere
1811 671 1824 692 ,
1858 624 1992 703 quia
2025 642 2231 683 omues
2276 623 2721 683 coniunctiones
2753 641 2783 682 a
2817 623 3160 682 terminatae

388 738 503 795 389,
532 738 565 785 9
589 728 798 805 longae
831 736 968 788 sunt
996 725 1220 806 absque
1251 724 1506 793 duabus,
1557 727 1693 804 quia
1727 734 1786 785 et
1821 725 1945 803 ita].
1980 758 2064 769 -
2096 724 2413 802 Figurae
2458 726 3116 785 coniunctionum:
3154 721 3162 802 Ι

589 833 772 907 figura
806 828 1323 889 coniunctionibus
1367 826 1605 895 accidit,
1653 827 1806 887 sicut
1851 828 2067 888 ceteris
2111 826 2406 906 partibuS‚
2455 845 2565 887 nec
2608 825 2947 904 ambiguum
2980 834 3068 887 est
3098 844 3166 885 ex

504 942 564 989 10
588 938 864 1010 quattuor
895 929 1160 1009 partibus
1190 930 1633 999 coniunctiones
1662 946 1837 1007 posse
1876 930 2153 1008 conponi.
2184 964 2266 973 —
2311 929 2500 990 Ordo
2546 929 3165 989 coniunctionum
3192 942 3217 981 ⁵

587 1035 656 1094 in
715 1033 849 1093 hoc
908 1041 1047 1093 est:
1103 1039 1242 1092 sunt
1296 1030 1527 1111 aliquae
1585 1031 2032 1091 coniunctiones
2085 1049 2235 1111 quae
2293 1030 2563 1091 ordinem
2619 1032 2877 1110 primum
2944 1038 3166 1098 tenent,

588 1134 858 1196 ultimum
917 1142 975 1193 et
1028 1133 1316 1202 medium,
1374 1141 1440 1193 ut
1493 1133 1617 1193 ‘ast
1661 1136 1826 1209 ego'‚
1875 1151 1995 1193 non
2053 1132 2304 1193 dicimus
2349 1133 2498 1210 ‘ego
2542 1134 2700 1200 ast';
2761 1150 3002 1211 semper
3058 1132 3168 1192 sibi

589 1238 944 1317 principium
1015 1236 1282 1296 vindicat.
1367 1235 1524 1296 unde
1579 1234 1854 1295 Horatius
1911 1236 2161 1303 erravit,
2230 1234 2330 1314 qui
2396 1234 2569 1304 dixit,
2626 1238 2726 1295 ‘at
2780 1253 2815 1294 o
2870 1234 3166 1294 deorum

587 1339 976 1418 luppiter’,
1039 1339 1175 1416 quia
1234 1338 1498 1397 vitiosum
1559 1344 1649 1397 est
1704 1338 1762 1397 in
1825 1338 2113 1416 principio
2170 1356 2201 1397 a
2248 1337 2677 1397 coniunctione
2721 1338 3019 1416 incipere;
3065 1335 3167 1396 sed

587 1447 917 1509 excusatur,
965 1441 1098 1518 quia
1145 1438 1473 1500 inchoativa
1521 1440 1858 1499 coniunctio
1905 1446 2021 1509 cst,
2070 1439 2206 1518 quia
2252 1457 2458 1499 omnes
2503 1438 2868 1498 inchoativae
2914 1439 3166 1516 primum
3196 1452 3241 1488 10

501 1555 561 1602 1⁶2.
589 1544 699 1603 sibi
747 1542 1042 1603 vindicant
1083 1541 1300 1601 locum.
1341 1575 1407 1586 --
1446 1540 1573 1611 Que
1621 1560 1859 1619 semper
1903 1541 2297 1619 postponitur,
2349 1547 2412 1600 ut
2456 1543 2689 1601 ‘arma
2738 1541 3168 1618 virumque',

590 1646 1030 1723 primusque
1086 1641 1491 1703 Machaon'.
1583 1650 1778 1703 autem
1835 1641 2160 1702 secundum
2219 1641 2514 1703 licentiam
2571 1643 2946 1721 antiquorum
2994 1641 3166 1701 etiam

589 1748 1001 1825 praeponitur,
1065 1755 1128 1806 ut
1181 1744 1422 1806 Plautus
1479 1745 1715 1804 ‘autem
1774 1746 1900 1805 l'ac'
1959 1752 2019 1805 et
2071 1746 2302 1805 ‘autem
2361 1744 2506 1804 haec
2562 1742 2808 1804 mulier'
2855 1762 2963 1822 pro
3023 1742 3165 1802 haec

588 1856 782 1908 autem
841 1846 1071 1909 mulier.
1162 1846 1283 1906 illic
1331 1847 1488 1906 enim
1527 1843 1537 1925 Ι
1576 1846 2037 1924 hysterologiam
2083 1846 2253 1914 fecit,
2312 1846 2468 1925 quod
2517 1854 2576 1906 et
2628 1847 2688 1906 in
2733 1844 2861 1906 aliis
2905 1844 3170 1924 partibus

589 1953 651 2011 lit
694 1969 724 2009 a
772 1952 997 2029 poetiS,
1048 1956 1112 2009 ut
1156 1952 1525 2009 ‘transtra
1572 1967 1699 2026 per
1745 1957 1814 2007 et
1859 1950 2153 2010 remos’.
2217 1957 2355 2009 sunt
2399 1948 2646 2017 mediae,
2694 1954 2758 2007 ut
2800 1948 3005 2025 igitur:
3055 1964 3165 2025 qua
3194 1961 3240 1999 15

586 2059 753 2131 parte
786 2050 1055 2121 voluero,
1092 2051 1338 2112 licenter
1379 2068 1564 2129 pono,
1612 2058 1671 2110 et
1700 2058 1814 2111 stat
1845 2049 2126 2120 elocutio,
2162 2057 2227 2110 ut
2257 2052 2470 2128 ‘igitur
2501 2049 2616 2109 boc
2646 2051 2890 2110 saciam’
2922 2058 2980 2108 et
3024 2049 3169 2108 ‘boc

585 2154 759 2231 igitur
798 2154 1102 2227 saciam’:
1164 2150 1452 2230 Vergilius
1498 2150 1805 2211 ‘iliacas
1862 2154 2097 2230 igitur
2154 2151 2492 2221 classes’,
2541 2151 2854 2213 Sallustius
2898 2152 3168 2228 ‘igitur

501 2271 561 2317 ιο
586 2257 808 2317 initio
840 2259 1110 2333 reges’.
1150 2289 1226 2299 —
1261 2254 1914 2314 coniunctionum:
1963 2255 2411 2315 coniunctiones
2442 2260 2888 2334 praeponuntur
2919 2271 3166 2313 numero

586 2365 751 2427 octo,
812 2364 879 2417 at'
924 2377 992 2418 ac
1035 2365 1125 2417 ast
1179 2358 1298 2416 sive
1355 2374 1457 2415 seu
1519 2354 1605 2415 vel
1653 2356 1744 2416 sin
1792 2364 1920 2423 aut;
1978 2354 2414 2434 subiunguntur
2459 2375 2710 2417 numero
2756 2358 3049 2435 quinque,
3101 2374 3167 2413 ve

585 2479 697 2539 que
744 2462 900 2519 enim
959 2476 1196 2538 quoque
1254 2466 1446 2518 autem
1507 2455 1734 2537 [autem
1783 2469 1840 2517 et
1884 2459 2268 2537 praeponitur
2314 2466 2373 2517 et
2416 2455 2856 2537 subiungitur];
2917 2476 3164 2536 praepo·
3192 2474 3238 2510 ευ

587 2570 809 2622 nuntur
857 2569 916 2619 et
956 2560 1396 2636 subiunguntur
1443 2576 1852 2638 quaecumque
1900 2568 2062 2619 extra
2108 2558 2317 2620 harum
2364 2579 2674 2620 numerum
2709 2567 3164 2637 cognoscuntur.

499 2678 560 2725 16
754 2662 921 2722 Nam
968 2669 1039 2722 ct
1069 2661 1651 2721 coniunctiones
1681 2679 1814 2740 pro
1845 2660 2019 2721 aliis
2050 2661 2753 2722 coniunctionibus:
2789 2669 3019 2723 veteres
3050 2663 3166 2722 l're-

585 2773 836 2845 quenter
866 2764 1310 2825 coniunctiones
1340 2780 1449 2841 pro
1480 2762 1997 2825 coniunctionibus
2026 2763 2345 2843 ponebant,
2374 2762 2463 2844 [et
2482 2762 2745 2825 causales
2775 2784 2884 2844 pro
2915 2766 3171 2825 rationa-

484 2855 493 2874 ⁸
585 2866 764 2947 libus]
814 2877 878 2928 ut
920 2866 1476 2945 ‘subiectisque
1522 2884 1741 2927 urere
1788 2865 2139 2925 l'lainmis'
2180 2861 2191 2947 Ι
2231 2885 2340 2945 pro
2385 2863 2785 2935 subiectisvc,‘
2833 2866 3163 2947 copulativa

582 2988 691 3047 pro
737 2968 1082 3029 disiunctiva
1131 2966 1223 3047 [ut
1268 2965 1483 3048 prius].
1563 2986 1636 3027 ne
1682 2968 1881 3027 iuncta
1929 2969 2267 3028 coniunctio
2313 2977 2435 3039 est,
2483 2976 2754 3048 separata
2799 2969 3162 3037 adverbium,
3191 2983 3240 3022 2⁵

581 3079 643 3130 ut
690 3072 817 3130 ‘ne
863 3068 1246 3150 trepidate
1292 3088 1366 3129 m.
1415 3069 1512 3130 T.'
1586 3077 1645 3130 at
1690 3088 1798 3148 per
1844 3076 1866 3129 t
1910 3070 2247 3147 coniunctio
2295 3077 2410 3140 est,
2470 3089 2579 3149 per
2624 3070 2659 3130 d
2707 3072 3082 3151 praepositio.
3134 3069 3162 3153 ΙΙ

581 3180 682 3231 aut
725 3173 775 3230 si
819 3172 946 3231 sine
994 3171 1030 3230 h
1066 3171 1425 3249 aspiratione
1473 3177 1532 3230 et
1576 3172 1635 3230 in
1682 3178 1705 3230 t
1750 3172 1898 3241 exit,
1947 3174 2286 3234 coniunctio
2335 3181 2450 3241 est;
2497 3175 2546 3233 si
2592 3193 2732 3234 vero
2766 3193 2899 3234 cum
2933 3173 2972 3233 h
3004 3176 3160 3253 aspi-

580 3275 811 3334 ratione
857 3280 915 3332 et
959 3274 1018 3332 in
1065 3273 1101 3332 d
1150 3274 1299 3342 exit,
1347 3271 1711 3333 adverbium.
1786 3291 1855 3333 ve
1897 3274 2094 3334 iuncta
2129 3277 2467 3335 coniunctio
2515 3284 2629 3345 est,
2676 3282 2943 3355 separata
2983 3278 3163 3335 inter-

580 3377 754 3435 iectio
802 3383 917 3443 est,
981 3374 1067 3434 vel
1125 3383 1394 3454 separata
1443 3373 1788 3436 adverbium
1835 3385 1954 3445 est,
2015 3377 2212 3438 iuncta
2274 3377 2610 3437 coniunctio
2669 3386 2758 3438 est
2814 3387 2873 3438 et
2925 3395 3164 3455 gravem

579 3485 888 3538 accentum
935 3478 1008 3546 in
1043 3478 1457 3537 coniunctione
1502 3475 1707 3550 habet,
1753 3479 1816 3538 in
1863 3478 2139 3538 adverbio
2186 3486 2442 3538 acutum.
2521 3497 2786 3559 quoque,
2835 3481 2883 3540 si
2917 3477 3165 3538 ablativo
3192 3496 3238 3534 30

580 3580 745 3638 casui
791 3596 908 3638 non
954 3578 1340 3657 respondeat,
1399 3579 1735 3638 coniunctio
1784 3586 1901 3646 est;
1962 3582 2013 3640 si
2069 3578 2386 3640 ablativum
2445 3580 2748 3649 habuerit,
2812 3600 3161 3661 pronomen,

584 3688 647 3740 ut
690 3700 720 3740 a
766 3698 1020 3759 quoque.
1111 3699 1327 3759 porro,
1395 3681 1444 3740 si
1490 3699 1629 3741 vero
1675 3681 1991 3759 significat,
2053 3682 2393 3742 coniunctio
2440 3689 2558 3749 est:
2605 3685 2654 3742 si
2701 3683 2906 3759 longe,
2955 3683 3162 3745 adver·

579 3780 742 3841 bium
802 3783 1098 3860 temporis
1178 3782 1444 3861 quando,
1503 3783 1552 3841 si
1607 3789 1896 3862 quatenus
1952 3783 2242 3860 significat
2297 3785 2632 3845 coniunctio
2690 3793 2808 3852 est,
2869 3786 2919 3845 si
2975 3783 3162 3846 dicam

720 3986 842 4036 eod.
886 3986 1041 4038 Ber-n.
1073 3985 1191 4035 Xlll
1232 3984 1444 4037 2-3*.
1576 3986 1608 4034 ⁷
1647 3986 1872 4035 ultimam
1976 3986 2009 4036 8
2041 3985 2231 4035 oratius
2338 4003 2364 4034 a
2398 3989 2494 4037 deo
2533 3988 2740 4037 ‹leorum
2853 3992 2914 4040 12
2952 3991 3160 4041 machon

723 4056 783 4107 14
816 4055 1172 4120 ysterologiam
1287 4057 1350 4108 16
1387 4064 1437 4105 et
1466 4056 1624 4122 igitur
1658 4055 1756 4106 hoc
1794 4056 1976 4105 faciam
2013 4056 2111 4105 hoc
2141 4057 2298 4121 igitur
2327 4059 2573 4123 uel-gilius
2684 4061 2747 4112 19
2775 4059 2845 4127 at]
2880 4062 2944 4110 ad
3054 4059 3158 4126 aui]

580 4137 745 4175 antem
890 4126 957 4174 20
995 4140 1196 4188 quoquc
1233 4126 1419 4176 antemi
1457 4138 1624 4175 autem
1767 4128 1834 4176 24
1870 4123 1946 4190 ut]
1988 4137 2036 4175 et
2176 4126 2518 4192 copulatiuam
2558 4144 2650 4193 pro
2687 4131 3046 4180 disiunctiuam

579 4198 647 4246 26
685 4193 755 4261 at]
792 4203 878 4244 aut
977 4211 1067 4261 per
1103 4194 1156 4262 d]
1198 4211 1289 4261 per
1319 4196 1383 4245 de
1485 4194 1552 4248 30
1579 4195 1849 4246 adcentum
1885 4197 2039 4256 (νονν.
2071 4198 2138 4246 al.
2168 4215 2299 4251 man.
2343 4198 2634 4263 accentum)
2669 4201 2716 4248 iu
2758 4202 3161 4250 coniunctionem

722 4404 745 4454 1
779 4403 897 4465 quia
930 4418 1085 4464 quare
1117 4402 1319 4465 quidem
1359 4400 1633 4452 Parsa-him.
1666 4401 1979 4452 scribendum
2010 4405 2347 4468 potiusquia,
2379 4414 2704 4470 quapropter,
2745 4408 3002 4467 qnoniam,
3041 4423 3161 4469 quo-

582 4474 713 4521 niam
752 4474 974 4536 quidem,
1008 4481 1061 4522 ut
1094 4473 1219 4522 haec
1248 4489 1457 4538 quoque,
1485 4474 1613 4520 siem
1646 4488 1707 4520 ea
1734 4488 1864 4536 qnae
1889 4474 2219 4534 praecedunt,
2250 4474 2322 4522 ad
2350 4475 2539 4528 Donat.
2567 4492 2620 4537 p.
2652 4474 2772 4537 389,
2792 4477 2826 4526 8
2853 4478 3157 4538 pertineant.

578 4560 641 4591 ea
671 4553 831 4593 aulem
857 4560 987 4609 quae
1011 4553 1288 4610 sequuntur
1312 4543 1384 4592 acl
1413 4544 1673 4592 discrimen
1711 4544 2064 4592 coniunctionis
2085 4552 2134 4591 ee
2169 4545 2384 4593 aliumne
2409 4546 2625 4605 parcium
2658 4549 2903 4595 orationis
2933 4555 3164 4611 spectare

577 4615 804 4663 videntur·
944 4615 977 4664 8
1016 4609 1273 4676 Horatius]
1314 4615 1461 4675 epod.
1498 4614 1559 4672 5,
1602 4613 1625 4663 l
1667 4623 1716 4660 at
1755 4627 1785 4661 o
1828 4612 2036 4662 deorum
2076 4614 2324 4677 quidquid
2357 4614 2404 4661 in
2446 4615 2587 4663 caelo
2625 4616 2756 4680 regit
2901 4618 2958 4666 ll
2999 4614 3157 4682 arma]

588 4686 741 4747 Ver-9.
782 4684 957 4736 Aen.1
995 4685 1019 4735 l
1131 4684 1194 4732 12
1235 4680 1550 4749 primusque]
1604 4684 1762 4746 Very.
1797 4683 1923 4731 Aen.
1959 4684 1996 4731 ll
2037 4682 2137 4732 263
2252 4684 2316 4733 15
2348 4683 2588 4749 transtra]
2631 4687 2789 4749 Vera.
2826 4686 2953 4739 Aen,
2994 4688 3034 4733 V
3060 4685 3163 4736 663

719 4754 779 4804 17
823 4752 1021 4820 lliacas]
1061 4754 1219 4817 Vera.
1260 4754 1391 4803 Aen.
1434 4754 1519 4802 llll
1548 4753 1649 4802 537
1760 4752 2052 4820 Sallustius]
2095 4754 2243 4808 Catil,
2272 4755 2322 4813 2,
2355 4750 2378 4801 1
2490 4755 2556 4804 24
2594 4753 2954 4822 subiectisque]
3004 4758 3160 4820 Ver-9.

582 4823 711 4874 Aen.
749 4825 789 4872 ll
825 4823 891 4874 37
1033 4825 1100 4873 26
1138 4839 1198 4872 ue
1237 4820 1508 4888 trepidate]
1555 4823 1712 4887 Very.
1744 4822 1873 4876 Aen.
1912 4825 2045 4874 Vllll
2081 4823 2178 4874 114
