3541 5564
1453 368 1927 430 COMMENTVM
2849 367 2972 431 307

2606 489 2649 531 p.
2675 478 2854 519 «ετ-το
2880 477 2924 517 1..

393 564 483 617 est
527 555 866 627 umbrosas,
916 558 1233 649 significat.
1322 558 1676 635 metonymia
1734 565 1823 619 est
1880 556 2166 634 quaedam
2223 557 2639 618 denominatio.
2728 565 2793 617 ut
2835 564 2974 637 puta

392 658 747 739 plerumque
804 679 835 719 a
891 658 1071 720 rebus
1129 658 1569 721 continentibus
1622 658 1681 718 id
1736 658 1896 739 quod
1942 660 2277 719 continetur
2321 659 2828 726 demonstramus,
2876 665 2978 718 aut

392 761 467 822 ab
511 764 820 823 inventore
865 763 923 823 id
976 761 986 843 Ι
1034 763 1190 842 quod
1249 764 1545 823 inventum
1609 768 1699 822 est
1752 760 2244 822 demonstramus,
2335 770 2400 821 ut
2453 769 2593 842 puta
2652 765 2757 821 ‘et
2814 762 2973 820 vina

393 872 800 925 coronant'
859 883 970 945 pro
1018 884 1088 926 eo
1133 863 1289 943 quod
1339 873 1426 926 est
1470 872 1707 943 pateras
1764 869 2084 924 coronant:
2147 882 2296 942 quae
2352 865 2659 924 continent
2713 862 2768 922 id
2817 861 2975 942 quod

343 985 368 1023 5
394 968 730 1028 continetur
776 967 1051 1027 ostendit.
1138 986 1170 1026 e
1214 968 1513 1028 contrario
1557 965 1673 1026 alio
1716 964 1850 1026 loco
1893 968 2090 1045 posuit
2135 971 2361 1025 ‘nunc
2405 972 2700 1045 pateras
2745 963 2977 1026 libate

394 1067 612 1128 deis':
670 1069 868 1129 vinum
926 1067 1208 1139 libamus,
1268 1087 1387 1129 non
1444 1075 1707 1147 pateras;
1764 1067 1869 1128 sed
1926 1068 1998 1129 ab
2058 1087 2129 1128 eo
2183 1067 2340 1147 quod
2396 1070 2661 1129 continet
2712 1067 2771 1127 id
2818 1068 2974 1147 quod

393 1172 734 1231 continetur
765 1170 1038 1231 ostendit.
1072 1178 1174 1230 aut
1203 1170 1277 1231 ab
1308 1172 1614 1231 inventore
1644 1170 1701 1230 id
1736 1169 1891 1249 quod
1925 1172 2227 1231 inventum
2261 1177 2368 1238 est,
2402 1178 2468 1230 ut
2492 1172 2687 1230 ‘sine
2710 1170 2977 1230 Cerere

395 1280 463 1332 et
518 1270 789 1333 Libero
842 1274 1079 1350 friget
1122 1275 1420 1342 Venus',
1476 1272 1535 1332 id
1593 1281 1684 1332 est
1742 1274 1871 1333 sine
1915 1291 2070 1352 pane
2116 1281 2174 1332 et
2218 1273 2379 1332 vino:
2437 1280 2536 1332 aut
2580 1293 2612 1331 e
2658 1274 2975 1336 contrario.

394 1374 451 1433 id
498 1383 586 1433 est

318 1494 368 1530 ιο
696 1477 937 1536 vinum
985 1495 1398 1555 precemur,
1449 1494 1604 1537 nam
1652 1476 1769 1537 hic
1816 1476 1993 1536 dens
2036 1495 2398 1555 praesens
2442 1475 2680 1537 adest:

393 1579 609 1646 vinum,
657 1578 715 1638 id
762 1587 851 1639 est
892 1578 1193 1640 Liberum.

561 1682 978 1742 Autonomasia
1026 1688 1084 1740 et
1129 1679 1428 1760 epitheton
1477 1681 1628 1759 tropi
1677 1688 1816 1740 sunt
1858 1680 1968 1740 sibi
2015 1682 2207 1741 vicini.
2291 1699 2425 1741 nam
2474 1688 2532 1739 et
2575 1681 2975 1741 antonomasia

395 1802 425 1842 a
486 1782 677 1843 trihus
730 1782 913 1843 rebus
966 1781 1250 1853 trahitur,
1310 1792 1369 1843 et
1424 1783 1729 1865 epitheton
1777 1803 1808 1843 a
1864 1781 2053 1843 tribus
2100 1782 2280 1843 rebus
2323 1783 2606 1852 trahitur,
2663 1782 2723 1842 id
2770 1790 2859 1844 est
2903 1781 2977 1844 ab

395 1887 621 1953 animo,
678 1903 711 1944 a
768 1902 1048 1963 corpore,
1107 1886 1495 1945 extrinsecus.
1586 1895 1724 1964 puta
1785 1883 1959 1944 ‘felix
2014 1886 2275 1945 Aeneas'
2335 1886 2742 1946 antonomasia
2801 1893 2892 1945 est
2945 1904 2977 1949 a

318 2003 368 2041 ιε»
396 1987 660 2053 fortuna:
732 1987 780 2045 si
837 1986 1001 2046 dicas
1058 1989 1504 2065 ‘magnanimus
1560 1987 1842 2058 Aeneas',
1899 1989 2301 2048 antonomasia
2360 1995 2449 2047 est
2505 1985 2579 2046 ab
2634 1988 2860 2055 animo;
2928 1988 2979 2046 si

394 2088 556 2148 dicas
611 2090 816 2149 ‘sortis
869 2089 1162 2158 Aeneas',
1223 2090 1629 2150 antonomasia
1690 2098 1778 2149 est
1831 2108 1863 2148 a
1922 2108 2195 2169 corpore.
2287 2107 2429 2167 ergo
2486 2090 2889 2150 antonomasia
2945 2108 2976 2148 a

393 2190 583 2250 tribus
627 2189 811 2250 rebus
855 2189 1137 2260 trahitur,
1185 2190 1258 2251 ah
1304 2192 1529 2260 animo,
1579 2209 1608 2250 a
1658 2209 1937 2270 corpore,
1988 2193 2374 2252 extrinsecus,
2466 2191 2770 2270 epitheton
2816 2191 2977 2251 simi·

395 2291 550 2352 liter.
617 2291 758 2369 quid
805 2310 947 2369 ergo
993 2294 1104 2352 erit
1149 2294 1306 2353 inter
1350 2295 1797 2353 antonomasian
1845 2301 1905 2354 et
1950 2292 2292 2374 epitheton?
2338 2292 2481 2352 dicit
2525 2292 2681 2373 quod
2729 2301 2975 2353 antono-

396 2395 575 2453 masia
623 2384 746 2454 vice
802 2392 1078 2474 no{minis
1133 2396 1401 2473 ponitur,
1463 2394 1765 2474 epitheton
1826 2414 1959 2456 cum
2007 2397 2246 2456 nomine
2291 2395 2549 2473 ponitur.
2639 2404 2781 2474 puta
2825 2395 2979 2474 siqui

319 2495 552 2556 eodicat
607 2495 770 2555 verbi
826 2515 1002 2557 causa
1058 2501 1234 2556 ‘ecce
1290 2498 1420 2576 pius
1475 2498 1638 2557 venit
1691 2498 1980 2567 iuvenis',
2046 2504 2104 2556 et
2157 2496 2297 2556 velit
2348 2498 2684 2574 significare
2739 2500 2976 2557 Aenean

394 2596 645 2657 dicendo
692 2601 868 2658 ‘ecce
924 2599 1056 2677 pius
1111 2600 1269 2659 venit
1324 2600 1607 2669 iuvenis’,
1666 2599 1844 2659 modo
1890 2601 2295 2661 antonomasia
2343 2607 2460 2667 est;
2507 2600 2557 2658 si
2602 2599 2760 2660 dicat
2804 2600 2979 2659 ‘ecce

393 2702 524 2780 pius
580 2701 736 2761 venit
791 2703 1070 2769 Aeneas’,
1127 2702 1243 2762 iam
1299 2719 1420 2762 non
1476 2712 1565 2762 est
1619 2703 2054 2772 antonomasia,
2112 2700 2218 2763 sed
2277 2700 2597 2781 epitheton.
2691 2700 2834 2761 nihil
2893 2709 2981 2761 est

396 2805 553 2864 enim
600 2803 902 2884 epitheton
958 2804 1073 2864 nisi
1131 2805 1534 2865 antonomasia
1579 2807 1778 2865 iuncta
1827 2805 2069 2866 nomini.
2159 2805 2273 2865 hoc
2316 2807 2571 2866 interest
2611 2806 2767 2866 inter
2812 2813 2978 2865 anto-

339 2913 349 2921 ·
397 2906 703 2965 nomasian
752 2912 810 2966 et
855 2905 1187 2985 epitheton,
1237 2905 1395 2983 quod
1426 2908 1827 2968 antonomasia
1861 2908 1988 2967 vice
2034 2909 2290 2968 nominis
2334 2909 2626 2984 fungitur,
2676 2906 2977 2986 epitheton

316 3024 368 3064 25
397 3026 536 3068 vero
589 3025 723 3068 cum
770 3009 899 3087 ipso
945 3010 1185 3069 nomine
1228 3010 1488 3088 ponitur.
1578 3011 1707 3069 vice
1762 3011 2018 3069 nominis
2072 3010 2289 3089 posita,
2347 3008 2403 3068 id
2454 3016 2541 3068 est
2586 3007 2739 3077 sola,
2787 3008 2977 3087 ‘ipse

395 3109 669 3169 arduus
723 3106 1019 3190 altaque
1079 3110 1325 3191 pulsat
1380 3111 1667 3171 sidera'
1712 3128 1751 3164 ff
1821 3120 1885 3172 ut
1928 3110 2123 3171 ‘dira
2171 3108 2549 3171 Celaeno':
2611 3128 2749 3171 ecce
2796 3111 2846 3169 si
2891 3110 2977 3169 di-

397 3220 560 3271 ceret
606 3210 733 3272 dira
780 3221 1003 3274 tantum
1052 3213 1257 3282 modo,
1305 3214 1751 3273 antonomasian
1796 3213 2045 3282 faceret3
2094 3211 2345 3273 dicendo
2377 3212 2630 3274 Celaeno
2676 3213 2816 3273 fecit
2860 3214 2980 3292 epi-

396 3314 622 3375 theton.
684 3314 836 3375 ‘dia
870 3313 1242 3375 Camilla':
1290 3317 1340 3376 si
1383 3317 1498 3376 hoc
1542 3314 1728 3375 solum
1777 3312 2003 3375 diceret
2048 3314 2172 3386 dia,
2220 3322 2380 3375 esset
2421 3316 2843 3376 antonomasia.
2908 3334 2977 3374 ex

395 3415 489 3476 his
543 3415 772 3479 duobus
829 3419 1015 3496 tropis
1073 3416 1160 3477 vel
1215 3416 1517 3477 laudamus
1573 3416 1828 3496 aliquem
1885 3416 1975 3476 vel
2042 3418 2458 3497 vituperamus,
2550 3416 2696 3477 nibil
2764 3419 2976 3480 verius,

320 3537 371 3576 ao
399 3518 585 3579 tribus
616 3517 794 3578 rebus
823 3517 1079 3596 aliquem
1120 3518 1454 3589 laudamuS,
1502 3517 1575 3580 ab
1606 3521 1832 3588 animo,
1881 3538 1912 3579 a
1959 3537 2241 3599 corpore,
2290 3521 2681 3580 extrinsecus,
2743 3519 2979 3599 quando

395 3619 680 3682 Achillem
729 3619 1060 3691 laudamus,
1111 3639 1356 3682 necesse
1400 3620 1687 3682 habemus
1731 3620 1973 3682 laudare
2004 3623 2263 3684 animum
2296 3622 2508 3702 ἱρείας,
2556 3620 2799 3682 laudare
2843 3640 2975 3682 cor-

398 3740 544 3801 puS,
590 3721 834 3783 laudare
878 3723 1196 3784 fortunam.
1285 3742 1425 3802 ergo
1472 3723 1562 3784 his
1606 3725 1795 3801 tropis
1850 3723 2040 3784 tribus
2085 3731 2183 3784 aut
2228 3721 2536 3784 laudamus
2580 3721 2832 3801 aliquem
2879 3733 2979 3784 ant

398 3823 814 3904 vitqueramus
858 3823 949 3885 vel
994 3825 1357 3886 ostendimus
1402 3825 1491 3886 vel
1537 3844 1819 3886 ornamus
1867 3823 2001 3905 [sed
2047 3824 2375 3887 substantis
2419 3823 2589 3904 illis].

566 3926 951 4007 Synecdoche
997 3926 1213 3988 dicitur
1257 3929 1605 4006 significatio
1652 3927 1960 4004 quaedam,
2008 3946 2158 4007 quae
2203 3936 2303 3988 aut
2346 3929 2542 3988 minus
2573 3927 2714 3988 dicit
2759 3935 2817 3988 et
2846 3929 2979 4007 plus

319 4049 371 4088 35
397 4029 830 4105 significataut
873 4027 1006 4108 plus
1051 4028 1194 4089 dicit
1239 4037 1297 4089 et
1341 4031 1537 4090 minus
1582 4031 1888 4108 significat.
1981 4029 2093 4089 hoc
2137 4028 2318 4091 habet
2373 4029 2773 4108 synecdoche,
2837 4037 2976 4109 puta

399 4134 871 4210 ‘puppesque
937 4138 1105 4191 tuae
1171 4130 1548 4211 pubesque
1617 4135 1967 4192 tuorum’.
2073 4149 2211 4192 ecce
2279 4133 2473 4192 minus
2529 4131 2676 4192 dixit
2733 4139 2790 4192 et
2845 4131 2979 4211 plus

534 4302 568 4352 3
607 4309 655 4350 et
693 4299 832 4367 vina]
882 4303 1041 4366 Very.
1082 4302 1212 4352 Aen.
1245 4303 1264 4351 l
1303 4304 1422 4355 724.
1464 4301 1553 4350 Vll
1596 4302 1692 4353 147
1833 4302 1866 4351 5
1905 4298 2060 4366 nunc]
2100 4302 2258 4366 Vera.
2295 4301 2427 4354 Aen.
2469 4302 2560 4351 Vll
2594 4300 2693 4352 133
2808 4305 2836 4351 7
2867 4303 2978 4350 siue

398 4371 555 4421 cirere
594 4373 663 4421 C.-
705 4373 902 4422 Terent.
940 4371 1166 4425 Eunuclae.
1211 4372 1298 4422 llll
1337 4373 1388 4430 5,
1427 4371 1462 4422 6
1563 4371 1596 4422 8
1634 4371 1778 4421 sristit
1807 4373 1857 4420 P
1997 4372 2061 4421 10
2096 4371 2269 4421 uinum
2309 4385 2573 4437 precamur
2612 4373 2688 4421 P.-
2716 4373 2787 4432 (γ’.
2816 4371 2979 4423 Diam.

392 4457 446 4504 p.
484 4443 606 4502 458,
645 4442 731 4494 25.
765 4442 953 4493 Donat.
992 4459 1046 4507 p.
1081 4439 1203 4501 400,
1236 4442 1297 4493 13
1437 4442 1505 4492 25
1544 4442 1597 4491 id
1629 4410 1732 4506 est}
1772 4450 1937 4506 potest
1974 4441 2075 4491 BS
2109 4451 2253 4506 potes
2296 4442 2337 4490 G
2471 4439 2603 4507 ipse]
2653 4444 2811 4505 Ver-9.
2843 4442 2974 4495 Aen.

400 4513 462 4559 ΙΙΙ
498 4511 602 4562 619
741 4513 809 4562 26
846 4522 899 4562 ut
935 4526 1032 4565 om.
1062 4511 1119 4572 G,
1151 4513 1276 4561 add.
1314 4527 1372 4561 c:
1406 4521 1454 4561 et
1490 4511 1602 4561 dira
1638 4514 1816 4560 celeno
1858 4511 1967 4560 dira
2005 4511 2205 4560 camina
2236 4512 2279 4561 si
2317 4511 2412 4561 hoc
2443 4511 2607 4560 solum
2644 4512 2835 4561 diceret
2869 4513 2978 4561 dira

397 4590 531 4630 esset
567 4584 917 4631 antonomasia
953 4585 1016 4633 P.
1061 4583 1195 4631 inter
1224 4583 1348 4632 duos
1391 4583 1446 4630 V
1441 4584 1605 4646 erqilii
1633 4597 1814 4631 versus
1856 4581 2078 4642 definitio
2117 4579 2319 4644 epitheti
2357 4581 2614 4632 excidisse
2647 4582 2845 4630 videtur

399 4651 510 4699 dira
546 4653 719 4700 celeno
756 4651 858 4700 BS
894 4653 1004 4701 dira
1033 4650 1208 4701 celeno
1245 4653 1330 4701 dia
1355 4652 1463 4704 Cb.-
1507 4654 1664 4717 Very.
1701 4653 1832 4704 Aen.
1869 4652 1935 4700 ΙΙΙ
1973 4651 2071 4700 211
2174 4652 2240 4702 27
2272 4652 2447 4701 celeno
2485 4651 2606 4700 fecit
2630 4652 2771 4700 BSc
2804 4651 2977 4701 celeno

399 4722 482 4769 dia
519 4719 639 4770 feeit
670 4721 747 4770 Cb
920 4723 990 4773 28
1023 4722 1108 4771 dia
1152 4722 1353 4772 camilla
1394 4738 1423 4770 c
1461 4723 1585 4771 dina
1619 4721 1819 4770 camilla
1858 4719 2037 4771 BCS:
2082 4722 2241 4785 Vera.
2275 4722 2405 4772 Aen.
2443 4720 2513 4770 Xl
2549 4721 2651 4772 657
2829 4722 2914 4771 dia
2951 4737 2979 4769 c

398 4791 518 4840 diua
554 4789 707 4842 Bos
844 4790 911 4844 33
945 4794 1037 4842 sed
1076 4792 1355 4842 substantis
1388 4793 1487 4842 illis
1515 4808 1606 4844 om.
1648 4793 1762 4854 ΒΡ,
1804 4791 1925 4841 add.
1955 4806 1999 4854 c,
2041 4800 2295 4854 expuncta
2330 4798 2445 4841 sune
2476 4793 2528 4840 in
2561 4791 2611 4840 B
2746 4790 2815 4844 36
2850 4807 2978 4859 pup-

402 4858 612 4927 pesque]
667 4863 822 4929 Verq.
858 4864 987 4913 Aen.
1027 4865 1044 4912 1
1083 4861 1187 4914 399
1727 4863 1734 4878 “

2445 4944 2578 5011 20*
