3541 5564
541 384 668 449 544
1555 385 2090 469 [PALAEMoMs]

594 508 637 550 p.
668 498 782 538 1381.
820 498 870 536 se
896 495 950 550 Ρ.

542 577 717 638 modo
762 578 1133 655 superiores,
1180 576 1475 656 producit.
1565 584 1850 656 quantum
1896 579 2160 656 apertius
2204 580 2424 657 potuit,
2472 577 2697 637 dictum
2741 584 2833 636 est
2877 577 2949 636 de
2996 585 3115 636 ter·

543 665 624 722 tia
671 669 974 740 correpta;
1020 680 1175 722 nunc
1222 663 1485 730 attende,
1534 681 1684 741 quae
1722 663 1797 722 sit
1826 664 1976 722 ratio
2020 665 2228 723 tertiae
2274 663 2624 742 productae,
2673 662 2760 721 vel
2792 681 2910 741 quo
2941 663 3117 723 modo

543 755 738 826 potest
792 748 1053 807 discerni
1108 767 1138 808 a
1195 750 1370 807 tertia
1426 754 1730 825 correpta,
1789 767 1921 807 cum
1978 756 2228 828 utraque
2284 751 2346 809 in
2400 766 2519 807 uno
2574 749 2593 806 i
2650 755 2910 815 constet,
2959 748 3115 826 quod

544 840 679 893 ante
726 835 1101 894 novissimam
1145 832 1401 893 litteram
1446 835 1747 893 inventum
1779 840 1888 893 est.
1944 842 2083 911 puta
2130 833 2383 912 exempli
2428 833 2614 910 gratia
2659 833 2913 892 dicimus
2954 835 3116 909 l’ugio

545 920 701 994 fugis
746 925 803 977 et
861 919 1052 977 sentio
1108 920 1296 977 sentis
1347 936 1457 995 per
1511 920 1583 977 is.
1668 918 1824 977 unde
1881 917 2062 978 habet
2116 918 2411 996 intellegi,
2470 929 2667 978 utrum
2725 924 2994 996 correpta
3040 936 3169 996 ans

545 1004 832 1081 producta
878 1004 991 1062 sit?
1064 1003 1166 1063 sed
1224 1002 1594 1078 intellegitur
1650 1004 1766 1071 sic,
1827 1004 1883 1062 id
1931 1013 2022 1064 est
2067 1004 2138 1063 de
2183 1005 2537 1083 imperativo
2582 1002 2784 1062 modo:
2851 1005 2902 1062 si
2948 1010 3120 1062 exeat

547 1091 603 1147 in
665 1090 712 1156 i,
770 1107 801 1147 a
861 1090 1038 1148 tertia
1096 1087 1382 1166 producta
1439 1089 1627 1156 venit,
1686 1096 1750 1148 ut
1805 1091 1997 1148 sentio
2055 1089 2265 1157 sentiS,
2324 1089 2676 1168 imperativo
2730 1087 2906 1147 modo
2958 1089 3114 1148 senti

545 1175 718 1242 t'acit3
765 1173 975 1234 haurio
1019 1174 1366 1252 imperativo
1413 1172 1584 1232 modo
1615 1173 1784 1232 hauri
1830 1175 2003 1242 l'acit;
2050 1175 2243 1233 servio
2288 1176 2501 1241 servis,
2550 1174 2899 1251 imperativo
2944 1172 3116 1232 modo

546 1260 702 1317 servi
759 1261 920 1318 facit.
1011 1260 1183 1318 tertia
1243 1276 1380 1317 vero
1436 1266 1737 1337 correpta,
1796 1258 1934 1318 licet
1989 1259 2171 1318 simili
2227 1261 2414 1319 forma
2472 1265 2670 1327 exeat,
2739 1266 2935 1317 tamen
3004 1257 3117 1316 hoc

546 1343 909 1403 discernitur
952 1343 1024 1402 de
1070 1345 1199 1421 ipso
1244 1344 1622 1421 imperative,
1679 1362 1854 1421 quem
1900 1362 2138 1423 semper
2181 1345 2240 1403 in
2287 1364 2319 1403 e
2367 1345 2575 1410 mittit,
2624 1353 2687 1402 ut
2731 1344 2895 1419 fugio
2941 1344 3115 1418 sugiS,
3147 1362 3198 1400 ιο

547 1431 682 1505 l'uge
728 1429 903 1495 facit:
952 1447 1058 1487 ruo
1103 1429 1257 1496 ruis,
1306 1447 1412 1488 rue
1459 1430 1622 1495 tacit.
1710 1446 1854 1505 ergo
1910 1429 2327 1489 discernuntur
2382 1430 2494 1496 sic,
2552 1430 2689 1506 quia
2735 1434 3008 1504 correpta
3055 1428 3118 1485 in

547 1534 579 1571 e
625 1514 808 1572 mittit
851 1514 1292 1592 imperativum,
1339 1513 1625 1591 producta
1672 1515 1733 1572 in
1782 1516 1821 1573 i.
1882 1515 1984 1573 sed
2030 1514 2174 1593 quid
2204 1515 2378 1574 docet
2420 1515 2547 1592 ipsa
2592 1514 2762 1572 tertia
2807 1512 3115 1590 producta,

549 1598 815 1657 attende:
863 1598 1125 1658 futurum
1161 1607 1393 1676 tempus
1423 1600 1597 1658 etiam
1629 1601 1689 1658 in
1740 1598 1842 1667 bo,
1892 1600 1992 1659 sed
2039 1600 2225 1676 magis
2254 1600 2312 1658 in
2348 1618 2469 1666 am,
2519 1604 2583 1658 ut
2612 1606 2749 1676 puta
2797 1597 2870 1656 de
2917 1599 3117 1657 l'uturo

552 1685 636 1743 sic
680 1684 958 1752 dicimuS,
1015 1686 1207 1743 servio
1262 1685 1516 1744 serviam
1570 1692 1628 1743 et
1683 1683 1949 1753 servibo,
2011 1687 2210 1743 nescio
2268 1686 2526 1743 nesciam
2585 1690 2645 1743 et
2688 1681 2966 1751 nescibo;
3013 1681 3115 1741 sed

549 1770 736 1845 magis
791 1769 850 1828 in
905 1787 997 1827 am
1053 1769 1235 1828 mittit
1288 1787 1463 1847 quam
1522 1770 1582 1827 in
1640 1768 1734 1827 bo.
1824 1770 2176 1829 infinitivum
2232 1787 2370 1828 vero
2424 1769 2697 1847 producit
2740 1767 3006 1845 semper,
3055 1774 3121 1825 ut
3150 1785 3202 1823 15

549 1860 688 1931 puta
745 1853 984 1913 haurire
1042 1855 1262 1913 sentire
1319 1855 1569 1925 nescire.
1659 1873 1795 1913 nam
1852 1855 2053 1930 regula
2122 1861 2210 1914 est
2265 1856 2592 1913 activorum
2648 1860 2707 1911 et
2763 1850 3120 1912 neutralium

551 1937 896 2007 verborum,
947 1946 1009 1996 ut
1054 1942 1112 1998 iu
1159 1957 1529 2017 quacumque
1575 1940 1990 2015 coniugatione
2037 1939 2216 1999 addas
2260 1958 2323 1998 re
2370 1937 2649 2018 syllabam
2694 1937 2766 1996 ad
2811 1938 3120 2015 imperati-

550 2042 683 2082 vum
730 2023 986 2082 modum.
1067 2033 1129 2082 ut
1186 2030 1326 2102 puta
1384 2043 1416 2082 a
1474 2026 1661 2102 prima
1724 2025 2138 2100 coniugatione
2196 2025 2318 2083 exit
2368 2024 2755 2102 imperativus
2810 2023 2872 2082 in
2932 2043 2994 2090 a,
3055 2029 3122 2081 ut

548 2107 729 2168 clama
764 2127 902 2168 voca
936 2103 1116 2174 lania:
1166 2107 1328 2167 adice
1362 2128 1446 2176 rc,
1494 2117 1554 2168 ct
1598 2110 1738 2168 facit
1783 2110 2163 2177 infinitivum,
2214 2108 2466 2169 clamare
2515 2108 2736 2168 laniare
2783 2125 3013 2166 vocare.
3083 2125 3118 2164 a

549 2193 805 2252 secunda
851 2190 1280 2272 coniugaltione
1327 2195 1450 2253 exit
1491 2195 1878 2272 imperativus
1921 2196 1981 2253 in
2028 2214 2059 2253 e
2091 2195 2474 2273 productum;
2520 2193 2658 2253 huic
2703 2192 2869 2252 adice
2915 2210 3010 2260 re,
3058 2200 3121 2250 et
3148 2212 3203 2249 20

549 2280 692 2337 l'acit
736 2269 1122 2346 infinitivum,
1173 2297 1342 2337 mone
1387 2297 1660 2347 monere,
1709 2279 1855 2338 doce
1902 2279 2146 2344 docere,
2196 2278 2417 2358 praebe
2463 2277 2776 2357 praebere.
2865 2296 2895 2336 a
2942 2278 3120 2336 tertia

548 2364 962 2438 coniugatione
1010 2371 1279 2441 correpta
1326 2365 1447 2422 exit
1492 2365 1878 2442 imperativus
1923 2367 1982 2423 in
2029 2384 2060 2423 e
2107 2371 2475 2443 correptum;
2522 2363 2658 2422 huic
2704 2362 2869 2422 adice
2915 2380 3011 2430 re,
3060 2370 3123 2420 et

547 2449 690 2507 facit
733 2449 1117 2514 infinitivum,
1178 2456 1240 2506 ut
1296 2447 1491 2507 scribe
1548 2447 1842 2517 scribere,
1901 2450 2031 2525 lege
2078 2449 2305 2525 legere,
2368 2448 2505 2508 tolle
2550 2445 2777 2508 tollere.
2869 2466 2900 2506 a
2945 2447 3122 2506 tertia

548 2535 960 2610 coniugatione
1008 2533 1291 2610 producta
1340 2534 1723 2611 imperativus
1768 2536 1890 2593 exit
1934 2538 1995 2595 in
2041 2536 2092 2604 i;
2152 2534 2287 2593 huic
2333 2533 2497 2592 adice
2545 2552 2638 2600 re,
2699 2538 2758 2591 et
2801 2533 2946 2591 facit
2988 2533 3119 2590 infi-

549 2619 828 2686 nitivum,
879 2619 1034 2676 servi
1080 2619 1335 2685 servire,
1395 2618 1528 2677 audi
1578 2619 1814 2686 audire,
1874 2619 2044 2678 hauri
2092 2620 2356 2679 haurire.
2445 2618 2548 2678 sed
2595 2618 2861 2695 quaestio
2906 2616 2979 2675 de
3026 2615 3120 2674 dic
3150 2637 3203 2674 ‘25

548 2702 662 2760 duc
707 2710 766 2761 et
809 2704 930 2770 sac,
979 2702 1262 2782 numquid
1309 2703 1504 2761 addita
1562 2722 1625 2761 re
1682 2705 1912 2780 integre
1958 2707 2229 2764 sonuerit
2271 2704 2615 2764 infinitivus,
2705 2702 2810 2762 sed
2854 2701 2965 2760 hoc
3009 2719 3121 2759 usu

550 2788 868 2866 plurimum
924 2789 1125 2848 valuit.
1215 2808 1349 2848 nam
1395 2788 1679 2866 Virgilius
1724 2789 1868 2848 dicit
1912 2790 2043 2850 dice
2099 2799 2160 2850 et
2205 2789 2523 2850 Terentius
2579 2790 2739 2858 face;
2797 2785 3015 2868 quibus
3070 2787 3120 2845 si

548 2873 772 2932 adicias
815 2892 909 2941 re,
959 2875 1186 2933 faciunt
1213 2874 1444 2950 integre
1476 2892 1685 2933 sonare
1730 2876 2084 2935 infinitivum
2116 2876 2380 2943 modum,
2415 2875 2614 2934 dicere
2646 2873 2842 2932 facere
2876 2872 3120 2931 ducere.

719 2956 966 3018 Abunde
1014 2958 1169 3019 dicta
1216 2967 1351 3018 sunt
1396 2958 1468 3019 de
1515 2958 2033 3036 coniugationibus
2065 2962 2392 3020 activorum
2423 2958 2919 3037 neutraliumque,
2967 2975 3120 3035 quae

546 3051 942 3122 quaeruntur,
1000 3052 1066 3103 ut
1120 3044 1405 3111 diximus,
1466 3046 1527 3103 in
1583 3044 1840 3105 secunda
1896 3063 2147 3123 persona
2206 3052 2339 3105 ante
2398 3045 2777 3104 novissimam
2836 3043 3118 3102 litteram.
3150 3062 3201 3099 (ιο

549 3147 703 3188 nune
749 3136 929 3187 restat
975 3129 1047 3188 de
1095 3131 1458 3206 passivorum
1504 3137 1563 3189 et
1608 3132 2008 3189 communium
2051 3136 2111 3190 et
2154 3131 2577 3210 deponentium
2618 3128 2935 3187 verborum
2981 3144 3119 3185 con-

549 3211 955 3288 iugationibus
1000 3214 1229 3281 dicere,
1278 3232 1427 3292 quae
1472 3222 1841 3293 quaeruntur
1886 3223 2018 3275 ante
2067 3217 2446 3275 novissimam
2491 3212 2801 3293 syllabam,
2861 3231 2978 3272 non
3022 3210 3120 3271 lit-

550 3306 767 3366 teram,
818 3305 882 3356 ut
924 3307 1063 3376 puta
1109 3298 1329 3358 clamor
1373 3297 1676 3359 clamaris:
1725 3309 1859 3360 ante
1908 3302 1993 3361 ris
2038 3300 2316 3379 syllabam
2374 3320 2405 3359 a
2453 3298 2632 3360 habet
2677 3300 2869 3377 prima
2916 3297 3119 3356 coniu-

547 3385 735 3457 gatio,
796 3401 946 3461 quae
1006 3386 1066 3443 in
1127 3383 1234 3442 bor
1279 3382 1458 3443 habet
1502 3386 1735 3461 mittere
1783 3387 2229 3464 promissivum,
2289 3393 2354 3445 ut
2411 3382 2709 3444 clamabor
2766 3380 3123 3443 clamaberis

548 3466 897 3529 clamabitur
942 3467 1329 3528 clamabimur
1374 3468 1776 3530 clamabimini
1823 3469 2254 3531 clamabuntur.
2331 3469 2388 3530 in
2435 3467 2849 3529 communibus
2892 3468 3119 3546 primae
3151 3488 3202 3528 35

546 3554 1006 3630 coniugationis,
1057 3562 1119 3613 ut
1165 3561 1304 3632 puta
1351 3556 1635 3614 criminor
1679 3556 2046 3626 criminariS,
2093 3575 2123 3615 a
2171 3564 2306 3615 ante
2349 3556 2434 3614 ris
2465 3553 2778 3633 syllabam,
2826 3553 2976 3612 etin
3011 3550 3122 3610 bor

549 3637 725 3698 babet
768 3639 1004 3697 mittere
1053 3640 1496 3717 promissivum,
1542 3649 1607 3700 ut
1652 3639 2019 3700 criminabor
2065 3638 2485 3700 criminaberis
2542 3637 2958 3698 criminabitur
3002 3638 3121 3695 cri-

552 3722 911 3783 minabimur
958 3723 1425 3783 criminabimini
1472 3724 1967 3785 criminabuntur.
2057 3728 2117 3785 in
2165 3723 2602 3803 deponentibus
2642 3725 2870 3803 primae
2914 3724 3121 3782 coniu-

546 3810 828 3885 gationis,
877 3816 941 3868 ut
987 3809 1174 3868 luctor
1219 3808 1491 3878 luctariS,
1541 3818 1675 3869 ante
1722 3812 1809 3870 ris
1853 3810 2132 3889 syllabam
2178 3829 2209 3870 a
2255 3810 2450 3871 littera
2497 3818 2615 3869 est:
2679 3810 2871 3888 prima
2916 3808 3118 3867 coniu-

546 3895 703 3966 gatio
768 3912 919 3972 quae
986 3897 1046 3953 in
1114 3893 1225 3953 hor
1290 3896 1476 3954 mittit
1539 3896 1958 3972 promissivum
2023 3894 2288 3964 modum,
2360 3904 2422 3955 ut
2478 3893 2747 3954 luctabor
2800 3892 3122 3953 luctaheris
3149 3913 3202 3952 (ο

548 3977 871 4038 luctabitur
925 3978 1282 4039 luctabimur
1339 3978 1711 4039 luctabimini
1767 3980 2173 4041 luctabuntur.
2261 3980 2518 4040 diximus
2564 3980 2636 4039 de
2682 3979 2870 4058 prima
2915 3980 3120 4038 coniu-

546 4066 782 4140 gatione
829 4066 1196 4142 passivorum
1243 4075 1303 4124 et
1346 4066 1743 4126 communium
1797 4066 2337 4145 deponentiumque
2395 4064 2741 4133 verborum,
2789 4082 2938 4143 quae
2985 4071 3120 4123 ante

545 4149 922 4208 novissimam
967 4147 1251 4228 syllabam
1295 4156 1683 4229 quaeruntur.
1745 4170 1906 4211 nunc
1937 4151 2253 4211 dicendum
2285 4150 2357 4210 de
2403 4149 2659 4210 secunda
2707 4151 3120 4226 coniugatione

449 4304 456 4305 ἶ
544 4236 810 4312 ipsorum
857 4233 1204 4303 verborum,
1252 4254 1401 4314 quae
1448 4235 1724 4295 similiter
1766 4235 1890 4296 illic
1935 4243 2331 4316 quaeruntur,
2388 4234 2494 4296 ubi
2541 4243 2601 4295 et
2641 4236 2836 4314 prima
2881 4236 2943 4294 in
2988 4253 3118 4312 pas-

687 4455 711 4504 1
754 4454 1035 4518 producant
1074 4462 1313 4517 quantum
1352 4464 1428 4506 est
1467 4469 1565 4504 uno
1599 4457 1770 4520 aptius
1806 4456 1997 4506 dictum
2036 4468 2111 4506 est
2156 4458 2204 4506 V
2332 4456 2364 4507 3
2400 4463 2631 4509 constent
2673 4456 2773 4509 νς
2876 4457 2910 4505 4
2942 4454 3122 4503 inven-

545 4521 672 4586 tum]
712 4524 1011 4572 inuenturos
1055 4526 1123 4585 V,
1160 4541 1253 4578 om.
1291 4537 1325 4579 3
1463 4526 1497 4575 6
1534 4526 1625 4574 sed
1659 4526 1975 4593 intelligatur
2019 4528 2072 4576 V
2103 4526 2199 4576 hoc
2236 4525 2536 4591 intelligitur
2568 4538 2603 4580 3
2742 4525 2784 4573 si
2820 4524 2923 4573 exit
2967 4526 3023 4573 V

543 4596 577 4643 9
621 4592 739 4658 hoc]
779 4609 872 4642 nec
917 4596 969 4642 V
1108 4595 1173 4645 10
1214 4593 1377 4660 fugis]
1414 4595 1526 4661 fugi
1561 4597 1617 4644 V
1750 4597 1814 4647 13
1851 4596 2052 4646 attende
2092 4597 2237 4646 euius
2274 4597 2496 4646 futurum
2531 4605 2733 4662 tempus
2767 4594 2918 4644 etiam
2955 4603 3032 4645 est
3070 4597 3121 4643 in

547 4664 609 4712 bo
648 4678 680 4719 ς
823 4665 887 4715 14
914 4662 1009 4731 sic]
1055 4666 1120 4713 sit
1160 4666 1213 4712 V
1242 4666 1286 4713 si
1322 4679 1357 4721 3
1498 4666 1588 4714 sed
1626 4669 1795 4730 magis
1827 4690 1898 4703 —
1928 4668 1979 4714 in
2017 4667 2080 4718 bo
2115 4682 2207 4715 om.
2238 4679 2272 4721 3
2414 4668 2477 4718 17
2513 4675 2568 4714 ut
2601 4681 2695 4715 om.
2737 4666 2790 4714 V
2928 4664 2994 4716 19
3030 4666 3120 4713 ad-

546 4733 676 4782 diice
725 4734 776 4782 V
907 4732 976 4782 20
1013 4734 1286 4797 productus
1324 4736 1376 4783 in
1408 4751 1435 4783 e
1470 4736 1523 4784 V
1530 4749 1564 4791 3
1703 4738 1769 4786 22
1805 4737 2164 4802 coniugatione
2199 4752 2289 4790 om.
2322 4739 2379 4789 V
2474 4736 2542 4787 26
2577 4736 2656 4785 l'ac
2692 4749 2950 4797 nunquam
2986 4736 3122 4784 enim

546 4802 712 4851 addita
746 4813 781 4855 ς
884 4804 1140 4853 sonauerit
1183 4804 1239 4852 V
1244 4817 1277 4858 3
1383 4803 1449 4854 29
1480 4820 1609 4866 quae
1636 4820 1725 4854 om.
1765 4808 1822 4855 V
1916 4806 1984 4856 :36
2021 4822 2051 4855 a
2088 4822 2180 4858 om.
2221 4809 2274 4857 V
2354 4806 2422 4858 39
2457 4808 2619 4872 prima
2647 4806 2938 4871 coniugatio
2967 4819 3059 4854 om.
3090 4821 3125 4863 ς

685 4872 752 4921 43
787 4870 1078 4939 dicendum]
1121 4874 1238 4923 dein
1276 4886 1309 4927 3
1448 4875 1515 4924 44
1550 4875 1820 4924 uerborum
1858 4885 1907 4925 et
1945 4891 2074 4939 quae
2107 4891 2143 4933 3
2269 4879 2336 4928 44
2366 4878 2451 4926 ubi
2485 4877 2701 4943 primum
2740 4877 2793 4928 in
2827 4876 3050 4942 passiuis
3091 4888 3126 4931 3
