3541 5564
2467 1433 2509 1473 p.
2538 1422 2637 1461 1861
2664 1419 2731 1459 ed.
2761 1416 2931 1469 Putsch.

902 1827 914 1840 ⁸
1006 1827 1019 1841 Ο
1109 1826 1123 1840 0
1219 1829 1231 1841 0
1322 1828 1335 1841 0
1432 1829 1444 1841 0
1537 1828 1549 1842 D
1640 1829 1652 1842 ⁸
1749 1827 2611 1853 ΟΟΟΟΟΟΟΟΟ

578 1933 921 1997 fluentibus
965 1934 1161 1995 verbis
1206 1933 1418 1996 scribis
1463 1937 1535 1997 ad
1581 1955 1706 2006 me,
1752 1942 1819 1996 ut
1850 1954 1917 1997 ea
1948 1955 2099 2016 quae
2130 1938 2190 1996 in
2222 1942 2348 1999 arte
2380 1941 2624 2014 utraque
2655 1933 2982 1994 doctissimi

406 2038 622 2098 Donati
667 2035 947 2096 nebulosa
994 2036 1244 2114 caligine
1290 2037 1538 2116 legentis
1583 2038 1904 2099 obscurant
1947 2040 2239 2099 inscitiam
2287 2037 2481 2099 lucido
2512 2054 2788 2098 sermone
2818 2035 2891 2094 ad
2927 2043 2984 2095 te
3014 2115 3037 2127 .-

402 2138 763 2218 pert'erenda
808 2138 1161 2209 rescribam,
1210 2142 1377 2219 quasi
1423 2140 1741 2220 quidquam
1788 2142 1863 2201 sit
1908 2141 2064 2221 quod
2105 2140 2442 2220 indaginem
2474 2141 2557 2199 tui
2590 2141 2772 2200 vitare
2801 2138 2987 2219 possit

349 2250 376 2290 ⁵
403 2241 631 2316 ingenii
674 2248 733 2301 et
775 2239 1017 2302 alterius
1047 2240 1270 2321 laqueis
1300 2243 1548 2303 inretiri.
1626 2261 1832 2322 parce,
1882 2243 2247 2312 doctissime,
2294 2249 2570 2323 protervo
2601 2242 2832 2309 forsan,
2879 2238 2983 2299 sed

402 2350 575 2420 grato
620 2344 910 2403 sermoni:
969 2363 1005 2403 o
1050 2343 1163 2405 fide
1221 2344 1498 2406 omnibus
1554 2346 1714 2406 etin
1760 2345 2033 2406 omnibus
2077 2345 2220 2415 fide,
2279 2344 2392 2405 hoc
2448 2350 2672 2405 tantum
2729 2343 2986 2421 reperiri

402 2445 624 2524 potuit,
673 2446 731 2504 in
779 2464 894 2524 quo
937 2445 1025 2507 sas
1068 2445 1145 2504 sit
1189 2445 1293 2505 tibi
1340 2445 1454 2507 dici
1501 2449 1855 2508 ‘mentiris’.
1908 2447 2047 2525 quid
2093 2448 2271 2527 igitur
2311 2447 2564 2508 faciam?
2608 2443 2778 2505 video
2807 2461 3011 2522 quam·
3047 2443 3051 2447 ’

403 2545 717 2626 scopuloso
774 2546 1114 2625 difficilique
1173 2548 1233 2608 in
1290 2547 1421 2609 loco
1468 2549 1839 2610 necessitudo
1887 2558 2166 2611 versetur.
2228 2548 2539 2610 indevotus
2594 2565 2690 2609 me
2745 2564 2984 2624 quoque

403 2656 716 2709 accusante
747 2650 1039 2728 reperiar,
1089 2647 1403 2728 adgrediar
1447 2653 1796 2713 temeritatis
1826 2652 2091 2721 flatibuS,
2139 2658 2306 2713 aestu
2334 2649 2667 2730 procelloso
2696 2649 2981 2711 iactabor.

326 2766 377 2806 ιο
405 2758 496 2812 est
539 2752 713 2821 tanti,
770 2752 1119 2812 temerarius
1164 2754 1456 2832 corrigar,
1516 2772 1690 2832 quam
1737 2755 1978 2815 nomine
2023 2752 2642 2842 conditoris'afiiciar,
2702 2772 2812 2833 pro
2868 2771 2985 2833 quo

404 2853 478 2913 de
535 2853 781 2915 diversis
819 2859 829 2926 Ι
867 2854 1169 2915 veteribus
1221 2862 1391 2935 aptos
1446 2855 1581 2918 huic
1641 2859 1809 2938 operi
1862 2858 2419 2937 sumpsitractatus
2474 2863 2648 2936 atque
2704 2854 2798 2915 his
2854 2874 2983 2915 mea

404 2973 668 3035 quoque,
714 2963 779 3016 ut
821 2958 985 3044 potui
1033 2966 1090 3017 et
1133 2976 1282 3036 quae
1326 2959 1517 3038 potui,
1563 2979 1674 3039 pro
1720 2958 2013 3020 bacchare
2044 2958 2313 3038 copulavi
2343 2957 2671 3038 ablatisque
2701 2956 3014 3036 limitibusx

403 3075 615 3136 campo
681 3055 858 3137 plano
926 3058 1207 3138 dispersi,
1277 3068 1342 3120 ut
1395 3059 1770 3121 inoffensibili
1831 3080 2005 3122 cursu
2063 3061 2290 3122 fructus
2353 3061 2463 3122 sihi
2519 3060 2705 3122 lector
2750 3058 2987 3137 colligat

404 3167 729 3220 maturatos
771 3179 900 3220 usu.
947 3179 1044 3221 me
1088 3163 1203 3222 tuis
1248 3164 1580 3242 praeceptis
1610 3162 1950 3242 adgressum
1984 3164 2398 3243 circumspice,
2447 3162 2778 3224 luxuriosos
2809 3160 2986 3221 tonde

328 3278 378 3316 ιε»
403 3279 741 3330 sermones,
793 3261 1129 3339 doctiloqua
1161 3265 1317 3325 serie
1347 3266 1703 3342 corrigentis
1734 3264 1987 3325 extende
2019 3273 2214 3334 curta,
2263 3265 2575 3334 candifica,
2622 3271 2688 3325 ut
2718 3264 2788 3324 ad
2821 3271 2983 3324 tuum

404 3362 724 3424 arbitrium
769 3371 980 3426 cuncta
1028 3366 1335 3427 videantur
1383 3373 1625 3449 tractata
1669 3365 1890 3428 relecta
1939 3368 2183 3446 digesta.
2230 3365 2378 3427 vale.
2418 3371 2428 3440 Ι

544 3619 722 3670 Codex
755 3621 1037 3671 Bemensis
1075 3620 1094 3669 1
1134 3622 1181 3673 1.
1221 3619 1300 3673 1⁴¹.
1484 3623 1505 3671 l
1545 3636 1668 3671 seno
1710 3662 1723 3674 .
1751 3662 1762 3673 .
1796 3664 1806 3674 .
1849 3637 1945 3671 aar
1986 3663 1997 3674 .
2025 3659 2036 3670 .
2060 3658 2071 3669 .
2114 3637 2356 3672 ummvs
2395 3619 2405 3685 Ι
2451 3637 2723 3673 oct-:nomos
2761 3619 2989 3686 (litterae

404 3691 595 3738 recenti
627 3706 771 3739 monn
808 3691 1054 3740 obductae
1094 3701 1227 3745 sune.
1283 3694 1332 3742 in
1369 3695 1541 3741 altera
1579 3693 1817 3756 marginis
1853 3693 2004 3755 parte
2041 3694 2230 3742 recenti
2263 3708 2408 3741 mmm
2444 3693 2750 3754 adscriptum
2777 3700 2854 3742 est
2885 3691 2982 3741 cle-

404 3759 542 3808 donii
573 3760 583 3818 Ι
616 3759 833 3809 οῐεηοάἰί
874 3756 1197 3827 gralmatica,
1235 3765 1284 3812 in
1322 3765 1491 3812 altera
1526 3765 1807 3812 recentiore
1854 3763 1999 3810 etiam
2053 3779 2200 3811 manu
2251 3763 2522 3812 Ctenodius
2576 3763 2625 3810 in
2676 3763 2892 3827 primam
2940 3771 2988 3810 et

406 3829 677 3878 secundam
704 3830 875 3879 Artem
902 3829 1111 3893 Donati)
1138 3832 1277 3897 ον’-ω
1298 3847 1522 3883 Aricinus
1557 3847 1779 3882 mamone
1817 3846 2045 3882 nni-Anto
2077 3830 2086 3895 Ι
2121 3847 2437 3882 nssrnxistsxr
2464 3871 2477 3884 .
2497 3873 2509 3885 .
2532 3873 2543 3884 .
2565 3873 2576 3884 .
2610 3849 2702 3881 mo
2740 3848 2863 3883 csc‘r
2887 3848 2984 3883 oni-2

408 3900 415 3956 1
462 3913 764 3950 stetui-mus
902 3903 934 3949 4
978 3900 1417 3953 obscuratinscitia
1459 3907 1536 3952 vel
1563 3930 1628 3938 —
1664 3917 1721 3951 as
1844 3910 1944 3951 atte
2081 3903 2115 3952 5
2153 3903 2393 3966 quiquam
2537 3904 2565 3950 7
2601 3903 2847 3968 repperiri

405 3968 439 4016 9
480 3983 712 4032 quoquae
857 3969 920 4020 10
968 3973 1227 4034 repperiar
1369 3974 1433 4023 12
1480 3973 1641 4022 sumsi
1784 3981 1935 4034 atque
1983 3970 2088 4036 his]
2139 3972 2350 4035 aquebis
2494 3972 2560 4022 14
2599 3972 2751 4037 piano
2798 3975 2992 4023 recenti

406 4053 549 4087 marm
585 4041 936 4174 seriptmnlest
1076 4040 1138 4092 15
1175 4043 1567 4092 maturatosiusu
1605 4050 1659 4091 ut
1693 4043 1890 4091 videtur·
2029 4057 2239 4109 agressa
2273 4051 2329 4091 ut
2367 4044 2564 4093 videtur
2706 4041 2770 4092 16
2803 4039 2882 4107 ut]
2919 4041 2986 4092 ud

548 4108 608 4158 17
652 4118 831 4158 cuncta
893 4119 1042 4160 cunta
2707 4111 2712 4118 ’

547 4331 579 4381 3
618 4334 862 4400 Apicibus
895 4335 1104 4384 meliore
1134 4332 1337 4384 metallo
1377 4333 1560 4383 defixis
1598 4333 1711 4384 stilo
1753 4333 1912 4385 muito
1950 4335 2150 4385 tectiore
2175 4335 2448 4386 fluentibus
2485 4341 2580 4384 etc.
2620 4333 2829 4382 coniecit
2852 4331 2989 4381 Her·

411 4417 615 4450 mannus
640 4405 882 4469 Hayenns
989 4406 1018 4453 4
1061 4406 1333 4454 obscurant
1372 4405 1435 4452 ob
1466 4404 1711 4452 inscitiam
1753 4406 2014 4471 ingenium
2043 4405 2168 4455 idem
2314 4405 2370 4454 12
2408 4415 2558 4467 atque
2594 4401 2696 4468 his]
2739 4419 2768 4451 a
2804 4402 2990 4464 quibus

414 4472 676 4540 Pugscltius
817 4477 880 4526 15
919 4484 1201 4526 maturatos
1240 4479 1353 4523 nisu
1397 4473 1654 4523 Putschius
