3541 5564
535 323 662 388 282
1670 325 1976 388 POMPEI!

590 447 629 488 p.
658 436 745 474 413.
775 436 823 475 14
851 434 892 473 1..

537 517 942 592 tienscumque
987 522 1121 594 post
1163 515 1429 592 integros
1472 513 1657 593 pedes
1700 522 1971 593 superest
2000 514 2241 593 syllaba,
2289 532 2440 593 quae
2470 514 2823 576 determinat
2852 534 3111 577 sensum.

537 625 678 697 puta
721 619 772 677 si
814 617 981 678 dicas
1024 617 1313 696 ‘optimus
1357 618 1678 685 omnium'‚
1727 618 1984 696 optimus
2030 618 2291 677 omnium
2338 616 2453 677 duo
2499 616 2710 697 dactyli
2754 628 2920 687 sunt;
2969 637 3111 697 ergo

535 719 706 780 colon
755 728 861 781 est.
952 722 1184 780 ‘arma
1243 721 1626 798 virumque
1684 722 1926 788 cano’,
1999 738 2161 779 arma
2219 721 2527 799 virumque
2570 739 2667 789 ca,
2717 739 2794 779 no
2839 708 3112 800 superest

534 821 781 902 syllaba,
841 841 989 902 quae
1043 830 1272 902 partem
1331 822 1607 882 terminat
1660 823 1969 889 orationis;
2040 820 2150 881 hoc
2206 840 2437 883 comma
2507 830 2876 883 vocaverunt.
2967 840 3110 901 ergo

535 928 619 985 sic
665 926 837 985 colon
884 924 1116 993 dicunt,
1177 925 1705 1002 quotienscumque
1760 922 1946 1002 pedes
1991 924 2206 1001 integri
2252 923 2651 985 determinant
2703 933 2930 1003 partem
2977 944 3110 985 ora·
3138 940 3163 977 5

537 1029 744 1096 tionis;
794 1033 1080 1088 commata
1114 1025 1335 1095 dicunt,
1384 1027 1907 1106 quotienscumque
1937 1044 2117 1105 super
2148 1026 2328 1104 pedes
2358 1027 2621 1105 integros
2650 1026 2868 1104 aliquid
2901 1045 3111 1106 super-

536 1130 692 1199 nuit;
755 1148 824 1189 ex
871 1129 1001 1188 istis
1047 1127 1193 1188 colis
1258 1138 1315 1187 et
1361 1127 1746 1188 commatibus
1803 1127 2052 1187 dicimus
2109 1128 2417 1207 periodon.
2508 1135 2568 1188 et
2621 1128 2899 1189 dixerunt
2944 1136 3110 1206 quat-

533 1241 668 1292 tuor
699 1251 827 1292 esse
859 1231 1191 1292 necessaria
1224 1230 1371 1290 cola.
1434 1248 1576 1308 ergo
1606 1229 1878 1310 plerique
1923 1232 1984 1289 in
2031 1230 2277 1309 periodo
2323 1230 2603 1292 dixerunt
2649 1231 3110 1311 conponendum

536 1352 693 1402 esse;
746 1332 844 1392 alii
889 1333 1065 1412 periti
1112 1332 1388 1393 dixerunt
1433 1342 1491 1393 et
1534 1334 1592 1391 in
1638 1331 1770 1392 colo
1818 1338 1875 1391 et
1919 1333 1978 1391 in
2026 1340 2315 1393 commate
2345 1337 2685 1412 conponere
2732 1352 2840 1394 nos
2869 1333 3109 1393 debere.

535 1445 593 1496 et
647 1435 922 1495 dixerunt
966 1441 1241 1514 quattuor
1287 1453 1417 1494 esse
1474 1435 1807 1493 necessaria
1864 1435 2011 1495 cola.
2105 1435 2207 1495 sed
2263 1435 2400 1514 quid
2448 1435 2519 1495 ad
2589 1436 2751 1495 rem?
2840 1443 3008 1515 potes
3055 1443 3189 1498 etio

535 1540 735 1616 viginti
793 1538 990 1597 facere
1044 1535 1170 1596 cola
1230 1543 1287 1596 et
1343 1536 1549 1597 decem
1610 1544 1667 1596 et
1711 1535 2048 1613 quindecim
2098 1546 2164 1597 et
2214 1536 2555 1607 duodecim,
2616 1545 2679 1596 ut
2724 1536 3007 1598 habemus
3049 1539 3109 1597 in

534 1641 819 1701 Cicerone
863 1637 1187 1705 ‘nihilne
1232 1647 1300 1699 te
1347 1648 1791 1700 nocturnum
1838 1639 2290 1718 praesidium
2338 1639 2604 1708 Palati,
2665 1639 2853 1700 nihil
2900 1639 3113 1702 urbis

533 1742 866 1820 vigiliae,
916 1738 1103 1802 nihil
1139 1743 1355 1801 timor
1385 1738 1669 1820 populi,
1704 1739 1890 1820 nihil
1926 1760 2335 1802 concursus
2369 1740 2722 1802 honorum
2755 1744 3108 1811 omnium,

537 1844 715 1905 nihil
775 1843 895 1904 hic
953 1844 1506 1903 munitissimus
1562 1841 1883 1902 habendi
1940 1852 2240 1903 senatus
2297 1843 2579 1904 locus?’
2647 1862 2821 1924 quam
2868 1844 2966 1904 diu
3015 1862 3111 1903 vo-

533 1946 710 2007 luerit
754 1956 953 2008 orator
998 1946 1379 2025 praemittere
1424 1953 1642 2024 parteS,
1690 1952 1888 2024 potest
1930 1946 2057 2005 fieri
2118 1955 2181 2005 ut
2224 1945 2567 2006 admittatur
2610 1948 2718 2006 ista
2764 1946 2888 2017 lex,
2938 1946 3105 2006 dum·
3137 1970 3189 2009 15

536 2049 709 2109 modo
755 2050 946 2110 omnis
977 2047 1074 2110 illa
1110 2048 1458 2128 praemissio
1504 2048 1618 2107 line
1664 2046 1989 2116 claudatur,
2039 2048 2096 2107 id
2145 2054 2232 2108 est
2276 2054 2542 2108 extremo
2589 2048 2784 2127 aliquo
2828 2049 2943 2109 line
2989 2049 3109 2110 col-

533 2152 747 2229 ligatur
792 2158 980 2211 totum
1025 2149 1166 2210 illud
1216 2149 1372 2227 quod
1421 2148 1769 2219 dissidebat;
1819 2149 1975 2228 quod
2021 2169 2129 2230 per
2174 2158 2370 2229 partes
2402 2149 2623 2210 dictum
2655 2159 2740 2210 est
2770 2152 3062 2229 superius,
3100 2150 3106 2230 j

535 2254 844 2334 colligatur
902 2273 932 2314 a
990 2254 1105 2313 fine
1162 2260 1221 2312 et
1275 2250 1603 2329 colligetur.
1696 2268 1839 2328 ergo
1895 2254 2227 2331 quaeritur,
2297 2271 2413 2332 quo
2470 2254 2530 2312 in
2586 2251 2718 2313 loco
2773 2270 3112 2331 conponere

534 2356 880 2423 debeamus,
937 2362 1135 2416 utrum
1193 2354 1306 2413 hoc
1362 2352 1519 2421 loco,
1585 2352 1845 2413 ‘nihilne
1913 2362 1968 2413 te
2025 2362 2378 2415 nocturnum
2445 2355 2808 2434 praesidium
2869 2354 3110 2424 Palati’,

534 2466 599 2519 ut
645 2475 973 2538 conponam
1018 2454 1198 2516 ‘nihil
1247 2455 1410 2515 urbis
1456 2454 1738 2533 vigiliae',
1788 2463 1852 2515 ut
1896 2474 2225 2536 conponam
2274 2466 2331 2515 et
2376 2455 2507 2524 hoc,
2556 2455 2738 2516 ‘nihil
2781 2457 2961 2518 timor
3005 2475 3110 2535 pe,-
3140 2482 3190 2522 20

532 2559 658 2640 puli
677 2566 713 2630 ⁹,
764 2568 824 2619 et
867 2561 1086 2635 iteruin
1126 2558 1237 2619 hoc
1281 2557 1430 2626 loco,
1479 2557 1659 2618 ‘nihil
1705 2575 2033 2618 concursus
2079 2557 2371 2619 bonorum
2405 2560 2736 2628 omnium';
2784 2578 2856 2620 an
2903 2560 2965 2620 in
2997 2561 3112 2620 isto

534 2661 666 2722 loco
710 2669 936 2722 tantum
982 2659 1190 2728 modo,
1251 2658 1431 2719 ‘nihil
1478 2659 1690 2720 horum
1738 2679 1839 2720 ora
1887 2658 2197 2739 vultusque
2248 2669 2564 2720 moverunt
2589 2666 2627 2729 ',
2696 2660 2751 2720 id
2800 2671 2891 2722 est
2934 2680 3006 2722 an
3052 2663 3112 2722 in

532 2767 645 2826 isto
692 2773 956 2825 extremo
1003 2763 1169 2841 quasi
1216 2772 1524 2832 commate,
1573 2780 1647 2823 an
1692 2780 1802 2842 per
1847 2763 2041 2824 omnia
2097 2760 2439 2824 debeamus
2532 2769 2590 2823 et
2633 2762 2904 2843 plerique
2949 2763 3110 2825 dixe·

534 2876 669 2929 runt
714 2869 773 2928 in
821 2874 1119 2934 extreme,
1178 2863 1446 2945 plerique
1492 2883 1598 2942 per
1645 2867 1841 2925 omnia
1884 2867 1996 2926 ista
2043 2863 2200 2934 loca,
2250 2876 2342 2934 ut,
2388 2864 2595 2926 ubiubi
2637 2867 2841 2927 finitur
2886 2885 3110 2938 sensuS,

532 2971 651 3030 illic
699 2972 874 3031 etiam
919 2967 1238 3028 clausulam
1284 2985 1486 3046 ponaS,
1535 2965 1673 3027 licet
1717 2986 1836 3027 non
1882 2969 1954 3027 sit
1998 2950 2307 3046 conpletus
2351 2986 2574 3036 sensus,
2623 2967 2725 3028 sed
2771 2987 2880 3048 per
2910 2977 3112 3049 partes
3137 2994 3188 3033 25

534 3082 728 3134 sumat
771 3071 1282 3132 declamationem.
1370 3087 1504 3128 nam
1561 3071 1661 3149 qui
1717 3069 1860 3130 dicit
1916 3067 2178 3130 ‘nihilne
2233 3077 2292 3129 te
2348 3077 2701 3130 nocturnum
2749 3071 3109 3150 praesidium

534 3174 760 3245 Palati',
807 3173 1038 3234 videtur
1083 3174 1250 3252 quasi
1295 3174 1680 3250 conposuisse
1725 3173 1871 3239 iam;
1919 3171 2089 3231 ‘nihil
2136 3170 2303 3231 urhis
2347 3170 2629 3250 vigiliae',
2681 3171 2911 3232 videtur
2945 3175 3109 3252 quasi

535 3279 730 3337 finisse
776 3293 1042 3343 comma3
1093 3274 1272 3334 ‘nihil
1317 3274 1493 3333 timor
1537 3272 1793 3352 populi’,
1844 3273 2072 3335 videtur
2116 3276 2279 3353 quasi
2324 3275 2713 3352 conposuisse
2760 3275 2892 3335 iam.
2972 3293 3112 3353 ergo

535 3379 867 3458 quaeritur,
919 3370 1118 3438 ut'rum
1167 3395 1273 3455 per
1318 3375 1544 3453 singula
1590 3375 1929 3444 debeamus,
1978 3393 2052 3436 an
2083 3377 2142 3435 in
2176 3384 2457 3437 extremo.
2525 3386 2581 3436 et
2612 3376 2879 3456 plerique
2912 3377 3115 3437 dicunt

535 3484 596 3542 in
641 3481 755 3540 sine
802 3480 1027 3558 capitis,
1076 3478 1344 3558 plerique
1390 3496 1497 3556 per
1541 3478 1790 3556 singula.
1854 3478 2063 3538 melius
2110 3487 2303 3552 tamen
2350 3487 2439 3538 est
2487 3488 2550 3539 ut
2594 3497 2702 3538 nos
2744 3479 2803 3537 in
2840 3478 3111 3540 omnibus
3140 3504 3189 3544 ³0

535 3600 855 3644 servemus.
935 3599 1047 3660 qua
1095 3582 1360 3640 ratione?
1406 3581 1681 3659 quoniam
1731 3582 1791 3639 in
1839 3589 2092 3659 utroque
2138 3579 2489 3640 babebimus
2534 3597 2782 3661 parere:
2831 3582 2929 3658 qui
2975 3579 3118 3640 dicit

536 3687 637 3744 ‘in
683 3685 863 3753 tine',
925 3692 1101 3762 negat
1147 3684 1241 3742 ‘in
1287 3680 1763 3761 superioribus'3
1829 3683 1930 3761 qui
1973 3692 2166 3742 autem
2214 3681 2355 3744 dicit
2399 3685 2495 3743 ‘in
2542 3680 2888 3750 omnibus’,
2951 3690 3010 3741 et
3053 3683 3112 3742 in

537 3789 670 3848 sine.
756 3794 811 3846 et
857 3785 970 3845 hoc
1016 3784 1227 3844 melius
1274 3791 1391 3843 est:
1471 3792 1529 3844 et
1570 3783 1728 3844 illius
1786 3782 2209 3844 cavillationem
2267 3786 2412 3844 vitas
2471 3794 2529 3845 et
2586 3782 2740 3843 illius
2799 3783 3115 3844 cavillatio·

536 3908 694 3976 nem.
782 3906 934 3967 quae
980 3896 1175 3948 autem
1220 3896 1532 3948 serventur
1576 3887 2013 3965 conpositiones
2071 3884 2160 3945 vel
2205 3904 2319 3964 quo
2366 3885 2562 3956 modo,
2608 3884 2683 3946 ab
2729 3894 2964 3947 oratore
3009 3903 3114 3965 po-

534 4001 651 4053 test
694 3991 866 4052 disci.
3140 4014 3190 4053 35

3234 2550 3261 2564 Χ

676 4182 707 4230 5
738 4179 811 4228 sie
847 4178 992 4227 colon
1030 4177 1397 4227 Lindemanmoe
1433 4176 1476 4225 si
1505 4175 1650 4225 colon
1686 4175 1853 4226 ABG
1992 4177 2023 4224 7
2060 4174 2286 4225 dicemus
2325 4175 2570 4239 periodon
2608 4174 2714 4225 BC
2851 4176 2914 4227 10
2953 4185 3117 4241 potest

537 4250 701 4301 ABG
875 4248 935 4299 11
972 4249 1022 4296 in
1064 4244 1323 4311 Cicerone]
1353 4247 1403 4295 in
1442 4246 1589 4296 Catil.
1629 4247 1646 4294 l
1688 4246 1744 4306 1,
1792 4247 1817 4296 1
1997 4244 2061 4296 12
2099 4245 2274 4311 palatii
2308 4247 2359 4294 A
2524 4245 2585 4297 13
2620 4260 2892 4296 concursus
2925 4246 2977 4296 B

539 4322 602 4373 14
639 4321 724 4370 hie
758 4335 848 4369 om.
886 4318 955 4380 B,
994 4317 1116 4369 add.
1146 4317 1174 4365 b
1318 4316 1673 4366 minimissimus
1703 4316 1748 4364 A
1894 4316 1957 4367 17
1996 4315 2275 4366 dissidebat
2298 4313 2365 4364 a*
2399 4315 2660 4365 desidebat
2688 4315 2790 4365 BG
2824 4316 3118 4366 discedebat

537 4392 618 4441 A?
758 4388 993 4453 superius
1023 4388 1292 4451 colligatur
1327 4403 1357 4436 a
1393 4386 1491 4435 fine
1528 4395 1577 4435 et
1611 4385 1880 4452 colligatur
1918 4384 1969 4434 B
2004 4386 2239 4452 superius
2278 4395 2354 4435 est
2391 4386 2662 4452 colligatur
2701 4402 2730 4432 a
2761 4385 2858 4435 line
2895 4395 2942 4434 et
2978 4387 3116 4436 colli-

537 4470 688 4523 gatur
719 4461 766 4507 A
805 4459 1041 4523 superius
1080 4457 1346 4522 colligatur
1384 4472 1413 4505 a
1451 4456 1550 4505 flne
1581 4464 1629 4504 et
1665 4458 1930 4521 colligatur
1966 4452 2031 4507 a*
2068 4457 2308 4520 superius
2345 4471 2375 4504 a
2410 4455 2508 4504 fine
2547 4467 2596 4505 et
2632 4455 2908 4521 colligatur
2943 4457 2984 4505 C

540 4531 604 4582 19
643 4529 818 4595 palatii
854 4528 916 4577 a*
956 4527 1141 4593 palati.
1184 4528 1232 4577 A
1374 4527 1440 4578 26
1475 4527 1630 4576 sumit
1653 4526 2069 4576 declamationem
2106 4523 2287 4576 Bou*
2327 4527 2477 4576 sumit
2514 4526 2898 4576 declinationem
2930 4527 2977 4576 A

537 4604 604 4650 27
637 4600 811 4666 palatii
841 4596 906 4648 a*
941 4596 1123 4663 palati.
1164 4597 1213 4646 A
1320 4596 1385 4648 33
1422 4608 1470 4648 et
1509 4595 1648 4645 illius
1690 4596 2065 4645 cauillationem
2096 4595 2500 4660 (gauillationem
2539 4596 2640 4656 Cb)
2678 4595 2862 4646 multas
2894 4607 2943 4646 et
2978 4597 3116 4646 illius

539 4669 910 4719 cauillatiouem
948 4666 1354 4734 (gauillationem
1383 4667 1486 4730 Cb)
1522 4666 1627 4716 BC
1654 4675 1703 4715 et
1738 4666 1877 4715 illius
1921 4666 2290 4715 cauillationem
2325 4668 2482 4727 (corr.
2522 4666 2634 4729 -ne)
2676 4667 2858 4716 multas
2897 4675 2945 4716 et
2982 4667 3115 4716 illius

539 4738 858 4789 cauillatione
895 4738 943 4787 A
1051 4736 1118 4787 34
1152 4739 1557 4803 praepositiones
1587 4736 1749 4787 ABG
1887 4733 1954 4784 35
1993 4735 2094 4784 dici
2131 4736 2179 4783 Α
2218 4737 2315 4785 dici
2358 4752 2584 4786 EXPLlctT
2620 4753 2681 4785 nr:
2727 4750 3116 4787 iuranti-:ertone

542 4809 589 4858 B
624 4810 722 4858 dici
761 4825 826 4858 ns
866 4822 1254 4859 maniaci-toas
1298 4810 1429 4858 sxfff.
1477 4808 1592 4858 m&
1621 4822 1685 4856 nr.
1724 4821 2044 4856 nsnssamsuo
2080 4820 2340 4856 remensa
2382 4807 2423 4856 C
