3541 5564
1354 369 1825 431 COMMENTVM
2766 366 2886 432 115

842 528 850 539 .
2541 489 2583 530 p.
2609 478 2764 517 41—41
2791 476 2836 517 L.

304 556 472 617 vides
517 557 685 636 quia,
742 575 853 636 qua
907 565 1034 617 arte
1090 556 1423 634 colligimus
1479 556 1750 627 brevem,
1813 576 1846 618 e
1887 558 2188 620 contrario
2246 575 2313 617 ea
2370 563 2496 617 arte
2554 556 2887 636 colligimus

305 658 562 738 longam.
652 658 887 739 quando
931 656 1039 719 tibi
1082 659 1383 739 profertur
1425 658 1676 738 syllaba,
1737 658 1844 720 has
1898 677 1998 720 res
2053 665 2330 737 quattuor
2375 677 2624 739 quaere:
2671 661 2722 720 si
2766 677 2886 719 non

305 747 557 832 suerint,
604 760 799 822 brevis
844 767 964 830 est;
1012 763 1061 822 si
1101 762 1110 838 Ι
1150 762 1397 830 fuerint,
1444 760 1616 840 longa
1665 768 1770 822 est.
1835 780 2089 842 namque
2136 780 2167 822 e
2213 763 2512 823 contrario
2557 761 2885 830 considera,

308 872 364 923 et
408 863 576 924 vides
632 864 717 924 sic
773 882 902 925 esse
956 861 1182 942 longas.
1270 870 1411 943 puta
1472 862 1581 925 clos
1624 883 1657 925 a
1711 863 1899 926 vocali
1954 863 2129 942 longa
2184 861 2447 933 inchoat;
2507 864 2727 925 ideireo
2784 863 2890 924 dos

255 980 281 1020 5
308 983 429 1027 non
474 983 789 1045 possumus
833 964 1032 1025 dicere
1076 964 1318 1027 brevem
1376 969 1522 1026 esse‘.
1615 984 1756 1044 ergo
1813 965 2030 1027 vocalis
2075 964 2246 1044 longa
2295 974 2410 1036 est,
2472 973 2529 1026 et
2582 965 2754 1044 longa
2800 974 2892 1025 est

307 1066 548 1148 syllaba,
586 1068 863 1145 quoniam
892 1066 1112 1134 vocalis
1156 1066 1332 1145 longa
1366 1075 1471 1128 est.
1522 1067 1659 1146 quid
1704 1069 1756 1128 si
1797 1067 1992 1129 brevis
2037 1069 2221 1129 fuerit
2264 1074 2321 1128 et
2365 1076 2694 1145 sequuntur
2739 1067 2889 1128 dnae

308 1171 738 1231 consonantes?
784 1177 849 1230 ut
891 1177 1035 1249 puta
1066 1180 1226 1249 post:
1273 1188 1308 1229 o
1340 1169 1580 1247 quidem
1625 1168 1824 1230 brevis
1870 1178 1986 1241 est,
2033 1170 2137 1232 sed
2183 1171 2451 1247 sequitur
2493 1189 2522 1229 s
2566 1178 2625 1229 et
2666 1178 2706 1240 t,
2742 1170 2892 1231 duae

308 1278 723 1340 consonantes,
752 1280 810 1332 et
837 1272 1073 1350 longam
1105 1271 1391 1332 fecerunt.
1439 1270 1575 1351 quid
1607 1273 1657 1332 si
1688 1271 1850 1358 dicas
1893 1272 2031 1351 pix?
2076 1273 2097 1332 i
2142 1271 2380 1352 quidem
2412 1271 2607 1333 brew's
2649 1279 2753 1342 est,
2786 1271 2891 1332 sed

309 1377 578 1454 sequitur
609 1394 647 1434 x
682 1380 743 1435 et
771 1373 1009 1453 longam
1039 1374 1196 1434 fecit.
1243 1373 1382 1452 quid
1414 1375 1466 1433 si
1499 1373 1660 1434 dicas
1691 1374 1820 1434 aio?
1852 1394 1884 1436 a
1917 1373 2154 1451 quidem
2186 1373 2384 1435 brevis
2425 1383 2528 1444 est,
2563 1373 2665 1435 sed
2698 1375 2893 1453 sequi-

232 1492 283 1529 10
313 1478 458 1537 turi
504 1478 661 1537 inter
692 1475 837 1537 duas
879 1474 1112 1537 vocales
1157 1477 1474 1537 constituta
1521 1484 1581 1536 et
1621 1475 1857 1554 longam
1903 1477 2062 1540 fecit.
2123 1493 2266 1554 ergo
2312 1478 2466 1536 seire
2513 1475 2695 1536 «lebes
2740 1477 2892 1555 quia,

310 1578 524 1659 quibus
555 1577 736 1639 rebus
766 1577 1245 1657 contingentibus
1286 1575 1494 1656 longae
1525 1579 1688 1648 fiunt,
1724 1597 1756 1639 e
1802 1580 2102 1640 contrario
2146 1577 2356 1639 breves
2400 1585 2569 1658 potes
2612 1579 2898 1639 invenire.

478 1680 662 1742 Plane
705 1681 859 1741 scire
906 1679 1089 1741 debes
1144 1679 1545 1760 diphthongos
1605 1678 1810 1760 longas
1866 1700 2011 1742 esse.
2102 1688 2239 1742 sunt
2293 1689 2487 1741 autem
2534 1679 2690 1760 apud
2737 1679 2893 1740 Lati·
2919 1694 3128 1756 42:3‚29

310 1802 422 1844 nos
466 1788 743 1863 quattuor
786 1783 1065 1851 usitatae3
1111 1801 1246 1844 nam
1281 1801 1397 1844 una
1426 1784 1633 1862 periit:
1683 1801 1774 1852 ae,
1819 1786 2066 1854 AeneaS,
2113 1801 2214 1853 oe,
2261 1801 2476 1862 poena,
2527 1802 2630 1854 au,
2665 1801 2891 1852 aurum,

311 1905 413 1956 eu,
471 1893 540 1945 ut
584 1891 673 1945 est
714 1884 926 1946 Eurus·
1015 1885 1165 1946 istae
1211 1891 1350 1945 sunt
1393 1887 1671 1953 usitatae:
1720 1904 1837 1946 una
1884 1893 1973 1946 est
2016 1887 2071 1946 ei
2128 1902 2276 1963 quae
2321 1886 2516 1965 periit.
2564 1888 2894 1965 quaesitum

234 2001 285 2040 15
313 1996 405 2050 est
446 1988 638 2056 enim,
686 2005 863 2067 quem
896 1986 967 2048 ad
998 1986 1238 2048 modum
1272 1985 1568 2049 scribatur
1596 1988 1734 2048 itur.
1798 1988 1879 2048 ait
1907 1987 2303 2050 Terentianus
2332 2006 2440 2068 per
2472 2006 2505 2048 e
2537 1995 2595 2049 et
2623 1989 2645 2048 i
2675 1987 2897 2048 debere

314 2088 529 2158 scribi,
578 2090 815 2150 ‘eitur
860 2091 933 2149 in
978 2091 1356 2166 antiquam
1402 2089 1719 2161 silvam',
1778 2091 2056 2170 quoniam
2104 2091 2395 2168 originem
2440 2088 2682 2149 habeta
2713 2086 2898 2149 verbo

316 2194 459 2254 eois
517 2188 783 2270 [quando
821 2192 1037 2252 transit
1077 2193 1136 2251 in
1180 2192 1509 2270 perfectum
1553 2198 1814 2271 tempus,
1863 2191 2042 2252 debet
2071 2193 2261 2270 ipsam
2300 2190 2580 2271 syllabam
2638 2190 2895 2258 trahere,

315 2302 381 2354 ut
400 2293 617 2356 habeat
664 2292 919 2372 c].bene
944 2293 1181 2373 quidem
1207 2300 1648 2372 argumentatus
1672 2302 1761 2355 est
1773 2293 2183 2355 Terentianus.
2209 2301 2408 2354 tamen
2435 2295 2483 2353 si
2509 2293 2623 2353 hoc
2645 2310 2899 2372 quaeras

316 2394 579 2471 credere,
601 2397 849 2475 incipiet
869 2413 1074 2457 versus
1092 2394 1333 2473 Vergilii
1354 2415 1475 2457 non
1500 2405 1676 2467 stare,
1702 2396 1855 2475 ‘sup
1872 2415 1995 2457 era
2012 2415 2143 2476 squ
2162 2415 2193 2456 e
2218 2396 2302 2457 ad
2335 2395 2475 2456 lum
2494 2414 2576 2456 en
2609 2398 2762 2458 itur
2779 2398 2898 2455 as?

236 2512 287 2552 20
315 2499 367 2559 si
395 2516 507 2578 per
548 2501 570 2559 i
610 2497 921 2568 scribatur,
955 2499 1177 2577 poterit
1206 2504 1392 2568 stare;
1439 2501 1488 2560 si
1521 2507 1716 2560 autem
1749 2497 2147 2578 diphthongos
2179 2505 2282 2569 est,
2316 2496 2478 2559 nulla
2508 2499 2737 2558 ratione
2767 2516 2899 2558 cor-

314 2601 560 2679 ripitur,
608 2606 667 2660 et
709 2619 829 2661 non
874 2608 1007 2662 stat.
1099 2618 1239 2679 ergo
1285 2602 1434 2662 istae
1493 2607 1668 2670 erunt
1711 2600 1969 2681 syllabae
2017 2599 2258 2670 breves,
2303 2602 2449 2662 istae
2493 2599 2722 2679 longae.
2799 2599 2901 2660 ubi

317 2703 616 2763 inveneris
660 2690 945 2782 syllabam
990 2720 1109 2763 non
1153 2701 1469 2764 habentem
1528 2702 1876 2782 productam
1922 2702 2182 2763 vocalem
2231 2709 2333 2764 aut
2378 2702 2523 2763 duas
2567 2721 2898 2764 consonan-

317 2813 407 2866 tes
451 2823 573 2867 non
617 2810 934 2885 sequentes
979 2811 1081 2867 aut
1132 2824 1170 2865 x
1217 2804 1513 2884 duplicem
1559 2823 1678 2866 non
1726 2813 2074 2886 sequentem
2134 2812 2234 2867 aut
2276 2808 2297 2866 i
2341 2807 2498 2866 inter
2543 2805 2686 2866 duas
2730 2823 2900 2865 voca-

314 2907 432 2977 leS,
478 2889 674 2968 brevis
720 2914 840 2977 est,
887 2908 947 2968 id
994 2913 1083 2968 est
1123 2908 1173 2967 si
1216 2925 1337 2968 non
1382 2905 1655 2968 habuerit
1698 2906 1921 2985 aliquid
1980 2908 2054 2968 de
2097 2909 2226 2968 istis
2270 2905 2481 2979 rebus,
2540 2908 2735 2970 brevis
2780 2916 2901 2975 est;

240 3023 292 3063 25
319 3012 371 3070 si
416 3016 610 3071 autem
655 3007 934 3070 habuerit
977 3008 1196 3089 aliquid
1244 3008 1318 3070 de
1362 3011 1489 3070 istis
1533 3008 1743 3079 rebus,
1792 3009 1966 3089 longa
2014 3018 2121 3072 est.

1114 3193 1208 3239 DE
1253 3161 1707 3242 conuvmnvs
1755 3192 2090 3243 SYLLAms

492 3300 755 3361 Diximus
785 3298 1037 3379 syllabas
1068 3306 1167 3360 aut
1194 3298 1407 3360 breves
1439 3317 1566 3360 esse
1598 3307 1698 3360 aut
1724 3297 1936 3378 longas
1966 3308 2069 3360 aut
2090 3318 2452 3361 communes
2502 3300 2712 3362 breves
2736 3308 2904 3381 quat-

323 3408 457 3462 tuor
500 3401 693 3463 modis
727 3402 907 3475 fiunt3
955 3421 988 3462 e
1030 3403 1328 3463 contrario
1368 3400 1581 3480 longae
1612 3410 1891 3481 quattuor
1922 3402 2113 3463 modis
2143 3401 2432 3463 similiter.
2482 3401 2694 3463 breves
2735 3404 2903 3473 fiunt,

327 3505 377 3565 si
424 3511 484 3564 et
528 3511 862 3584 correptam
907 3503 1171 3566 vocalem
1216 3502 1473 3564 habeant
1518 3510 1576 3563 et
1618 3522 1737 3564 non
1785 3504 2057 3566 desinant
2097 3506 2157 3565 in
2204 3505 2350 3567 duas
2393 3512 2788 3567 consonantes
2809 3513 2910 3567 aut

248 3608 386 3666 :min
442 3625 620 3668 unam
679 3604 975 3685 duplicem
1033 3608 1234 3667 autin
1291 3607 1312 3666 i
1366 3606 1523 3666 inter
1579 3604 1723 3667 duas
1767 3606 2000 3668 vocales
2048 3604 2058 3688 Ι
2109 3609 2506 3677 constitutam.
2608 3607 2818 3686 longae
2876 3628 2908 3669 c

327 3709 623 3770 contrario
667 3709 847 3779 fiunt,
906 3709 964 3770 id
1013 3716 1103 3770 est
1146 3710 1195 3770 si
1240 3716 1342 3770 aut
1396 3707 1654 3771 habeant
1697 3707 2047 3771 naturaliter
2100 3708 2451 3787 productam
2495 3708 2787 3779 vocalem,
2843 3716 2910 3769 ut

327 3811 459 3879 dos:
506 3817 609 3873 aut
650 3808 910 3871 habeant
952 3810 1101 3872 duas
1146 3818 1466 3903 sequentes
1511 3819 1934 3888 consonantes,
1994 3820 2062 3873 ut
2105 3830 2231 3881 ars;
2289 3820 2391 3874 aut
2432 3809 2688 3875 habeant
2731 3830 2909 3874 unam

467 4036 493 4087 1
541 4034 661 4098 quia
699 4047 800 4098 qua
840 4040 947 4082 arte
978 4032 1132 4083 BCa
1183 4047 1283 4097 qua
1320 4041 1428 4083 arte
1463 4033 1512 4082 A
1646 4036 1680 4084 4
1727 4033 1821 4082 dos
1861 4048 1893 4082 a
1931 4034 2095 4083 nocali
2142 4033 2295 4098 longa
2342 4033 2547 4084 inchoat
2584 4034 2770 4084 ideirco
2816 4032 2911 4085 dos

330 4104 470 4156 BCa
500 4143 512 4155 .
542 4140 554 4152 .
587 4146 599 4157 .
639 4120 669 4154 a
704 4102 869 4153 uoeali
898 4102 1101 4152 inchoat
1127 4102 1309 4154 ideireo
1342 4143 1354 4155 .
1379 4138 1393 4152 .
1422 4144 1435 4157 .
1467 4104 1545 4154 A:
1582 4119 1638 4152 os
1664 4104 1978 4153 scribendum
2006 4119 2116 4154 esee
2141 4106 2353 4154 coniecit
2381 4106 2782 4163 Lindemannus,·
2817 4104 2910 4154 dos

329 4183 402 4225 est
423 4175 564 4239 apud
597 4173 824 4224 Servium
848 4174 900 4222 in
929 4174 1060 4226 Don.
1088 4187 1138 4235 p.
1168 4170 1290 4236 423,
1316 4173 1383 4225 26
1487 4172 1522 4223 8
1551 4184 1597 4222 et
1632 4189 1722 4227 om.
1750 4174 1899 4224 ABG
2002 4173 2066 4223 15
2096 4172 2448 4241 Terentianus]
2491 4191 2537 4227 v.
2569 4174 2671 4224 459
2696 4190 2806 4240 sqq.
2838 4175 2909 4236 es.

332 4246 535 4298 OEedon.
562 4260 617 4309 p.
652 4243 786 4295 1884
896 4243 958 4295 16
995 4244 1093 4293 itur
1129 4242 1313 4292 ABG:
1358 4246 1513 4308 Verq.
1545 4244 1674 4293 Aen.
1706 4245 1774 4291 VI
1804 4243 1904 4295 179
2011 4243 2074 4293 17
2111 4244 2312 4308 quando
2345 4270 2411 4279 —-
2445 4244 2646 4303 habeat,
2681 4260 2809 4309 quae
2843 4245 2916 4293 ad

329 4316 796 4379 myumentationem
833 4312 1127 4364 Terentiani
1158 4328 1254 4362 non
1275 4317 1543 4374 pertinent,
1571 4314 1842 4378 adscripta
1865 4328 1977 4363 esse
2006 4314 2237 4364 videntur
2261 4316 2333 4364 ad
2349 4315 2661 4379 probandam
2695 4315 2913 4378 scriptu-

332 4401 437 4433 ram
477 4387 597 4447 itur,
626 4388 852 4451 quoniam
887 4384 903 4431 i
939 4384 1129 4433 vocalis
1159 4385 1208 4433 in
1239 4385 1408 4433 eodem
1435 4384 1589 4433 verbo
1622 4391 1671 4433 et
1697 4385 1917 4447 produci
1936 4386 2101 4446 possit
2130 4392 2181 4434 et
2209 4388 2415 4448 corripi,
2446 4386 2574 4434 sicut
2598 4385 2714 4433 aliis
2747 4399 2912 4434 eaeem-

328 4458 426 4517 plis
461 4456 635 4505 domic
668 4454 877 4505 Servius
905 4456 957 4504 in
1001 4455 1056 4504 V
1052 4467 1158 4517 erg.
1190 4454 1225 4501 l.
1264 4470 1309 4501 c.
1340 4469 1497 4518 quare
1528 4453 1842 4505 scribendum
1877 4454 2076 4503 videtur
2110 4463 2164 4503 ut
2198 4454 2381 4504 habeat
2410 4455 2645 4520 longam,
2674 4454 2760 4506 ivi.
2802 4469 2915 4502 nam

327 4526 558 4589 perfecto
600 4526 810 4587 tempori
850 4523 1195 4588 diphthonyum
1236 4523 1283 4571 ei
1318 4539 1414 4573 non
1448 4523 1729 4575 tribuerunt
1765 4521 2105 4589 grammatici,
2145 4540 2436 4590 quamquam
2481 4524 2768 4586 imperfecto
2804 4524 2916 4573 olim

332 4596 495 4644 eibum
520 4596 763 4659 scriptum
786 4609 898 4644 esse
923 4595 1129 4658 saepius
1155 4594 1428 4644 docueruut
1536 4594 1600 4645 18
1628 4603 1682 4642 ut
1710 4594 1894 4643 habeat
1919 4593 2065 4643 ABG
2088 4602 2141 4642 ut
2171 4592 2357 4644 habeat
2393 4610 2420 4644 e
2445 4610 2474 4643 c
2498 4603 2552 4642 ut
2579 4592 2731 4642 habet
2762 4593 2809 4641 L

332 4679 549 4727 quaeras
578 4665 787 4714 eredere
812 4664 927 4714 AB
961 4664 1139 4714 eredas
1180 4678 1423 4727 quaerere
1460 4664 1502 4714 C
1641 4663 1705 4713 19
1744 4678 2059 4729 superasque
2091 4662 2312 4713 ABCL
2354 4678 2695 4730 superumque
2729 4663 2914 4714 Linde-

332 4751 565 4791 mannus:
614 4735 770 4798 Ver-9.
798 4734 929 4788 Aen.
968 4734 1040 4783 Vl
1076 4733 1179 4785 680
1320 4734 1383 4783 ab
1423 4734 1591 4783 lumen
1624 4733 1731 4784 Ac
1866 4732 1935 4784 20
1971 4734 2238 4799 corripitur
2268 4735 2453 4785 etenim
2492 4748 2594 4783 non
2622 4739 2720 4781 stat
2746 4733 2916 4783 ΑΒΔ

335 4806 607 4870 corripitur
641 4804 775 4853 euim
816 4814 866 4854 et
905 4819 1006 4854 non
1046 4812 1146 4855 stat
1179 4804 1222 4856 G
1357 4803 1421 4854 21
1464 4804 1549 4853 ubi
1577 4803 1736 4855 BCL
1774 4804 1859 4852 ubi
1898 4803 1984 4852 ubi
2009 4802 2060 4852 A
2200 4804 2268 4853 24
2297 4805 2466 4854 brevis
2497 4812 2574 4854 est
2598 4805 2775 4869 priore
2811 4805 2918 4853 loco

334 4890 425 4929 om.
450 4875 522 4939 A,
559 4873 684 4928 add.
724 4888 759 4922 a
895 4874 964 4925 25
996 4874 1187 4937 aliquid
1217 4874 1280 4924 de
1311 4875 1421 4925 istis
1455 4875 1606 4924 rebus
1637 4875 1928 4937 posteriore
1956 4875 2065 4923 loeo
2099 4889 2189 4927 om.
2227 4874 2298 4939 A,
2337 4876 2461 4927 add.
2495 4890 2530 4922 α

2427 4958 2517 5022 8*
