3541 5564
514 286 594 348 88
1644 283 1950 345 POMPEI!

515 473 597 536 cf.
648 469 877 535 Ianclli
920 469 1113 535 catal.
1158 469 1319 535 bibl.
1366 467 1477 533 lat.
1524 490 1690 554 quae
1735 467 1805 531 in
1848 489 1982 553 reg.
2017 471 2221 553 Neap.
2265 490 2430 531 mus.
2477 466 2680 531 Borb.
2726 475 3098 531 asservatur

517 599 578 661 p.
624 572 742 655 26,
799 572 1101 638 Osannus
1160 573 1409 659 ephem.
1470 570 1601 636 litt.
1657 569 1811 634 Hal.
1858 592 1917 634 a.
1970 570 2128 636 1837
2188 568 2503 656 supplem.
2562 592 2627 655 p.
2672 568 2774 633 99.
2849 590 2933 632 ex
2975 567 3099 632 hoc

517 697 726 763 pauca
755 674 961 740 edidit
989 675 1073 739 A.
1104 673 1321 739 Maius
1354 672 1545 738 class.
1581 682 1755 739 auct.
1789 695 1850 736 v.
1885 672 1946 736 V
1979 696 2041 759 p.
2083 672 2220 737 151.
2283 672 2563 758 denique
2604 693 2816 757 pauca
2859 672 3099 735 veteris

518 777 757 843 codicis
813 778 1183 861 fragmenta
1239 784 1502 840 servata
1558 785 1711 840 sunt
1763 775 1832 838 in
1888 775 2113 841 codice
2167 774 2483 860 rescripto
2529 772 3102 860 Montepessulano

526 879 672 943 141:
735 879 816 943 cf.
865 875 1059 942 catal.
1116 899 1266 961 gen.
1325 881 1439 942 des
1494 877 1886 942 manuscrits
1941 878 2056 942 des
2109 874 2590 963 bibliotheques
2646 876 2759 941 des
2808 875 3100 963 departe-

520 1004 701 1046 mcns
749 980 783 1043 Ι
826 1003 892 1066 p.
923 979 1069 1044 338.
1119 979 1186 1042 in
1231 1001 1305 1044 eo
1353 979 1524 1044 enim
1568 978 1914 1044 duodecim
1959 990 2112 1044 sunt
2153 979 2567 1043 membranae
2612 1001 2697 1043 ex
2739 977 3104 1064 antiquiore

521 1081 746 1148 codice
804 1092 1036 1146 octavo
1094 1080 1198 1146 vel
1258 1103 1460 1161 nono,
1529 1090 1602 1145 ut
1645 1080 1942 1162 videtur,
2012 1079 2269 1146 saeculo
2325 1078 2558 1144 litteris
2621 1079 3106 1164 longobardicis

522 1184 766 1270 scripto
824 1191 1153 1270 sumptae,
1209 1183 1278 1246 in
1332 1183 1568 1270 quibus
1625 1182 1866 1248 veteris
1925 1184 2289 1270 scripturae
2332 1181 2616 1266 vestigia
2660 1182 2822 1247 satis
2881 1192 3106 1268 aperte

522 1286 864 1372 adparent.
954 1295 1020 1351 et
1064 1285 1276 1350 maior
1319 1285 1580 1372 quidem
1624 1306 1776 1371 pars
1824 1307 2046 1350 earum
2089 1285 2613 1350 membranarum
2657 1283 2743 1348 ad
2787 1283 3109 1348 Prisciani

521 1388 761 1453 librum
819 1397 1124 1453 octavum
1176 1389 1480 1473 pertinet.
1567 1387 1635 1450 in
1690 1397 1997 1472 quattuor
2052 1396 2270 1452 autem
2324 1386 2720 1452 membranis
2787 1385 3107 1473 quaedam

524 1513 607 1554 cx
652 1498 935 1554 tractatu
966 1488 1262 1575 Pompeii
1293 1489 1374 1554 de
1418 1488 1653 1555 litteris
1701 1500 1766 1554 et
1813 1488 1892 1554 de
1938 1490 2316 1555 accentibus
2364 1489 2607 1575 scripta
2649 1498 2835 1570 sunt3
2881 1489 2948 1552 in
2977 1510 3111 1552 una

524 1612 680 1656 vero
739 1591 937 1656 etiam
979 1590 1318 1679 inscriptio
1365 1590 1517 1657 libri
1563 1591 1722 1656 satis
1769 1599 1944 1656 certo
1991 1591 2285 1678 adparet,
2331 1594 2578 1654 INCIP.
2629 1593 3117 1654 TRACTATVS

524 1696 881 1757 POMPEII
920 1697 1169 1759 GRAM.
1217 1694 1333 1758 vix
1377 1703 1593 1758 autem
1636 1716 1800 1779 opus
1844 1704 1982 1758 erat
2026 1704 2100 1759 ut
2142 1691 2334 1758 huius
2380 1691 2531 1758 libri
2576 1693 2989 1782 mentionem*
3013 1693 3109 1755 fa-

527 1818 769 1877 cerem,
824 1796 952 1859 nisi
1011 1795 1181 1859 falsa
1225 1794 1305 1859 de
1350 1817 1425 1861 eo
1469 1794 1677 1860 relata
1721 1817 1866 1859 esse
1911 1794 2205 1860 viderem
2249 1795 2317 1859 in
2362 1793 2657 1878 catalogo
2704 1816 2904 1878 supra
2944 1792 3109 1857 indi·

528 1908 697 1962 cate.
756 1920 906 1961 nam
948 1920 1094 1966 cum
1137 1896 1233 1963 illi
1279 1898 1391 1983 qui
1421 1896 1795 1983 catalogum
1840 1898 2260 1962 confecerunt
2304 1920 2421 1983 pro
2466 1897 2887 1982 inscriptione
2917 1918 3112 1982 quam

525 1998 717 2084 posui
785 1998 961 2076 haec,
1008 1998 1136 2084 legi
1206 1999 1636 2081 indicassent,
1706 2003 2023 2063 POMPEI
2092 2005 2209 2064 ΓΕ
2249 2048 2264 2064 .
2300 2053 2313 2066 .
2350 2047 2365 2062 .
2409 2004 2524 2062 DE
2580 2003 2698 2064 BE
2740 2046 2755 2062 .
2785 2042 2806 2064 ..
2841 2048 2856 2063 .
2881 2046 2900 2079 ,
2961 1996 3112 2061 inde

528 2101 808 2165 excitata
874 2111 975 2165 est
1037 2103 1292 2188 opinio,
1356 2112 1432 2167 ut
1485 2101 1779 2188 Pompeii
1837 2101 2018 2166 Festi
2074 2100 2155 2164 dc
2222 2102 2570 2167 verborum
2635 2099 3113 2184 significatione

528 2201 898 2287 fragmenta
953 2204 1020 2266 in
1075 2204 1471 2269 membranis
1527 2203 1860 2291 rescriptis
1917 2204 2122 2267 latere
2177 2203 2620 2268 crederentur.
2706 2202 2829 2266 hoc
2893 2223 3113 2264 errore

529 2302 788 2369 sublato
833 2326 963 2367 non
1007 2315 1109 2370 est
1153 2328 1267 2370 cur
1312 2307 1378 2370 in
1407 2306 1551 2370 istis
1584 2305 1970 2391 fragmentis
2004 2305 2411 2369 excutiendis
2443 2327 2644 2392 opera
2671 2313 3111 2385 consumatur,

529 2428 658 2492 qua
703 2429 860 2471 sane
906 2407 1327 2491 dignissimus
1372 2408 1633 2473 futurus
1680 2418 1821 2472 erat
1865 2407 2121 2471 Festus.

629 2563 641 2572 ”
701 2561 868 2624 Sunt
925 2560 1120 2624 etiam
1177 2560 1285 2624 alii
1338 2559 1592 2625 codices
1650 2560 1995 2646 conplures
2011 2609 2028 2640 ‚
2087 2561 2157 2624 in
2202 2560 2436 2646 quibus
2483 2557 2586 2623 vel
2631 2568 2851 2645 partes
2897 2560 3113 2645 operis

530 2661 820 2747 Pompeii
881 2661 1165 2749 scriptae
1222 2661 1326 2726 vel
1373 2672 1684 2748 excerpta
1729 2664 1868 2726 eius
1914 2685 2060 2726 cum
2106 2663 2431 2748 excerptis
2478 2661 2753 2726 aliorum
2796 2683 3117 2746 gramma-

530 2765 806 2828 ticorum
863 2764 1203 2851 conposita
1256 2774 1428 2829 sunt.
1515 2788 1667 2829 nam
1723 2765 1791 2830 in
1833 2756 2050 2831 ‘libros
2108 2764 2187 2829 dc
2233 2765 2663 2849 grammatica
2707 2775 2846 2830 arte
2891 2763 3117 2828 infima

534 2877 749 2931 aetate
806 2890 891 2929 cx
945 2866 1148 2931 variis
1208 2868 1583 2932 auctoribus
1630 2867 1972 2948 collectOS,
2021 2890 2296 2954 quorum
2341 2888 2616 2951 magnus
2663 2877 2764 2931 est
2807 2888 3114 2931 numerus

472 2958 493 2973 ‘
535 2969 601 3030 in
647 2968 1015 3047 codicibuS,
1060 2968 1267 3032 multa
1310 2992 1394 3034 ex
1437 2969 1730 3056 Pompeii
1776 2968 1945 3035 libro
1991 2979 2254 3055 recepta
2299 2978 2478 3050 sunt,
2537 2968 2699 3033 adeo
2739 2978 2815 3033 ut
2857 2978 3119 3055 praeter

531 3069 940 3134 Priscianum
1002 3072 1335 3136 Donatum
1402 3071 1702 3135 Servium
1768 3070 2011 3136 nullius
2078 3071 2486 3157 grammatici
2552 3093 2789 3135 nomen
2855 3072 2923 3135 in
2986 3070 3116 3135 illis

534 3172 941 3258 frequentius
999 3174 1117 3255 sit,
1174 3195 1367 3259 quam
1423 3173 1739 3260 Pompeii.
1830 3172 1946 3238 sed
2003 3173 2068 3237 in
2121 3172 2224 3236 his
2279 3173 2580 3238 omnibus
2646 3171 2805 3236 nihil
2870 3172 3115 3252 inveni,

536 3271 709 3359 quod
752 3272 1129 3357 diligentius
1174 3275 1617 3361 quaerendum
1646 3275 1751 3341 vel
1783 3274 1870 3340 ad
1901 3275 2256 3341 editionem
2299 3275 2450 3341 libri
2493 3275 2932 3341 adhibendum
2973 3297 3118 3339 esse

534 3375 889 3439 videretur.

705 3528 1089 3594 Recentiore
1143 3539 1361 3594 aetate
1416 3530 1706 3617 Pompeii
1764 3532 2046 3619 primum
2102 3531 2495 3599 mentionem
2551 3532 2796 3596 factam
2840 3553 2980 3595 esse
3023 3531 3120 3594 in·

536 3630 730 3695 venio
788 3652 827 3693 a
870 3630 1197 3697 Ludovico
1244 3631 1587 3715 Carrione,
1647 3634 1757 3721 qui
1801 3634 1870 3698 in
1916 3633 2208 3700 Sallustii
2254 3635 2560 3721 operibus
2608 3632 3014 3719 Antverpiae
3058 3656 3118 3696 a.

541 3731 704 3797 1579
747 3730 941 3796 editis
987 3732 1356 3819 fragmenta
1397 3715 1819 3801 historiarum
1853 3734 2146 3803 Sallustii
2176 3737 2260 3802 ab
2304 3736 2426 3801 hoc
2454 3733 2876 3821 grammatico
2919 3734 3124 3799 citata

538 3858 623 3898 ex
665 3832 834 3899 libro
878 3857 1076 3899 manu
1123 3837 1368 3922 scripto
1414 3836 1785 3903 Coloniensi
1830 3837 2075 3924 primus
2121 3837 2413 3924 protulit.
2504 3838 2586 3903 de
2631 3837 2857 3902 codice
2902 3845 3122 3900 autem

538 3959 664 4022 quo
709 3958 866 4000 usus
913 3947 1013 4001 est
1055 3937 1215 4002 haec
1261 3938 1491 4004 scribit
1535 3937 1736 4004 schol.
1782 3940 1851 4003 in
1887 3937 2039 4004 Sall.
2070 3937 2224 4005 hist.
2255 3940 2493 4025 fragm.
2540 3965 2602 4027 p.
2633 3939 2782 4019 233,
2829 3943 2968 4002 ‘est
3010 3960 3120 4001 au-

538 4050 668 4102 tem
725 4037 826 4122 (ut
878 4037 948 4102 id
1005 4040 1296 4123 peruiam
1356 4040 1682 4125 moneam)
1737 4040 2086 4126 Pompeius
2144 4042 2656 4123 Grammaticust,
2712 4040 2898 4106 cuius
2956 4039 3122 4103 liber

540 4139 660 4204 sub
706 4140 963 4205 nomine
1011 4142 1220 4228 Sergii
1266 4143 1739 4229 antiquissimis
1786 4141 2022 4207 litteris
2083 4143 2363 4229 scriptus
2410 4166 2444 4208 e
2487 4141 2890 4209 bibliotheca
2933 4140 3121 4207 Colo-

536 4241 749 4307 niensi
792 4242 982 4307 nobis
1028 4244 1112 4309 ab
1158 4244 1400 4331 optimo
1443 4256 1511 4312 ,et
1555 4245 1976 4329 integerrimo
2025 4246 2165 4311 viro
2198 4245 2552 4310 Melchiore
2587 4244 2923 4330 Hittorpio
2970 4266 3120 4330 sup-

538 4343 870 4429 peditatus
930 4353 1060 4427 est,
1118 4368 1435 4433 quemque
1490 4346 1803 4432 Pompeio
1860 4348 2291 4429 asseruimus,
2349 4346 2522 4435 quod
2565 4348 2633 4410 in
2680 4369 2756 4413 eo
2801 4347 3121 4434 quaedam

539 4455 789 4527 essent,
857 4468 1024 4533 quae
1090 4469 1131 4510 a
1173 4447 1357 4512 Beda
1422 4446 1642 4512 libello
1711 4449 1794 4512 de
1859 4450 2114 4529 metris,
2172 4450 2478 4536 Pompeio
2536 4449 2734 4515 tribui
2776 4448 3117 4530 videbam3

540 4546 911 4633 opinionem
955 4570 1167 4621 meam
1212 4549 1535 4635 posterius
1582 4550 1709 4615 alio
1756 4559 1976 4615 vetere
2023 4551 2288 4617 doctiss:
2349 4552 2628 4617 Puteani
2671 4550 2839 4617 libro
2887 4572 3122 4637 appro-

538 4647 794 4712 bante’.
880 4659 1111 4735 postea
1163 4650 1444 4716 Iacobus
1501 4650 1874 4715 Fridericus
1941 4651 2390 4737 Heusingerus
2445 4652 3121 4720 Wolfenbuttelanum

541 4749 826 4815 codicem
880 4762 1145 4834 nactus,
1204 4774 1350 4816 cum
1401 4751 1613 4818 Mallii
1669 4753 1999 4819 Theodori
2059 4753 2301 4820 librum
2357 4764 2424 4820 et
2467 4753 2630 4821 alios
2677 4755 2760 4820 de
2803 4764 2945 4820 arte
2990 4776 3119 4819 me-
