3541 5564
612 340 739 406 456
1711 344 2077 407 EVTYCHIS

668 465 710 504 p.
746 452 832 492 162.
861 452 911 491 03
939 450 983 490 L.
2788 462 2832 502 p.
2860 450 2975 518 21553.
3004 448 3057 489 54
3086 445 3128 490 Ρ.

616 541 674 590 et
719 532 791 591 ab
838 550 908 590 eo
951 531 1248 601 doctrina,
1298 529 1498 592 tonsor
1544 534 1797 592 tonstrix
1829 534 2150 602 tonstrina,
2199 538 2393 592 textor
2438 533 2655 591 textrix
2702 532 2993 600 textrina;
3038 532 3181 590 item

614 635 909 712 optativus
955 633 1313 695 derivativus
1356 634 1756 694 deminutivus
1800 633 2166 703 subditivus;
2212 651 2322 693 nec
2366 652 2482 692 non
2528 641 2587 693 et
2631 635 2690 692 in
2737 634 2826 693 sio
2872 640 2931 692 et
2976 633 3037 691 in
3083 650 3183 691 sor

615 744 672 795 et
718 738 778 795 in
836 734 1030 795 sibilis
1092 744 1149 796 et
1196 738 1257 796 in
1304 736 1426 796 tilis
1471 744 1530 796 et
1575 737 1634 795 in
1675 738 1859 811 ,ticius
1904 734 2314 797 desinentibus
2359 732 2728 803 nominibus,
2791 751 2940 812 quae
2995 741 3181 793 muta·

616 838 773 898 tione
819 855 917 916 um
963 839 1025 896 in
1071 836 1175 898 has
1219 839 1669 921 terminationes
1713 838 1887 907 fiunt,
1946 846 2011 898 ut
2066 840 2255 898 visum
2302 838 2450 897 visio
2511 837 2694 897 iussio
2739 837 2956 896 mersio
3003 836 3184 895 laesio

615 940 818 999 missio
864 940 1057 999 iussor
1100 957 1308 1001 suasor
1353 940 1506 1000 risor
1547 956 1800 1017 pransor
1844 958 2093 1018 sponsor
2122 948 2326 999 tonsor
2370 939 2648 999 defensor
2694 938 2883 1005 lusor,
2930 935 3184 997 visibilis
3211 952 3237 989 5

616 1040 952 1119 plausibilis
995 1039 1304 1102 sensibilis
1345 1040 1657 1103 missibilis
1701 1040 1998 1101 sessibilis
2042 1042 2245 1102 ssatilis
2287 1041 2489 1101 fictilis
2542 1041 2766 1101 textilis
2812 1037 2993 1099 altilis
3037 1038 3183 1097 scri-

615 1143 780 1221 ptilis
826 1143 1071 1215 tortilis;
1124 1145 1211 1203 sic
1257 1143 1625 1204 adventicius
1668 1144 2029 1204 advecticius
2073 1142 2597 1203 commendatieius
2647 1139 2764 1220 [sic
2795 1142 2934 1201 steti
2965 1147 3180 1199 statum

613 1247 703 1304 ire
751 1253 939 1306 status
982 1248 1189 1317 statio;
1236 1247 1323 1306 sic
1369 1246 1442 1306 ab
1487 1264 1556 1306 eo
1600 1246 1755 1325 quod
1804 1254 1893 1306 est
1938 1245 2120 1306 caedo
2165 1263 2401 1305 caesum
2446 1246 2535 1304 ire
2572 1240 2841 1322 Caesar].
2910 1248 2969 1301 et
3013 1258 3183 1321 prae-

615 1349 775 1408 teriti
821 1349 1072 1427 perfecti
1117 1366 1477 1418 consonanS,
1535 1347 1677 1408 licet
1721 1366 1888 1417 raro,
1934 1343 2144 1408 'tamen
2191 1349 2249 1407 in
2309 1344 2649 1407 verbalibus
2707 1343 3048 1405 nominibus
3094 1345 3183 1404 in-

613 1451 878 1519 venitur,
935 1457 1001 1511 ut
1045 1453 1177 1511 rexi
1223 1469 1358 1521 rex,
1420 1450 1560 1510 duxi
1607 1450 1751 1520 dux,
1802 1451 1924 1511 luxi
1969 1450 2096 1519 lux,
2156 1451 2293 1529 rupi
2338 1466 2546 1528 τηρεε,
2605 1446 2836 1525 ambegi
2885 1445 3181 1524 ambages.
3215 1466 3265 1503 ιο

617 1560 673 1611 et
737 1553 1187 1631 participiorum
1254 1570 1515 1632 quoque⁴
1554 1552 1644 1612 vel
1712 1552 1995 1613 similium
2062 1553 2398 1632 participiis
2462 1552 2765 1612 nominum
2822 1568 2929 1629 per
2987 1550 3182 1609 omnia

615 1670 837 1731 genera
892 1653 1096 1714 eodeni
1157 1654 1329 1714 modo
1374 1672 1482 1733 per
1526 1654 1790 1733 singulas
1842 1662 1963 1716 tam
2008 1656 2456 1732 coniugationes
2505 1672 2679 1732 quam
2725 1653 3187 1730 significationes

618 1754 934 1816 verborum
992 1757 1377 1816 inveniuntur
1432 1757 1728 1817 derivatae
1786 1759 2267 1827 terminationeS,
2326 1765 2389 1816 ut
2446 1774 2651 1816 amans
2706 1755 2926 1815 docens
2982 1754 3184 1830 legens

616 1860 853 1937 sapiens
896 1857 1173 1929 audiens,
1225 1856 1252 1940 ΙΙ
1301 1859 1584 1919 amandus
1628 1859 1926 1920 docendus
1972 1859 2257 1937 legendus
2301 1857 2629 1919 audiendus
2680 1856 3018 1936 sequendus
3062 1874 3184 1914 me-

617 1958 868 2021 tuendus
913 1958 1270 2020 furibundus
1300 1960 1693 2031 ludibunduS,
1741 1969 1980 2023 vocatus
2011 1961 2217 2021 doctus
2255 1962 2516 2040 scriptus
2559 1959 2822 2028 audituS,
2872 1965 3187 2019 vocaturus
3216 1975 3265 2011 15

615 2062 897 2122 docturus
941 2064 1274 2141 scripturus
1318 2062 1663 2133 auditurus;
1710 2081 1824 2124 non
1871 2063 2061 2124 solum
2107 2064 2166 2123 in
2214 2061 2620 2123 accidentibus
2664 2059 3032 2129 nominibuS‚
3080 2059 3184 2118 sed

615 2166 792 2225 etiam
847 2166 907 2223 in
962 2164 1097 2224 lixis
1151 2163 1453 2226 vocabulis
1513 2163 1635 2244 [vel
1691 2163 2089 2245 participiis],
2149 2173 2207 2225 et
2263 2166 2518 2226 maxime
2574 2165 2878 2225 femininis
2943 2165 3006 2222 in
3076 2180 3183 2222 ura

616 2264 1055 2335 desinentibuS‚
1105 2273 1169 2326 ut
1211 2269 1443 2345 pictura
1488 2268 1789 2347 scriptura
1833 2267 2011 2328 litura
2057 2274 2267 2328 natura
2314 2285 2583 2328 censura.

782 2368 952 2429 Licet
995 2375 1190 2428 autem
1247 2368 1721 2430 observationem
1780 2388 1896 2429 non
1961 2370 2233 2431 inutilem
2299 2369 2563 2439 tradere,
2633 2387 2746 2448 qua
2807 2368 3185 2445 cognoscitur

615 2471 898 2550 quasdam
944 2488 1144 2530 rerum
1190 2471 1557 2533 differentias
1611 2481 1821 2532 natura
1864 2472 2235 2551 frequentius
2293 2474 2439 2533 artis
2490 2470 2849 2533 adminiculo
2895 2470 3184 2550 reperire.
3212 2489 3266 2528 20

616 2575 834 2653 quippe
891 2574 1126 2633 nomina
1182 2572 1499 2633 verborum
1556 2575 1786 2651 origine
1839 2573 2089 2635 deducta
2145 2582 2204 2633 et
2242 2575 2479 2651 gemino
2522 2575 2691 2653 quasi
2737 2574 2897 2632 sonte
2943 2590 3185 2632 manan-

617 2677 694 2735 tia
752 2674 981 2735 diversa
1041 2674 1371 2736 litterarum
1429 2676 1718 2736 divisione
1774 2678 2089 2754 separavit.
2177 2694 2313 2736 nam
2370 2675 2444 2736 ab
2502 2675 2822 2736 indicativo
2882 2677 3185 2754 praesenti

617 2776 989 2839 venientibus
1035 2775 1376 2839 nominibus
1419 2787 1553 2839 ante
1600 2777 1900 2841 clausulae
1947 2777 2200 2839 casualis
2244 2777 2505 2839 vocalem
2553 2796 2758 2838 omnes
2792 2784 3186 2838 consonantes

617 2882 929 2960 positionis
973 2877 1292 2940 verborum
1336 2883 1752 2959 significativas
1798 2882 2171 2960 praeposuit,
2220 2879 2449 2941 duabus
2495 2882 2758 2960 exceptis
2804 2887 3061 2951 tantum,
3122 2879 3183 2939 id

615 2990 705 3042 est
759 3003 788 3042 s
842 2991 901 3043 et
957 2989 1008 3052 t;
1064 2980 1283 3061 quibus
1337 2982 1478 3043 solis
1535 2985 1808 3062 permisit
1862 2990 1927 3044 ut
1981 3001 2098 3044 non
2153 2983 2345 3044 solum
2401 2983 2599 3044 verbis
2653 2982 3013 3062 praecedant
3057 2983 3179 3043 fre·
3208 2999 3264 3039 25

614 3085 1000 3164 quentativiS,
1059 3102 1209 3162 quae
1256 3083 1575 3146 derivativa
1621 3093 1788 3156 sunt,
1845 3085 1950 3146 sed
2007 3093 2071 3147 ut
2116 3087 2258 3146 item
2303 3093 2439 3147 ante
2483 3103 2688 3147 omnes
2734 3085 3186 3146 terminationes

616 3186 877 3256 luceant,
937 3203 1086 3264 quae
1142 3187 1214 3247 de
1271 3189 1593 3266 praeterito
1636 3189 1907 3266 perfecto
1950 3188 2043 3248 vel
2089 3189 2379 3248 infinitivo
2423 3188 2612 3248 futuri
2670 3187 3058 3256 descendant,
3122 3195 3186 3246 ut

614 3287 880 3366 exempla
926 3289 1229 3349 nominum
1275 3288 1579 3349 declarant
1623 3298 1758 3350 ante
1805 3290 1942 3351 lata.
2032 3287 2103 3349 de
2159 3288 2377 3369 quibus
2433 3288 2708 3350 omnibus
2753 3289 3187 3350 terminationi-

614 3388 723 3450 bus
768 3397 826 3449 et
871 3389 1346 3451 traductionibus
1391 3393 1528 3470 quia
1557 3387 1871 3475 Romalnae
1919 3392 2118 3453 lumen
2164 3392 2506 3461 facundiae,
2554 3409 2750 3462 meuS,
2796 3393 2978 3452 immo
3023 3409 3184 3451 com-

613 3493 807 3552 munis
862 3493 1122 3553 omnium
1177 3491 1481 3553 hominum
1527 3502 1904 3574 praeceptor,
1964 3498 2026 3556 in
2080 3503 2293 3575 quarto
2337 3495 2410 3555 de
2467 3495 2705 3554 nomine
2757 3493 2911 3554 libro
2956 3512 3185 3554 summa
3211 3517 3265 3556 ao

611 3613 743 3654 cum
800 3593 1128 3655 subtilitate
1186 3596 1592 3673 copiosissime
1652 3598 2074 3674 grammaticus
2137 3597 2481 3658 Priscianus
2544 3596 2898 3657 disseruisse
2965 3613 3182 3673 cogno-

612 3697 830 3767 scitur,
887 3696 1023 3779 ideo
1077 3703 1389 3756 contentus
1434 3696 1580 3759 haec
1636 3698 1706 3758 ad
1753 3699 2149 3762 renovandam
2205 3707 2432 3760 tantum
2479 3698 2649 3759 modo
2693 3699 3016 3777 legentium
3052 3701 3184 3757 'me-

610 3800 858 3859 moriam
890 3799 1330 3877 perstrinxisse,
1364 3798 1628 3877 reliquae
1661 3802 1814 3879 parti
1846 3803 2259 3880 promissionis
2290 3819 2453 3861 meae
2486 3801 2829 3862 satisfacere
2862 3798 3181 3880 temptabo,

611 3901 671 3961 id
716 3907 806 3960 est
850 3918 1031 3979 supra
1086 3901 1298 3978 positis
1343 3899 1861 3964 observationibus
1917 3905 2220 3964 nominum
2273 3903 2345 3965 de
2392 3902 2589 3963 verbis
2632 3903 3036 3964 traductorum
3083 3921 3182 3962 ex-

609 4005 828 4084 ceptiS‚
887 4002 1176 4082 quidquid
1233 4001 1479 4063 verbum
1526 4007 1862 4084 appositum
1907 4007 2133 4067 nomini
2179 4007 2532 4092 reperiatur*
2565 4003 2719 4084 (nam
2758 4024 2874 4065 nou
2916 4004 3105 4065 solum
3152 4024 3185 4065 a
3211 4026 3263 4065 :m

611 4104 790 4164 verbo
847 4122 1092 4175 nomen,
1159 4103 1264 4166 sed
1319 4107 1497 4167 etiam
1562 4105 1810 4168 verbum
1864 4127 1897 4169 a
1941 4108 2178 4170 nomine
2223 4108 2597 4188 deductum),
2656 4106 2969 4170 ostendere
3027 4105 3185 4186 quod

771 4359 796 4411 1
836 4361 953 4412 item
991 4360 1276 4427 (super-scr.
1315 4363 1368 4412 in
1407 4363 1568 4427 tinus)
1606 4365 1863 4431 optatiuus
1901 4364 1952 4413 P
2090 4368 2122 4414 ‘2
2159 4372 2209 4412 et
2251 4364 2304 4413 in
2343 4365 2420 4413 sio
2455 4371 2506 4413 et
2542 4365 2592 4411 in
2628 4363 2761 4412 ibitis
2797 4371 2846 4412 et
2883 4364 2934 4413 in
2970 4362 3098 4412 icius
3134 4364 3185 4412 B

744 4433 778 4481 4
818 4443 869 4481 nt
905 4434 1065 4482 iussio
1106 4433 1236 4482 nisio
1269 4434 1457 4483 mersio
1497 4435 1672 4484 missio
1711 4435 1761 4484 B
1899 4433 1933 4483 5
1970 4433 2189 4484 nisibilis
2217 4433 2476 4499 passibilis
2512 4433 2771 4482 sensibilis
2805 4432 3024 4483 sesibilis
3062 4431 3183 4482 mis-

607 4502 718 4551 silis
755 4501 926 4552 flatilis
963 4502 1012 4552 B
1048 4504 1266 4553 uisibilis
1305 4504 1568 4568 possibilis
1616 4504 1913 4570 pransibilis
1951 4504 2236 4569 plausibilis
2282 4503 2523 4555 sonabilis
2558 4502 2819 4553 missibilis
2864 4503 3112 4554 sensibilis
3152 4517 3183 4550 a

606 4573 758 4621 sedeo
799 4573 966 4621 flatilis
1000 4587 1033 4629 ς
1176 4574 1206 4622 7
1252 4574 1368 4623 steti
1395 4590 1489 4627 om.
1531 4575 1574 4623 B
1713 4575 1748 4625 9
1775 4574 2083 4624 uerbialibus
2121 4574 2233 4624 BP
2372 4573 2436 4625 10
2472 4573 2678 4638 ambigo
2712 4572 2901 4638 ambigi
2938 4573 3184 4637 ambages

609 4643 656 4691 B
703 4642 928 4708 ambigui
967 4644 1209 4708 ambages
1247 4645 1297 4693 P
1328 4643 1533 4709 ambigo
1572 4644 1774 4710 ambegi
1812 4659 1908 4710 ges
1944 4652 1964 4694 t
2104 4645 2167 4695 14
2206 4645 2413 4708 sapiens
2440 4657 2529 4692 om.
2569 4643 2621 4691 B
2760 4643 3051 4706 sequendus
3086 4658 3179 4694 om.

605 4711 655 4760 B
794 4712 863 4763 20
897 4713 1110 4778 reperiri
1141 4727 1176 4769 ς
1311 4716 1380 4764 25
1415 4714 1542 4764 solis
1576 4730 1666 4763 om.
1697 4715 1748 4763 P
1847 4714 1915 4764 26
1950 4711 2356 4779 terminationes]
2397 4713 2601 4764 uocales
2627 4727 2763 4765 corr.
2801 4714 3183 4763 terminationes

607 4782 655 4830 B
793 4780 862 4832 30
899 4782 1027 4832 libro
1063 4798 1154 4832 om.
1193 4785 1240 4832 P
1416 4784 1482 4834 35
1521 4783 1805 4849 repperitur
1842 4785 1892 4833 P
2040 4798 2156 4834 nam
2193 4799 2286 4834 om.
2325 4784 2374 4833 B
2548 4780 2615 4833 36
2651 4781 2807 4848 qnod]
2851 4798 2999 4847 qnam
3038 4798 3177 4835 corr.

606 4851 741 4915 quod
782 4850 831 4900 B
