3541 5564
1592 306 1733 371 ARs
2879 309 2958 374 23

2572 431 2615 473 p.
2645 419 2759 460 1877.
2786 420 2837 461 78
2862 418 2908 460 P.

378 495 470 555 hic
514 502 753 574 tempus
798 494 1082 574 designat.
1138 530 1208 541 —-
1257 496 1533 558 Tribus
1577 499 2019 577 generibus,
2080 506 2155 560 ut
2197 498 2317 559 hic
2365 499 2665 560 ethaeo
2710 508 2780 561 et
2821 501 3098 568 hoe363,
3129 510 3189 559 18

375 597 662 675 legens:
709 600 1021 679 participia
1067 602 1261 660 omnia
1310 604 1595 680 temporis
1640 605 2004 682 praesentis,
2051 621 2201 682 quae
2246 603 2491 663 veniunt
2533 602 2607 661 ab
2653 604 2853 664 activis
2898 612 2956 665 et

378 699 741 761 neutralibus
783 699 1031 776 verbis!
1071 701 1159 761 vel
1205 722 1237 763 a
1284 703 1717 781 deponentibus
1748 705 1840 765 vel
1888 724 1919 765 a
1965 704 2400 774 communibus,
2447 723 2684 784 semper
2714 708 2953 783 generis

376 812 509 863 sunt
565 804 775 863 omnis
862 806 1169 884 participia
1229 824 1463 883 semper
1520 808 1699 866 totius
1754 808 1992 885 generis
2049 805 2764 885 ablativumsingularem
2810 810 2869 868 in
2918 829 2950 869 e

324 905 626 966 ⁵litteram
660 907 915 966 mittunt.
978 908 1282 986 participia
1331 909 1391 966 in
1436 926 1499 966 se
1544 909 1794 968 invicem
1843 909 1920 968 ita
1965 917 2308 969 recurrunt:
2356 911 2405 969 si
2434 911 2746 988 participio
2776 929 2947 989 prae-

373 1010 557 1068 sentis
616 1009 900 1087 temporis
957 1007 1125 1069 tollas
1178 1029 1206 1067 s
1262 1006 1513 1070 litteram
1575 1016 1632 1069 et
1687 1009 1871 1070 addas
1929 1010 2068 1080 dus,
2127 1011 2269 1070 sacis
2323 1011 2583 1070 futurum
2643 1018 2873 1090 tempus
2918 1033 2946 1071 a

372 1112 631 1190 passivo,
679 1120 745 1171 ut
788 1110 1103 1174 amandus„
1152 1113 1294 1170 item
1328 1113 1377 1171 si
1410 1112 1718 1191 participio
1763 1113 2068 1190 praeteriti
2102 1113 2384 1191 temporis
2429 1111 2501 1172 ab
2547 1113 2734 1173 activo
2778 1113 2949 1175 tollas

370 1232 396 1273 s
443 1220 501 1272 et
546 1211 729 1273 addas
774 1231 906 1281 rus,
954 1213 1133 1273 facies
1176 1214 1549 1291 participium
1598 1213 1777 1272 futuri
1823 1216 2105 1292 temporis
2149 1213 2220 1275 ab
2267 1216 2472 1283 actim,
2520 1222 2582 1275 ut
2627 1225 2945 1276 amaturus

373 1316 569 1375 neutri
612 1314 876 1392 regulam
924 1314 995 1375 ab
1052 1316 1221 1376 activi
1275 1314 1602 1392 intellegiS,
1664 1317 1797 1396 qnia
1854 1317 2039 1395 ipsam
2099 1318 2379 1395 sequitur.
2472 1316 2774 1396 deponens
2819 1336 2947 1377 ver-

299 1418 506 1478 1ohum
564 1418 782 1497 passivi
838 1415 1101 1496 regulam
1162 1419 1447 1496 sequitur.
1509 1452 1578 1462 —
1640 1418 1998 1498 Tempora
2055 1419 2661 1498 participiorum:
2709 1421 2948 1498 partici-
2976 1424 3039 1471 22

367 1522 528 1599 pium
574 1537 861 1599 praesens
906 1521 966 1579 in
1013 1538 1084 1579 ns
1129 1517 1355 1580 litteras
1400 1538 1637 1599 semper
1681 1521 2033 1582 terminatur
2090 1518 2163 1581 ab
2221 1522 2383 1580 omni
2441 1520 2623 1580 verbo
2669 1520 2740 1580 ab
2788 1522 2948 1581 omni

368 1624 807 1701 coniugatione,
870 1630 935 1681 ut
991 1640 1196 1682 amans
1253 1621 1471 1681 docens
1500 1620 1735 1700 ‘legens
1826 1624 2209 1700 praeteritum
2254 1624 2629 1702 participium
2677 1641 2749 1682 us
2794 1641 2946 1683 sem-

366 1745 474 1805 per
519 1726 869 1787 terminatur
916 1731 974 1784 et
1020 1730 1107 1784 est
1150 1724 1387 1801 generis
1432 1723 1774 1793 masculini,
1822 1732 1888 1784 ut
1918 1724 2125 1785 doctus
2158 1730 2385 1785 amatus
2416 1723 2622 1785 lectus,
2683 1724 2944 1785 futurum

366 1828 742 1908 participium
781 1830 791 1900 1
830 1825 1056 1886 duabus
1087 1824 1313 1903 regulis
1344 1827 1724 1895 terminatur,
1772 1834 1836 1886 ut
1870 1824 2099 1906 [legens
2131 1825 2418 1887 lecturus:
2465 1828 2789 1905 praeterito
2836 1834 2942 1901 tuS,

300 1939 345 1978 ¹⁵
373 1940 435 1991 ut
480 1926 700 2009 lectus]
747 1928 1031 2007 legendus
1075 1927 1357 1989 lecturuS.
1404 1962 1489 1972 —
1531 1931 1575 1989 A
1623 1931 2016 1989 communi:
2075 1927 2208 2014 ideo
2255 1930 2385 2009 quia
2432 1930 2601 1988 activi
2648 1927 2765 1988 duo
2812 1946 2944 2008 par·
2971 1934 3037 1983 28

366 2034 567 2113 ticipia
611 2039 776 2092 tenet
821 2039 878 2091 et
921 2030 1038 2091 duo
1082 2032 1323 2110 passivi,
1372 2038 1686 2110 propterea
1735 2049 2048 2091 commune
2092 2030 2335 2091 verbum
2382 2038 2662 2110 quattuor
2707 2032 2945 2109 partici-

363 2136 460 2214 pia
505 2134 718 2212 recipit
774 2131 933 2213 [quia
994 2134 1164 2193 activi
1217 2133 1545 2211 passivique
1613 2133 2104 2210 significationem
2163 2133 2556 2202 demonstrat,
2625 2142 2943 2212 propterea

367 2254 576 2297 eorum
621 2234 759 2295 bina
803 2231 1161 2314 participia].
1204 2269 1272 2279 —
1310 2233 1613 2295 Numeri
1660 2236 2236 2313 participiorum
2284 2242 2461 2315 quot
2504 2235 2739 2295 sunt?:
2787 2254 2944 2295 com·
2972 2240 3037 2289 30

364 2339 560 2399 munis
605 2355 885 2398 numerus
929 2337 988 2397 in
1033 2338 1359 2416 participiis
1404 2354 1724 2415 numquam
1770 2336 2251 2415 deprehenditur.
2295 2372 2358 2384 —
2411 2338 2728 2415 Figurae
2773 2355 2943 2416 par·
2971 2340 3031 2390 31

290 2442 808 2521 2Oticipiorum
855 2447 1027 2518 quot
1071 2440 1279 2500 sunt?
1335 2438 1548 2499 duae:
1619 2457 1735 2517 quo
1797 2439 2003 2500 ordine
2042 2436 2069 2523 Η
2116 2441 2424 2519 participia
2473 2441 2971 2529 componuntur?

365 2562 481 2624 quo
530 2548 590 2603 et
631 2542 887 2602 nomina.
940 2575 1011 2585 -—
1064 2541 1156 2602 Da
1204 2538 1791 2601 declinationem
1847 2542 2241 2621 participii
2295 2543 2724 2621 praesentis
2765 2544 3034 2602 tem-32

362 2646 603 2725 poris:
652 2645 964 2723 participia
1011 2662 1161 2724 quae
1206 2643 1447 2704 veniunt
1490 2642 1563 2703 ab
1609 2644 1795 2703 activo
1826 2642 1917 2703 vel
1949 2643 2205 2704 neutrali
2236 2643 2412 2704 verbo
2444 2662 2682 2723 semper
2710 2645 2946 2722 generis

363 2753 502 2808 sunt
557 2746 767 2808 omnis.
833 2780 901 2790 —
963 2748 1008 2808 Α
1065 2745 1290 2806 verbo
1359 2746 1601 2806 activo
1668 2746 2028 2825 temporis
2092 2748 2556 2826 praesentis:
2633 2748 2942 2826 participia
2968 2751 3032 2800 33

363 2852 474 2911 ista
520 2850 848 2928 praesentis
896 2850 1179 2928 temporis
1223 2867 1461 2928 semper
1505 2850 1713 2909 tertiae
1758 2855 1896 2908 sunt
1949 2847 2376 2910 declinationis.
2436 2856 2495 2909 et
2537 2850 2685 2910 haec
2731 2858 2789 2911 et
2833 2847 2940 2911 alia

288 2965 338 3004 2⁵
363 2950 576 3013 similia
637 2953 797 3012 iuxta
851 2952 1022 3011 istam
1081 2950 1533 3012 declinationem
1587 2947 2029 3033 inflectemuS.l
2091 2986 2164 2995 -
2226 2950 2325 3011 Ab
2380 2952 2516 3011 hoc
2562 2959 2633 3012 et
2677 2950 2765 3012 ab
2810 2952 2943 3013 hac
2966 2955 3141 3017 364,2

366 3061 437 3114 et
491 3052 577 3116 ab
635 3052 774 3128 hoc
827 3052 1163 3132 legente:
1239 3071 1474 3132 semper
1540 3053 1849 3132 participia
1903 3054 2234 3132 praesentis
2288 3055 2572 3133 temporis
2628 3053 2941 3114 ablativum

362 3154 725 3234 singularem
780 3156 840 3216 in
899 3174 931 3215 e
987 3155 1240 3217 litteram
1295 3156 1564 3224 mittunt,
1622 3155 1761 3215 licet
1814 3156 2149 3233 genetivum
2193 3155 2483 3235 pluralem
2529 3157 2591 3215 in
2635 3158 2756 3216 ium
2804 3158 2939 3216 mit-

362 3265 513 3318 tunt.
569 3292 638 3300 —
689 3257 733 3317 A
780 3256 1007 3318 verbo
1054 3258 1294 3319 activo
1338 3259 1696 3337 temporis
1739 3256 2003 3317 futuri:
2064 3259 2371 3337 participia
2415 3260 2524 3320 ista
2568 3259 2749 3319 futuri
2795 3263 2998 3319 tem-7

361 3362 528 3440 poris
583 3358 657 3419 ab
714 3361 900 3418 activo
963 3359 1349 3420 masculinum
1409 3367 1467 3420 et
1525 3366 1802 3419 neutrum
1858 3358 2152 3419 secundae
2220 3359 2631 3420 declinationis
2700 3358 2939 3428 habent,

286 3477 335 3516 30
363 3462 713 3522 femininum
744 3462 992 3539 primae.
1055 3461 1202 3521 haec
1234 3469 1292 3521 et
1322 3460 1429 3522 alia
1463 3460 1674 3521 similia
1705 3461 1867 3522 iuxta
1912 3460 2064 3521 hanc
2094 3460 2544 3523 declinationem
2588 3461 2942 3522 inflectenda

361 3571 517 3623 sunt.
574 3597 642 3606 -—
692 3563 736 3621 A
786 3562 1012 3623 verbo
1052 3566 1360 3640 passivo
1404 3565 1767 3642 temporis
1813 3565 2245 3643 praeteriti:
2292 3565 2598 3643 participia
2631 3564 2739 3623 ista
2770 3582 2939 3642 prae·
2969 3569 3030 3616 15

360 3665 520 3725 teriti
558 3666 861 3743 temporis
919 3683 950 3724 a
1009 3666 1238 3743 passivo
1284 3664 1389 3726 lias
1435 3664 1858 3726 declinationes
1903 3664 2150 3735 liabent,
2199 3684 2342 3745 quas
2386 3659 2590 3727 suturs
2613 3664 2686 3725 ab
2731 3667 2935 3727 activo.

364 3800 440 3809 —
485 3766 899 3845 Participia
931 3768 1312 3828 venientia
1343 3787 1375 3827 a
1408 3766 1633 3827 verbo
1665 3769 1963 3846 passivo
1995 3765 2216 3828 similes
2247 3766 2666 3827 declinationes
2696 3766 2933 3829 habent.

356 3869 506 3929 haec
551 3870 860 3947 praeteriti
905 3871 1188 3948 temporis
1233 3869 1525 3931 secundae
1582 3868 1993 3930 declinationis
2036 3877 2175 3931 sunt
2215 3871 2278 3929 in
2324 3869 2647 3930 masculino
2693 3878 2753 3931 et
2795 3889 2937 3932 neu-

284 3979 471 4040 35110,
520 3972 581 4031 in
627 3971 910 4031 feminino
956 3973 1213 4051 primae.

496 4211 621 4263 God.
660 4212 821 4262 Ber-n.
858 4211 921 4260 111
954 4209 1094 4260 7*—
1118 4211 1183 4259 lV
1228 4213 1271 4261 1.
1415 4214 1445 4259 5
1483 4212 1737 4275 praesenti
1773 4212 2020 4277 temporis
2159 4212 2193 4263 6
2229 4227 2255 4261 s
2281 4211 2446 4262 littera
2585 4212 2620 4262 9
2651 4213 2737 4275 qui
2775 4212 2940 4278 ipsam

498 4280 560 4331 11
601 4282 649 4330 in
682 4297 741 4331 ns
774 4282 937 4331 littera
1082 4282 1142 4330 12
1180 4279 1259 4347 us]
1303 4295 1359 4330 os
1471 4284 1532 4332 14
1566 4281 1668 4346 tus]
1711 4281 1806 4330 dus
1924 4281 1990 4332 18
2020 4282 2156 4344 quod
2192 4292 2308 4332 sunt
2412 4280 2477 4333 19
2515 4281 2940 4347 depraehendituu

493 4351 565 4401 20
602 4352 737 4415 quod
773 4362 889 4401 sunt
1027 4361 1382 4417 comparantur
1518 4353 1585 4402 23
1625 4353 1837 4417 tempori
1878 4352 2159 4415 praesentis
2300 4352 2364 4402 31
2405 4367 2435 4400 a
2474 4352 2627 4400 herbo
2667 4354 2827 4410 (corr.
2867 4354 2938 4402 al.

353 4437 486 4474 man,
520 4421 704 4487 uerbo)
741 4421 982 4486 temporis
1017 4422 1299 4486 praesentis
1336 4422 1601 4487 participia
1729 4425 1797 4474 34
1836 4422 1885 4470 in
1924 4422 2258 4472 masculinum
2292 4432 2340 4471 et
2371 4430 2603 4471 neutrum
2640 4421 2937 4474 femininum

494 4611 527 4659 9
566 4612 629 4660 ab
667 4612 833 4660 actiuo
872 4613 1151 4662 Putat-hius.
1195 4611 1506 4660 scribendum
1540 4611 1740 4660 videtur
1772 4618 1859 4660 aut
1891 4611 1952 4660 ab
1992 4611 2141 4660 activi
2181 4611 2377 4678 regula,
2416 4611 2534 4673 quia
2571 4610 2735 4674 ipsam
2767 4612 2935 4675 sequi-

354 4695 439 4732 tur
476 4690 567 4731 auc
603 4683 666 4731 ab
695 4682 877 4742 activo,
916 4685 1051 4744 quod
1081 4683 1246 4747 ipsum
1287 4681 1515 4744 sequitur
1623 4682 1681 4730 14
1720 4682 1783 4730 de
1813 4681 2008 4730 duabus
2030 4683 2221 4745 requlis
2249 4682 2514 4744 participii
2541 4680 2706 4740 futuri
2736 4680 2936 4731 uberius

348 4756 635 4814 expositum
683 4752 848 4815 fuisse
899 4753 1095 4801 videtur
1141 4768 1175 4800 a
1219 4752 1558 4815 grammatico,
1633 4750 1812 4800 deinde
1856 4766 1984 4816 quae
2028 4753 2169 4801 uncis
2204 4753 2384 4802 inclausi
2422 4751 2494 4800 ad
2525 4751 2655 4804 Bon.
2702 4750 2832 4811 363,
2868 4753 2932 4799 ’.Ξ-’1

348 4825 609 4886 pertinent
