3541 5564
1599 365 1741 429 Ans
2877 359 2957 431 31

1712 512 1721 517 -
2579 487 2622 530 p.
2651 478 2763 519 1885.
2789 479 2840 519 86
2867 476 2912 517 P.

392 555 739 632 Epitrite’:
796 553 856 615 hi
900 555 1077 616 etiam
1123 555 1309 635 hippii
1340 554 1634 617 dicuntur.
1681 589 1766 599 --
1824 554 2233 634 Evssvyc'czt
2277 556 2553 618 dicuntur
2597 556 2777 618 latine
2822 576 2961 618 cou-
2984 568 3270 627 370,21.2⁷

390 659 744 719 iunctiones.
796 692 873 701 —
932 657 1297 736 Deinceps
1354 657 1510 716 alii:
1571 675 1820 735 quorum
1879 660 2113 729 uomina
2159 659 2219 718 in
2264 677 2374 719 usu
2420 678 2537 720 non
2583 667 2735 719 sunt.
2825 678 2961 739 pro-

390 760 504 837 prii
536 760 720 839 pedes
750 766 887 821 sunt
915 758 1167 819 xxviii.
1201 793 1287 804 ·--
1329 757 1561 819 Pedes
1605 766 1986 837 quattuor:
2038 757 2219 840 [ratio
2265 761 2606 822 varietatum
2652 758 2798 821 haec
2845 769 2962 822 est:
2989 774 3055 822 28

390 867 535 937 quot
579 862 891 923 varietates
937 862 1188 936 luerint,
1238 869 1425 941 tot,et
1468 860 1651 940 pedes
1695 870 1859 929 sunt,
1920 863 2054 938 quia
2101 880 2216 922 una
2260 860 2479 940 syllaba
2524 862 2670 922 duas
2715 864 2960 923 varieta—

342 979 366 1018 5
397 971 483 1022 tes
529 961 736 1034 babet,
786 973 884 1024 aut
928 962 1120 1024 brevis
1167 970 1256 1024 est
1297 970 1404 1024 aut
1429 961 1644 1042 [onya]
1678 964 1814 1043 quia
1863 962 2013 1023 duae
2057 961 2312 1042 syllabae
2345 971 2623 1041 quattuor
2655 965 2966 1025 varietates

385 1064 625 1135 habent,
675 1068 811 1143 quia
856 1074 955 1127 aut
998 1064 1208 1143 longae
1253 1071 1389 1125 sunt
1419 1075 1517 1125 aut
1547 1064 1775 1134 breves,
1824 1073 1924 1126 aut
1970 1083 2082 1125 una
2127 1064 2301 1142 longa
2336 1074 2394 1126 et
2439 1084 2555 1127 una
2604 1065 2815 1134 brevis,
2865 1072 2966 1126 aut

388 1184 505 1226 una
552 1165 751 1228 brevis
808 1177 865 1229 et
922 1187 1038 1229 una
1095 1167 1287 1246 longa.
1375 1165 1663 1246 trisyllabi
1716 1165 1975 1227 sedecim
2021 1166 2200 1247 pedes
2244 1185 2351 1245 per
2396 1169 2706 1228 varietates
2749 1167 2967 1228 similes

388 1270 613 1329 faciunt
646 1270 876 1339 XXXII,
929 1268 1284 1349 tetrasyllabi
1316 1270 1617 1347 sexaginta
1650 1274 1709 1328 et
1751 1277 2027 1348 quattuor
2068 1287 2202 1329 cum
2244 1264 2274 1352 {l
2313 1268 2627 1348 trisyllabis
2666 1272 2964 1348 geminati.

392 1403 465 1413 ——
517 1370 660 1432 Ideo
708 1380 1021 1451 excepto
1066 1370 1641 1451 amphibracho,
1677 1373 1952 1448 quoniam
1986 1370 2443 1450 amphibrachus
2473 1379 2635 1433 caret
2663 1372 3058 1452 divisione,30

316 1492 361 1529 ιο
387 1473 528 1550 quia
573 1492 678 1552 pes
724 1476 823 1551 qui
867 1472 1034 1533 illum
1068 1473 1391 1543 antecedit,
1440 1472 1893 1553 amphimacrus,
1941 1474 2199 1551 quinque
2243 1483 2510 1553 tempora
2544 1473 2811 1535 habetet
2853 1476 2965 1534 iste

387 1581 697 1651 quattuor.
745 1594 855 1636 nec
887 1575 1124 1653 duplum
1175 1583 1263 1635 est
1303 1595 1412 1635 nec
1443 1594 1690 1654 aequum
1724 1593 1834 1635 nec
1868 1572 2199 1654 sescuplum
2231 1595 2268 1631 a
2350 1580 2360 1648 Ι
2397 1575 2532 1635 ideo
2579 1576 2963 1656 epitritus,
2993 1590 3053 1637 31

386 1678 506 1735 sive
539 1678 674 1755 quia
709 1685 952 1757 septena
985 1685 1279 1756 tempora;
1329 1689 1387 1739 et
1430 1696 1686 1758 paeones
1730 1678 1936 1756 quina,
1986 1677 2239 1754 ideoque
2284 1678 2513 1754 integra
2557 1677 2766 1737 divisio
2810 1679 2965 1738 inter

386 1783 582 1859 ipsos,
644 1798 754 1839 nec
807 1777 984 1858 dupla
1030 1779 1132 1839 sed
1178 1778 1447 1859 sescupla
1494 1797 1623 1838 esse
1668 1787 1890 1858 potest,
1940 1780 2074 1856 quia
2119 1780 2297 1839 semis
2343 1780 2539 1840 minus
2585 1786 2692 1839 est.
2768 1798 2963 1839 sescu-

388 1882 555 1963 plum
601 1884 758 1941 enim
804 1888 893 1941 est
937 1879 1240 1941 dimidium
1286 1880 1361 1940 de
1405 1880 1599 1960 duplo,
1632 1914 1714 1924 —
1760 1881 1963 1942 Enim
2009 1899 2236 1960 aequa
2279 1879 2550 1941 divisio
2598 1889 2732 1942 est:
2780 1899 2965 1959 aequa

314 2002 361 2040 15
387 1985 599 2045 divisio
646 2002 829 2044 unum
877 1991 935 2043 et
981 2001 1183 2051 unum,
1234 1981 1346 2043 duo
1395 1989 1454 2043 et
1495 1983 1641 2050 du0;
1687 1981 1866 2062 dupla
1912 2001 2093 2043 unum
2125 1992 2184 2042 et
2227 1981 2360 2056 du0‚
2411 1982 2528 2043 duo
2573 1990 2632 2043 et
2675 1992 2965 2063 quattuor,
2994 1999 3060 2047 33

388 2092 669 2165 quattuor
702 2092 761 2145 et
802 2092 963 2152 octo;
1016 2083 1216 2164 [tripla
1251 2083 1335 2164 et]
1370 2084 1639 2164 sescupla
1674 2086 1787 2145 tria
1834 2091 1893 2144 et
1935 2084 2049 2145 duo
2094 2093 2196 2144 aut
2240 2083 2356 2144 duo
2403 2092 2462 2145 et
2505 2087 2634 2145 tria.
2698 2088 2967 2165 quotiens

385 2206 503 2249 una
552 2206 693 2267 pars
737 2186 985 2248 alteram
1028 2194 1258 2266 partem
1306 2187 1618 2248 medietate
1662 2188 1849 2265 partis
1895 2188 2102 2255 vincit,
2149 2195 2290 2247 tunc
2334 2187 2602 2267 sescupla
2647 2196 2762 2257 est,
2808 2188 2966 2249 utin

384 2287 737 2369 paeonibus.
790 2287 1007 2368 [aequa
1037 2287 1350 2369 dactulica]
1401 2286 1862 2370 amphibrachus
1893 2287 2110 2349 nullam
2157 2287 2228 2348 de
2271 2287 2465 2349 tribus
2508 2287 2686 2349 habet
2730 2288 2964 2350 divisio-

388 2410 556 2461 nem,
607 2392 913 2471 quoniam,
959 2392 1008 2451 si
1054 2391 1309 2451 mediam
1356 2389 1586 2468 longam
1634 2389 1705 2450 ad
1752 2392 1914 2452 arsin
1958 2391 2204 2461 adicia8‚
2254 2398 2376 2451 tres
2422 2397 2598 2451 erunt
2641 2393 2701 2451 in
2747 2393 2861 2452 arsi
2911 2399 2968 2451 et

314 2512 362 2549 20
389 2512 503 2554 una
552 2495 614 2552 in
647 2493 827 2561 thesi;
877 2496 928 2553 si
969 2493 1041 2554 ad
1084 2492 1277 2554 thesin
1317 2492 1627 2563 adhibeas),
1676 2511 1860 2553 unum
1920 2495 2032 2552 erit
2079 2491 2316 2574 [unum]
2365 2502 2596 2572 tempus
2639 2494 2702 2554 in
2747 2496 2863 2553 arsi
2910 2502 2967 2553 et
3076 2546 3080 2550 .

360 2597 498 2656 tria
544 2597 608 2655 in
653 2595 836 2665 thesi,
894 2613 1043 2674 quae
1097 2615 1195 2657 res
1251 2614 1361 2656 nec
1416 2613 1662 2675 aequam
1696 2590 1825 2655 'nec
1871 2593 2106 2674 duplam
2153 2613 2264 2656 nec
2307 2594 2633 2674 sescuplam
2678 2597 2967 2673 significat

387 2698 758 2759 divisionem.
818 2696 1089 2758 similiter
1137 2708 1195 2758 et
1239 2699 1458 2776 epitriti
1505 2704 1784 2775 quattuor
1822 2732 1904 2740 -—-
1935 2697 1991 2757 M
2005 2698 2150 2757 etri
2180 2697 2406 2776 pedes
2434 2696 2784 2775 legitimi:
2839 2695 2966 2777 [qui
2991 2707 3056 2755 35

386 2809 525 2861 sunt
564 2796 577 2884 Ι
618 2799 932 2869 naturaleS,
978 2801 1039 2860 in
1085 2798 1327 2861 heroico
1370 2800 1682 2879 spondius;
1732 2800 1897 2860 nothi
1944 2801 2296 2878 degeneres,
2343 2807 2408 2860 ut
2452 2802 2502 2861 si
2547 2801 2707 2862 dicas
2752 2801 2966 2861 nothus

386 2903 459 2962 de
503 2911 676 2982 patre
722 2901 906 2962 nobili
950 2909 1011 2962 et
1053 2909 1240 2963 matre
1284 2901 1578 2984 ignobili]
1643 2901 1892 2980 legitimi
1937 2911 2075 2962 sunt
2117 2901 2393 2982 spondei,
2443 2904 2577 2982 quia
2622 2903 2797 2981 primi
2853 2903 2963 2981 ipsi

314 3005 612 3064 niuventi
665 3011 799 3064 sunt
855 3010 908 3064 et
967 3022 1039 3063 ex
1091 3005 1233 3082 ipsis
1288 3004 1385 3064 alii
1440 3005 1577 3066 lacti
1633 3006 1796 3064 nothi
1856 3002 2240 3084 [simplices];
2298 3005 2465 3064 nothi
2521 3002 2769 3072 dactuli,
2829 3006 2961 3083 quia

394 3107 581 3167 l'racta
639 3104 859 3184 syllaba
914 3105 1164 3185 spondei
1210 3106 1395 3166 factus
1440 3114 1529 3166 est
1571 3107 1815 3176 nothuS,
1863 3105 2002 3166 inde
2047 3107 2315 3168 lacticius
2363 3105 2457 3185 [ut
2499 3099 2795 3183 Vergilius

706 3209 1092 3287 supposita
1138 3206 1222 3268 (le
1266 3216 1497 3270 matre
1544 3207 1808 3269 nothos
1851 3208 2095 3269 furata
2141 3207 2485 3288 creavit].

1381 3394 1478 3455 DE
1521 3394 1979 3457 ACCENTfflvs

557 3517 850 3585 Accentus
909 3514 1124 3575 dicitur
1178 3516 1434 3595 partium
1493 3515 1793 3575 orationis.
1896 3515 2034 3594 quid
2089 3516 2269 3594 igitur
2323 3523 2598 3576 accentus
2653 3516 2962 3578 dicuntur?
2988 3524 3103 3586 371,
3129 3525 3161 3573 2

316 3637 362 3676 ao
389 3624 450 3677 et
492 3616 622 3676 toni
651 3616 926 3694 dicuntur
971 3624 1032 3677 et
1074 3624 1331 3678 tenores
1395 3624 1602 3678 acutus
1632 3617 1732 3696 qui
1763 3621 1982 3679 cursim
2027 3619 2350 3697 profertur,
2400 3626 2464 3678 ut
2492 3617 2674 3690 arma,
2710 3636 2957 3680 excusso

528 3839 651 3891 God.
691 3838 851 3891 Ber-n.
887 3838 932 3885 V
968 3837 1142 3892 3—4.
1325 3839 1349 3888 l
1403 3837 1642 3887 dicuntur
1685 3838 1839 3888 latine
1886 3837 2049 3902 (corr.
2105 3839 2249 3902 -nae)
2295 3842 2678 3890 coniunctiones
2725 3840 2957 3890 dicuntur

386 3907 632 3973 deinceps
773 3909 804 3958 3
840 3905 987 3974 haec]
1031 3907 1127 3958 hoc
1264 3912 1297 3957 4
1333 3905 1473 3973 quot]
1508 3922 1605 3972 quo
1746 3905 1885 3973 sunt]
1919 3910 2020 3959 siut
2157 3912 2189 3960 5
2225 3909 2408 3959 habent
2548 3921 2634 3962 aut
2673 3911 2826 3977 longa
2862 3926 2954 3963 om.

524 3980 556 4028 7
591 3979 875 4043 tressyllabi
909 3993 1045 4028 corr.
1085 3978 1336 4044 trisyllabi
1474 3977 1508 4029 8
1539 3976 1753 4045 xxxu]
1799 3977 1985 4030 XXXU
2127 3979 2161 4032 9
2195 3979 2501 4030 amflbracho
2621 3980 2956 4031 amflbrachus

528 4048 849 4098 amssmacrns
993 4047 1051 4097 ll
1093 4063 1184 4099 nec
1222 4063 1394 4098 aecum
1432 4065 1522 4098 nec
1557 4049 1883 4115 sexscuplum
2026 4051 2090 4101 12
2146 4047 2285 4115 quia]
2332 4066 2432 4114 qua
2569 4052 2752 4114 ideque
2894 4050 2958 4101 13

391 4118 716 4184 secsuscupla
753 4134 888 4170 corr.
931 4120 1021 4168 sed
1056 4119 1287 4185 sescupla
1431 4118 1492 4170 14
1534 4120 1670 4169 enim
1705 4134 1735 4168 a
1774 4134 1873 4182 qua
1908 4119 2098 4170 diuisio
2242 4120 2307 4171 16
2343 4120 2661 4171 medietatem
2700 4131 2841 4185 parte
2868 4159 2879 4170 .
2908 4121 2951 4167 is

533 4190 595 4240 17
635 4187 970 4240 amssbraehus
1007 4188 1146 4239 nulla
1289 4189 1353 4240 19
1389 4189 1454 4237 ad
1490 4190 1618 4239 arsis
1759 4189 1967 4239 adibeas
2105 4187 2174 4240 20
2217 4191 2267 4239 in
2315 4191 2453 4242 arsin
2492 4201 2540 4241 et
2575 4192 2671 4240 tria
2706 4191 2756 4238 in
2794 4190 2954 4239 thesin

523 4260 590 4309 21
632 4274 721 4308 nec
757 4259 968 4323 duplum
1009 4274 1100 4308 nee
1150 4259 1442 4324 sescuplum
1582 4270 1629 4308 et
1667 4260 1853 4325 epitriti
1892 4269 1941 4309 et
1979 4268 2214 4322 quattuor
2350 4259 2418 4311 23
2458 4263 2603 4311 matri
2743 4258 2812 4311 29
2845 4274 2958 4309 ora·

387 4326 561 4394 tionis]
612 4339 867 4379 oratorum
1007 4329 1129 4392 quid
1167 4329 1322 4395 igitur
1355 4328 1512 4380 edidit
1540 4331 1838 4392 Putet-liius,
1873 4329 1989 4379 milei
2031 4346 2143 4382 ease
2184 4330 2449 4382 videbatur·
2483 4331 2752 4396 quidicitur
2889 4327 2958 4379 30

388 4413 592 4448 cursum
731 4414 871 4449 arma
908 4407 958 4450 et
994 4415 1134 4451 roma
1168 4401 1279 4449 sine
1303 4399 1432 4448 notis
1467 4407 1751 4451 accentum

529 4591 559 4639 7
592 4590 817 4652 sortasse
842 4599 942 4639 tres
972 4591 1203 4657 syllabae
1238 4599 1369 4651 octo,
1399 4599 1634 4653 quattuor
1661 4589 1888 4654 syllabae
1913 4590 2136 4640 sedecim
2168 4591 2327 4657 pedes
2358 4604 2449 4655 per
2473 4591 2741 4640 varietates
2766 4587 2958 4640 similes

394 4658 600 4714 faciunt.
675 4661 770 4710 aed
808 4667 1087 4722 praeterea
1121 4661 1184 4710 de
1236 4661 1551 4720 expositione
1589 4661 1770 4722 pedum
1820 4661 2111 4723 duplicium,
2159 4661 2232 4710 ad
2279 4676 2426 4726 quam
2458 4662 2653 4726 reliqua
2687 4662 2957 4726 pertinent,

392 4731 633 4792 quaedam
667 4731 918 4780 eaeddisae
949 4745 1157 4782 necesse
1190 4736 1272 4781 est
1415 4730 1477 4779 12
1512 4739 1723 4794 septena
1760 4744 1989 4795 tempora
2024 4731 2175 4780 habet
2212 4740 2260 4780 et
2296 4745 2516 4796 paeones
2551 4729 2834 4784 punctim.
2872 4738 2960 4779 aut

394 4806 506 4848 ante
542 4799 655 4849 ideo
687 4806 774 4849 aut
798 4809 917 4864 post
950 4810 1181 4865 tempora
1214 4799 1461 4866 quaedam
1490 4799 1553 4849 de
1588 4798 1875 4862 definitione
1901 4802 2211 4865 epitritorum
2243 4800 2496 4852 excidisse
2522 4801 2753 4850 videntur·
2889 4800 2957 4849 26

394 4866 670 4936 Vergilius]
699 4869 828 4921 Aen.
860 4871 947 4920 vu
975 4870 1084 4924 283
1187 4870 1258 4922 29
1289 4868 1517 4933 fortasse
1544 4879 1783 4922 accentus
1813 4870 2000 4922 dicitur
2027 4872 2171 4935 quasi
2204 4871 2448 4922 adcantus
2472 4871 2690 4938 partium
2716 4871 2958 4922 orationis
