3541 5564
593 332 717 396 598
1705 331 2063 392 MACROBU

594 518 1076 582 emendationes
1109 515 1215 581 vel
1245 517 1311 580 in
1343 515 1694 580 editionem
1739 525 2031 601 receptas
2079 515 2184 580 vel
2227 517 2294 578 in
2341 516 2758 580 adnotatione
2802 515 3182 602 propositas

594 644 629 685 e
673 622 885 708 priore
932 619 1215 684 editione
1259 618 1536 683 Pontani
1582 641 1640 681 a.
1692 617 1851 682 1597
1898 617 2120 704 petivi.
2212 639 2360 681 nam
2419 620 2622 704 ipsam
2670 618 2997 705 Opsopoei
3043 617 3179 683 edi-

593 724 832 788 tionem
878 745 1008 787 non
1055 721 1212 786 vidi.

761 825 1047 889 Diversa
1092 834 1546 911 excerptorum
1590 844 1830 906 genera
1875 845 1957 885 ex
1989 843 2115 885 uno
2146 822 2463 887 Macrobii
2495 822 2715 887 codice
2748 822 2853 886 vel
2898 846 2980 887 ex
3024 846 3181 910 apo-

565 926 856 1012 xgraphis
913 926 1104 989 unius
1162 924 1400 990 codicis
1458 922 1731 989 collecta
1787 945 1929 986 esse
1987 947 2070 988 ex
2124 923 2304 988 vitiis
2365 924 2757 1012 quibusdam
2814 927 3182 1010 scripturae

596 1029 878 1092 maxime
935 1029 1002 1091 in
1044 1028 1441 1113 ⁸fragmentis
1488 1036 1784 1090 veterum
1843 1026 2229 1112 scriptorum
2273 1028 2595 1091 communi
2642 1049 2956 1091 consensu
3003 1037 3067 1091 et
3109 1028 3181 1089 in

595 1130 909 1194 Parisinis
955 1130 1279 1215 excerptis
1327 1129 1501 1191 etin
1546 1139 1830 1192 tractatu
1876 1127 1960 1190 ad
1993 1129 2303 1192 Severum
2347 1128 2629 1193 inventis
2678 1129 2855 1212 (nam
2899 1128 3180 1216 reliquo-

596 1256 737 1296 rum
782 1234 1295 1316 fragmentorum
1340 1231 1550 1295 minor
1594 1232 1660 1292 in
1706 1228 1826 1292 hac
1871 1252 1939 1292 re
1986 1229 2084 1293 vis
2130 1231 2256 1316 est)
2304 1230 2599 1316 adparet.
2687 1233 2994 1316 temporis
3050 1254 3182 1294 au-

595 1346 723 1398 tem
769 1358 897 1420 quo
944 1334 1123 1398 facta
1167 1343 1319 1397 sunt
1362 1332 1607 1396 nullum
1654 1342 1899 1395 certum
1943 1332 2253 1396 indicium
2299 1342 2416 1396 est.
2490 1331 2603 1396 sed
2650 1334 2951 1420 quoniam
3000 1334 3182 1396 Pari-

595 1437 734 1500 sino
790 1435 996 1499 codici
1050 1457 1286 1499 nomen
1342 1436 1738 1521 excerptoris
1787 1435 2228 1519 subscriptum
2275 1444 2374 1497 est
2419 1434 2772 1517 Iohannes,
2821 1437 2989 1498 hunc
3035 1457 3181 1498 esse

595 1539 902 1602 Ioannem
967 1539 1260 1619 Scotum,
1334 1560 1478 1602 eum
1536 1538 1644 1623 qui
1704 1537 1991 1621 Erigena
2046 1535 2245 1622 vulgo
2302 1536 2576 1617 dicitur,
2635 1539 3181 1601 existimaverunt

596 1640 900 1704 Pithoeus
956 1641 1020 1704 in
1079 1640 1360 1704 editione
1416 1639 1693 1704 Pontani
1748 1649 1814 1702 et
1868 1639 2077 1703 editor
2120 1637 2584 1723 glossariorum
2630 1639 2922 1704 Labbaei
2967 1637 3180 1724 praef.

596 1766 655 1827 p.
705 1743 761 1805 7.
838 1764 1003 1828 quae
1060 1743 1459 1821 coniectura,
1518 1739 1867 1805 multorum
1924 1739 2039 1805 illa
2083 1742 2342 1827 quidem
2389 1764 2703 1806 consensu
2752 1741 3179 1828 conprobata,

595 1866 984 1930 quamquam
1041 1842 1216 1907 aliud
1273 1844 1769 1908 fundamentum
1814 1864 1941 1907 non
1988 1843 2210 1924 habet,
2256 1866 2452 1930 quam
2498 1843 2674 1930 quod
2719 1843 2953 1907 studiis
2999 1841 3179 1906 illius

594 1947 876 2010 maxime
921 1954 1389 2009 consentaneus
1447 1969 1589 2009 esse
1637 1945 1982 2010 videbatur
2026 1944 2313 2034 libellus,
2361 1955 2579 2010 tamen
2628 1944 2738 2009 illa
2782 1946 2918 2009 fere
2962 1956 3181 2008 aetate

509 2059 519 2073 '
593 2046 752 2112 haec
809 2058 1119 2135 excerpta
1175 2051 1511 2133 conposita
1566 2071 1706 2111 esse
1752 2048 1891 2113 veri
1948 2047 2156 2112 simile
2202 2058 2319 2111 est.
2409 2071 2557 2112 nam
2603 2059 2739 2113 tum
2784 2049 3061 2133 primum
3107 2049 3180 2109 in

593 2172 790 2234 regno
851 2151 1250 2215 Francorum
1306 2150 1525 2214 studia
1579 2172 1853 2235 graecae
1907 2150 2170 2234 linguae
2224 2151 2514 2214 exerceri
2559 2161 2789 2236 coepta
2834 2163 3001 2214 sunt.
3091 2150 3177 2213 ad

593 2274 757 2337 quae
812 2275 957 2315 eum
1013 2254 1123 2338 qui
1182 2263 1490 2339 excerpta
1543 2253 1696 2316 fecit
1740 2275 2002 2338 operam
2050 2275 2234 2315 suam
2279 2254 2873 2316 accommodavisse
2919 2263 2982 2315 et
3026 2253 3177 2314 sub-

593 2354 857 2441 scriptio
912 2354 1154 2419 codicis
1212 2354 1399 2420 docet
1453 2363 1517 2417 et
1571 2365 1810 2418 natura
1866 2354 2012 2417 libri
2072 2353 2379 2419 declarat.
2468 2356 2597 2417 iam
2661 2377 2816 2418 vcro
2885 2354 2966 2417 de
3032 2354 3179 2438 ipso

592 2455 908 2520 Macrobii
968 2455 1133 2521 libro
1189 2478 1581 2543 quamquam
1637 2467 1786 2542 post
1842 2458 2106 2520 inventa
2160 2457 2515 2521 Bobiensia
2573 2466 2876 2541 excerpta
2932 2457 3177 2519 rectius

591 2581 788 2642 quam
846 2568 1039 2622 antea
1091 2558 1364 2622 iudicari
1431 2567 1675 2643 potest,
1735 2568 1949 2620 tamen
2010 2581 2090 2621 ne
2149 2581 2320 2622 nunc
2376 2558 2635 2645 quidem
2693 2559 2851 2621 satis
2898 2553 3177 2636 constat,

593 2671 937 2746 propterea
1002 2659 1174 2746 quod
1241 2661 1648 2743 grammatici
1717 2682 1845 2724 non
1910 2658 2049 2725 solo
2117 2670 2570 2747 excerptorum
2638 2659 2902 2724 munere
2967 2660 3178 2723 functi

594 2772 778 2844 sunt,
838 2760 951 2825 sed
1010 2760 1214 2826 multa
1274 2762 1467 2853 etiam
1526 2762 1648 2848 ipsi
1705 2769 2133 2826 novaverunt.
2224 2786 2372 2826 nam
2430 2763 2486 2826 is
2542 2764 2651 2850 qui
2708 2762 3011 2826 Parisina
3065 2785 3179 2825 ex-

590 2874 812 2951 cerpta
866 2864 1208 2950 conposuit
1262 2873 1336 2927 ut
1393 2873 1845 2947 argumentum
1900 2873 1965 2927 ct
2019 2864 2311 2928 ordinem
2371 2863 2522 2929 libri
2568 2865 2933 2929 accuratius
2980 2887 3179 2951 quam

591 2966 821 3052 reliqui
868 2966 1193 3046 servavit,
1252 2967 1344 3028 ita
1388 2967 1467 3029 ad
1516 2964 1774 3049 regulas
1821 2966 2037 3049 graeci
2085 2966 2269 3030 verbi
2326 2978 2392 3032 et
2434 2990 2624 3030 usum
2670 2966 3035 3031 scholarum
3083 2968 3181 3031 in-

531 3120 544 3135 .
591 3078 805 3131 tentus
854 3091 987 3142 non,
1030 3064 1240 3130 solum
1286 3067 1489 3131 multa
1534 3090 1615 3130 ex
1662 3067 1739 3130 iis
1788 3090 1952 3153 quae
1980 3067 2353 3133 Macrobius
2401 3070 2754 3154 scripserat
2794 3070 3180 3155 praetermi-

592 3168 707 3247 sit,
752 3179 827 3233 ut
871 3168 1012 3255 ipse
1058 3170 1179 3245 ait,
1231 3168 1341 3231 sed
1387 3168 1582 3232 etiam
1627 3191 1743 3254 pro
1802 3179 1997 3255 captu
2042 3193 2200 3234 suae
2246 3170 2478 3234 aetatis
2524 3192 2652 3234 non
2696 3169 2875 3233 nulla
2918 3158 3181 3234 addidit

592 3269 695 3333 vel
741 3273 1047 3335 mutavit.
1108 3294 1189 3333 ex
1219 3270 1652 3334 Bobiensibus
1698 3280 1915 3335 autem
1957 3272 2401 3356 grammaticis
2448 3270 2615 3335 alter
2658 3294 2868 3358 pauca
2912 3272 3177 3336 omnino

591 3371 888 3436 exhibuit
950 3373 1046 3436 ad
1078 3370 1284 3436 latina
1328 3373 1606 3436 maxime
1652 3372 1856 3437 verba
1900 3374 2320 3458 pertinentia,
2366 3379 2435 3438 in
2478 3374 2714 3460 quibus
2761 3396 2919 3437 sane
2963 3372 3176 3438 solum

590 3473 995 3538 Macrobium
1051 3484 1312 3539 secutus
1372 3484 1497 3557 cst3
1559 3474 1752 3556 alter,
1802 3477 1912 3561 qui
1958 3486 2306 3540 tractatum
2354 3476 2433 3540 de
2478 3476 2680 3541 verbo
2726 3476 2809 3540 ad
2855 3477 3173 3540 Severum

590 3577 870 3663 scripsit,
916 3576 1212 3663 quamvis
1269 3575 1544 3663 plurima
1587 3576 1904 3641 Macrobii
1950 3576 2115 3642 libro
2161 3579 2427 3660 debeat,
2475 3570 2523 3641 e'
2558 3601 2684 3666 quo
2729 3579 2871 3662 ipsc
2915 3600 3178 3664 quoque

589 3700 666 3741 ea
709 3680 994 3742 maxime
1039 3700 1206 3764 quae
1251 3679 1333 3742 ad
1379 3677 1653 3743 latinum
1697 3700 2061 3743 sermonem
2108 3690 2408 3766 spectant
2451 3680 2719 3766 recepit,
2765 3689 2979 3743 tamen
3023 3702 3173 3744 con-

589 3778 775 3865 plura
820 3802 986 3865 quae
1017 3779 1122 3844 vel
1168 3780 1250 3844 ab
1298 3780 1441 3843 aliis
1489 3783 1811 3866 petiverat
1854 3781 1959 3846 vel
2004 3782 2143 3867 ipse
2186 3783 2544 3861 invenerat,
2591 3792 2664 3845 ut
2706 3781 3173 3846 declinationes

591 3883 956 3963 verborum,
1003 3904 1163 3967 quas
1210 3881 1586 3946 Macrobius
1632 3893 1807 3947 certe
1853 3907 1978 3948 non
2026 3895 2354 3969 posuerat,
2403 3884 2659 3947 adiecit.
