3541 5564
528 311 656 376 510
1620 309 1991 372 AVGVSTIN
1999 310 2021 370 1

581 434 624 475 p.
655 421 796 463 1995-
808 423 857 461 97
885 415 930 458 1'.

531 504 822 582 perfecto,
881 500 986 561 ubi
1043 501 1447 577 significamus
1505 518 1622 560 non
1677 500 1867 560 solum
1927 518 2048 559 nos·
2087 499 2312 579 aliquid
2370 500 2720 580 perfecisse,
2780 500 2882 560 sed
2929 502 3106 561 etiam

528 587 778 657 dudum,
827 594 885 647 et
928 580 1201 668 dilcimus
1246 585 1636 646 clamaveram
1682 603 1793 663 ego
1837 584 2198 645 clamaveras
2242 593 2306 645 tu
2352 585 2706 646 clamaverat
2751 586 2848 646 ille
2894 586 3107 647 clama·
3146 635 3147 638 η

529 692 800 734 veramus
856 690 962 733 nos
1021 671 1432 732 clamaveratis
1485 690 1587 731 vos
1641 671 2038 731 clamaverant
2091 670 2211 741 illi;
2270 679 2539 750 tempore
2597 672 2796 731 futuro
2841 671 3108 731 clamabo

529 777 638 837 ego
684 756 970 818 clamabis
1026 764 1090 817 tu
1149 757 1427 818 clamabit
1479 756 1578 816 ille
1635 754 2022 817 clamabimus
2077 774 2184 816 nos
2239 755 2569 817 clamabitis
2628 776 2726 816 vos
2771 756 3108 817 clamabunt

530 845 638 905 illi.
702 844 1008 922 hucusque
1040 845 1115 903 de
1143 842 1317 902 modo
1359 842 1710 903 indicativo:
1768 847 1956 901 totum
1987 841 2098 901 hoc
2128 842 2285 921 quod
2330 841 2588 901 diximus
2632 841 2951 902 indicantis
2995 850 3104 902 est.
3135 864 3161 906 5

531 947 686 990 nunc
733 928 805 988 de
850 928 1023 988 modo
1068 929 1433 1006 imperativo.
1493 926 1641 1012 ‘ideo
1697 933 1893 987 autem
1950 926 2171 987 dicitur
2231 929 2645 1005 imperativuS,
2705 928 2843 1008 quia
2900 946 3107 988 sonum

530 1014 711 1075 habet
754 1013 1109 1092 imperandi.
1172 1013 1276 1073 sed
1308 1015 1422 1073 iste
1453 1012 1661 1072 modus
1691 1031 1810 1072 non
1840 1011 2020 1071 habet
2063 1014 2313 1092 primam
2358 1030 2702 1091 personam,
2750 1015 2886 1091 quia
2934 1032 3106 1073 nemo

530 1098 647 1161 sibi
694 1100 974 1178 imperat,
1022 1099 1126 1159 sed
1172 1098 1244 1158 ad
1289 1097 1610 1158 secundam
1652 1116 1971 1176 personam
2014 1097 2279 1178 loquitur
2321 1105 2379 1157 et
2425 1097 2497 1158 ad
2542 1099 2810 1158 tertiam:
2858 1116 3106 1158 numero

530 1183 816 1262 singulari
875 1185 948 1245 ad
1005 1183 1324 1244 secundam
1379 1183 1591 1252 clama,
1651 1182 1724 1243 ad
1781 1184 2019 1242 tertiam
2074 1182 2315 1251 clamet,
2380 1182 2458 1261 pl.
2506 1182 2579 1244 ad
2623 1183 2942 1243 secundam
2989 1183 3105 1244 cla-

531 1277 718 1338 mate,
766 1270 835 1329 ad
885 1271 1121 1330 tertiam
1169 1269 1455 1338 clament;
1502 1268 1703 1328 futuro
1744 1276 2013 1346 tempore
2059 1267 2131 1328 ad
2176 1267 2495 1328 secundam
2542 1269 2820 1337 clamato,
2869 1269 2941 1328 ad
2988 1276 3104 1329 ter·
3137 1294 3185 1331 ιο

534 1357 676 1415 tiam
720 1354 998 1415 similiter
1044 1354 1311 1414 clamato,
1372 1353 1476 1414 sed
1521 1372 1704 1432 quare
1751 1352 2032 1414 similiter
2074 1355 2218 1414 facit
2261 1355 2322 1413 in
2369 1353 2625 1414 secunda
2672 1362 2732 1415 et
2777 1356 2971 1423 tertia,
3018 1361 3110 1414 est

532 1442 716 1509 ratio;
764 1439 868 1499 sed
911 1457 1068 1499 nunc
1112 1438 1636 1518 praetermittenda
1684 1447 1803 1508 est,
1851 1456 1925 1498 ne
1958 1438 2029 1498 ad
2063 1438 2237 1499 aliam
2283 1456 2412 1498 rem
2458 1446 2844 1499 transeamus.
2902 1439 3107 1500 redea-

533 1544 663 1586 mus
707 1524 776 1584 ad
824 1524 1146 1604 pluralem:
1195 1524 1265 1584 ad
1312 1525 1630 1585 secundam
1673 1524 2014 1594 clamatote,
2063 1524 2135 1584 ad
2179 1527 2419 1585 tertiam
2464 1525 2773 1584 clamanto.
2837 1543 2993 1584 nunc
3035 1524 3107 1584 de

533 1610 705 1671 modo
749 1611 1029 1689 optativo,
1120 1611 1205 1669 sic
1262 1617 1457 1670 autem
1514 1609 1797 1679 dicimuS,
1855 1610 1993 1687 quia
2049 1610 2308 1687 optantis
2360 1609 2534 1669 modo
2578 1609 2869 1688 loquitur,
2918 1612 3108 1689 prima

531 1712 784 1775 persona
840 1702 1104 1773 tempore
1160 1695 1460 1774 praesenti
1516 1696 1741 1755 utinam
1800 1693 2146 1764 clamarem,
2204 1694 2462 1755 secunda
2518 1697 2744 1755 utinam
2799 1695 3107 1764 clamareS,
3140 1717 3189 1756 15

535 1781 606 1840 ad
665 1781 902 1840 tertiam
959 1781 1186 1840 utinam
1240 1779 1548 1849 clamaret,
1608 1779 1686 1859 pl.
1743 1779 1818 1839 ad
1872 1781 2124 1858 primam
2179 1798 2495 1859 personam
2552 1782 2776 1840 utinam
2823 1781 3107 1841 clamare-

534 1884 691 1934 muS,
761 1864 834 1924 ad
902 1864 1221 1925 secundam
1285 1867 1508 1926 utinam
1577 1865 1948 1934 clamaretiS,
2020 1864 2090 1924 ad
2157 1866 2395 1926 tertiam
2458 1866 2687 1925 utinam
2754 1865 3108 1935 clamarent;

533 1952 859 2030 praeterito
903 1957 1171 2030 tempore
1218 1950 1291 2011 ad
1348 1953 1597 2030 primam
1655 1967 1971 2029 personam
2015 1950 2240 2010 utinam
2296 1950 2642 2010 clamassem
2699 1969 2839 2028 ego,
2900 1951 2973 2011 ad
3017 1970 3109 2010 se—

533 2036 787 2096 cundam
843 2037 1068 2096 utinam
1126 2036 1440 2097 clamasses
1496 2042 1588 2105 tu,
1649 2035 1722 2095 ad
1764 2036 2006 2095 tertiam
2053 2037 2277 2097 utinam
2321 2034 2633 2096 clamasset
2680 2036 2808 2104 ille,
2866 2035 2945 2115 pl.
2995 2039 3109 2097 uti-

535 2140 669 2182 nam
726 2120 1144 2183 clamassemus
1199 2140 1337 2191 nOS,
1407 2124 1633 2182 utinam
1689 2120 2056 2181 clamassetis
2113 2139 2245 2189 vos,
2304 2123 2529 2182 utinam
2586 2121 2937 2182 clamassent
2993 2121 3109 2190 illi:
3138 2143 3192 2182 20

532 2209 734 2267 futuro
792 2213 1057 2286 tempore
1113 2208 1307 2285 prima
1364 2225 1616 2285 persona
1685 2207 1913 2266 utinam
1970 2205 2216 2266 clamem
2272 2223 2410 2282 ego,
2470 2208 2696 2267 utinam
2753 2207 2970 2267 clames
3027 2213 3110 2274 tu,

533 2294 760 2353 utinam
818 2291 1031 2352 clamet
1085 2291 1214 2360 ille,
1273 2293 1499 2352 utinam
1556 2291 1878 2351 clamemus
1935 2288 2201 2352 clametis
2257 2291 2529 2351 clament.
2619 2309 2777 2352 nunc
2823 2292 2894 2351 de
2938 2292 3113 2353 modo

536 2376 936 2438 subiunctivo.
985 2378 1119 2437 ideo
1165 2385 1361 2438 autem
1405 2379 1494 2437 sic
1540 2376 1792 2446 dicitur,
1834 2378 1972 2457 quia
2019 2385 2153 2453 eget
2198 2374 2393 2455 aliqua
2439 2395 2534 2445 rc,
2585 2384 2649 2436 ut
2692 2377 2935 2456 impleat
2977 2396 3111 2438 seu-

536 2464 781 2523 tentiam
836 2480 1031 2531 suam,
1091 2470 1155 2522 ut
1211 2470 1353 2540 puta
1409 2481 1544 2522 cum
1600 2462 1846 2522 clamem
1904 2461 2123 2521 clames
2180 2461 2421 2530 clamet,
2480 2461 2699 2541 pendet
2753 2462 2851 2521 hic
2905 2481 3113 2522 sensus

535 2546 878 2626 indigetque
924 2546 1120 2626 aliqua
1166 2565 1262 2616 re,
1310 2553 1375 2608 ut
1419 2549 1713 2607 sententia
1745 2547 2139 2626 compleatur,
2185 2554 2251 2606 ut
2295 2548 2346 2606 si
2393 2546 2582 2607 dicam
2630 2546 2799 2607 ‘cum
2845 2548 3111 2617 clamem,
3140 2568 3194 2607 25

535 2651 721 2712 quare
777 2651 872 2691 me
932 2638 1129 2691 tacere
1188 2632 1434 2692 dicisi’.
1493 2632 1627 2692 ideo
1674 2649 1817 2709 ergo
1864 2634 2274 2692 coniunctivus
2318 2631 2526 2692 modus
2572 2632 2765 2693 dictus
2809 2642 2927 2701 est,
2974 2636 3112 2713 quia

538 2720 592 2777 ei
642 2718 1025 2794 coniungitur
1072 2716 1323 2797 aliquid,
1374 2724 1437 2776 ut
1481 2719 1778 2777 sententia
1822 2716 2141 2777 locutionis
2183 2716 2359 2796 plena
2405 2719 2501 2777 sit.
2559 2735 2699 2796 ergo
2745 2718 3115 2779 declinemus

455 2867 472 2890 ⁸
539 2804 697 2884 hunc
743 2803 1011 2872 modum,
1062 2810 1126 2863 ut
1171 2805 1529 2881 superiores
1621 2802 1953 2863 declinatur
1999 2810 2196 2864 autem
2242 2821 2350 2881 per
2396 2821 2678 2882 personas
2724 2811 2875 2873 treS,
2922 2807 3113 2884 prima

537 2884 547 2969 Ι
595 2905 850 2967 persona
897 2889 1230 2966 praesentis
1277 2891 1561 2967 temporis
1619 2907 1753 2950 cum
1811 2887 2094 2957 clamem,
2153 2887 2409 2948 secunda
2466 2908 2599 2950 cum
2644 2889 2891 2958 clames,
2936 2891 3112 2950 tertia

537 2992 669 3033 cum
729 2972 969 3043 clamet,
1030 2973 1109 3052 pl.
1167 2973 1358 3052 prima
1413 2992 1666 3052 persona
1724 2991 1858 3033 cum
1915 2973 2261 3042 clamemus,
2320 2974 2580 3034 secunda
2633 2994 2767 3034 cum
2823 2975 3108 3043 clametiS,
3141 2995 3195 3034 ao

538 3059 714 3118 tertia
772 3076 906 3119 cum
964 3058 1250 3128 clament;
1309 3061 1634 3137 praeterito
1693 3066 1956 3137 tempore
2014 3060 2357 3137 inperfecto,
2402 3061 2593 3137 prima
2660 3079 2913 3138 persona
2980 3078 3113 3120 cum

535 3144 884 3212 clamarem,
934 3142 1191 3204 secunda
1238 3162 1371 3203 cum
1404 3144 1716 3214 clamareS,
1764 3146 1941 3205 tertia
1973 3162 2107 3204 cum
2143 3143 2450 3214 clamaret,
2498 3144 2575 3224 pl.
2625 3148 2814 3223 prima
2861 3164 3114 3225 persona

537 3247 671 3289 cum
717 3227 1134 3298 clamaremuS,
1183 3229 1438 3289 secunda
1486 3247 1620 3289 cum
1661 3228 2024 3298 clamaretis,
2071 3231 2248 3290 tertia
2281 3248 2414 3289 cum
2446 3230 2799 3299 clamarent:
2850 3239 3114 3310 tempore

536 3315 862 3394 praeterito
918 3315 1184 3393 perfecto
1241 3333 1373 3374 cum
1432 3314 1806 3376 clamaverim
1866 3315 2213 3375 clamaveris
2272 3315 2614 3376 clamaverit
2668 3316 3116 3377 clamaverimus

538 3400 934 3460 clamaveritis
992 3398 1407 3469 clamaverint:
1467 3407 1730 3478 tempore
1788 3402 2113 3479 praeterito
2171 3399 2751 3479 plusquamperfecto
2806 3420 2938 3461 cum
2997 3402 3112 3462 cla·
3142 3420 3195 3459 35

538 3503 788 3545 massem
837 3484 1151 3546 clamasses
1197 3485 1509 3545 clamasset
1552 3485 1969 3546 clamassemus
2014 3486 2376 3545 clamassetis
2419 3485 2799 3555 clamassent;
2848 3494 3115 3565 tempore

537 3573 739 3630 futuro
795 3588 931 3630 cum
986 3570 1316 3630 clamavero
1381 3571 1725 3631 clamaveris
1793 3571 2135 3631 clamaverit
2200 3569 2651 3631 clamaverimus
2715 3572 3116 3632 clamaveritis

537 3656 945 3716 clamaverint.
1036 3674 1193 3715 nunc
1240 3656 1311 3715 de
1361 3655 1537 3715 modo
1583 3657 1846 3726 infinito,
1894 3658 1997 3735 qui
2042 3655 2175 3715 ideo
2221 3656 2489 3717 infinitus
2534 3657 2784 3726 dicitur,
2833 3659 2970 3736 quia
3016 3676 3114 3717 su-

539 3743 809 3821 periores
855 3741 1145 3801 definiunt
1189 3759 1475 3820 personas
1521 3743 1780 3820 primam
1826 3740 2144 3802 secundam
2190 3749 2247 3802 et
2292 3744 2559 3811 tertiam;
2607 3743 2704 3802 hic
2749 3751 2945 3802 autem
2994 3762 3116 3801 mo-

537 3826 647 3886 dus
694 3828 821 3886 sine
866 3828 1142 3906 personis
1188 3833 1277 3886 est
1322 3833 1381 3886 et
1423 3825 1604 3886 habet
1648 3826 1838 3887 solum
1881 3834 2118 3905 tempus
2161 3827 2568 3905 praefinitum,
2616 3845 2900 3907 praesens
2947 3847 3116 3906 prae·
3145 3848 3197 3886 ιο

535 3914 781 3973 teritum
828 3920 888 3972 et
932 3913 1229 3979 futurum,
1278 3919 1342 3972 ut
1387 3918 1527 3990 puta
1572 3912 1826 3972 clamare
1872 3930 2158 3990 praesens
2202 3920 2319 3980 est,
2378 3912 2661 3973 clamasse
2707 3915 3115 3991 praeteritum,

538 3998 850 4058 clamatum
905 3999 995 4057 ire
1051 3998 1337 4057 futurum.
1429 4015 1567 4056 ecce
1625 3997 1790 4057 vides
1846 3996 2159 4074 designare
2206 4005 2433 4057 tantum
2477 4006 2770 4076 tempora,
2817 4016 2934 4058 non
2980 4016 3117 4077 per-

541 4102 743 4144 sonas:
792 4082 1048 4143 clamare
1096 4084 1253 4142 enim
1300 4091 1358 4143 et
1404 4081 1684 4144 clamasse
1730 4091 1790 4143 et
1834 4082 2147 4143 clamatum
2194 4084 2316 4153 ire,
2366 4085 2630 4143 nescitur
2672 4101 2954 4162 persona,
3003 4084 3156 4143 nisi-

539 4168 685 4228 velis
742 4170 990 4246 iungere
1047 4176 1106 4228 et
1161 4167 1361 4228 dicere
1419 4167 1706 4228 ‘clamare
1762 4166 1941 4228 debet
1996 4167 2163 4237 ille’3
2223 4174 2361 4227 tuuc
2406 4170 2685 4247 quasi.fit
2728 4170 2977 4229 finitum.
3068 4169 3119 4228 si

540 4261 735 4313 autem
770 4271 887 4313 non
920 4252 1242 4330 subiungas
1288 4253 1387 4313 ille
1435 4253 1524 4313 vel
1568 4254 1695 4332 ipse
1727 4253 1818 4312 vel
1851 4255 1981 4321 iste,
2028 4255 2121 4321 fit,
2169 4260 2236 4312 ut
2280 4254 2528 4323 dicitur,
2576 4254 2847 4313 infinitus
2875 4252 3115 4314 modus:
3144 4272 3198 4312 45

541 4358 676 4399 nam
721 4346 782 4398 et
827 4357 1076 4399 numero
1121 4338 1409 4415 singulari
1453 4339 1544 4399 vel
1589 4338 1806 4417 plurali
1850 4340 2117 4398 infinitus
2148 4345 2257 4397 est.
2306 4358 2440 4398 cum
2485 4339 2641 4403 enim
2688 4338 2820 4398 dico
2865 4338 3118 4398 clamare

545 4424 859 4493 clamasse,
908 4443 1018 4484 nec
1066 4425 1300 4486 finitum
1345 4431 1463 4493 est,
1513 4432 1711 4484 utrum
1757 4424 1829 4484 de
1861 4441 1979 4482 uno
2011 4443 2082 4484 an
2129 4423 2200 4483 de
2247 4423 2477 4484 duobus
2522 4424 2733 4485 dicam.
2795 4424 2894 4484 isti
2926 4431 3121 4484 autem

693 4662 713 4711 1
757 4661 919 4711 solum
957 4677 1048 4714 om.
1089 4662 1139 4710 F
1264 4662 1296 4711 ὃ
1328 4662 1392 4711 de
1418 4677 1509 4714 om.
1550 4661 1637 4717 Fg
1781 4660 1845 4711 12
1882 4676 1941 4709 ue
1980 4660 2042 4709 ad
2072 4660 2225 4709 aliam
2265 4661 2336 4725 (et
2370 4676 2433 4710 ne
2471 4660 2534 4709 ad
2568 4660 2665 4709 alia
2709 4660 2768 4723 ς)
2807 4668 3121 4710 transeamus

546 4731 810 4780 redeamus
849 4732 913 4781 ad
950 4747 1056 4780 rem
1090 4731 1334 4795 pluralem
1374 4733 1467 4787 Fe
1609 4730 1672 4781 13
1706 4727 1977 4795 clamante]
2014 4730 2277 4781 clamatote
2314 4731 2362 4779 F
2497 4731 2565 4780 25
2591 4744 2651 4779 ac
2687 4731 2730 4779 si
2768 4729 2934 4780 dicam
2972 4734 3006 4787 ’ς
3040 4730 3125 4780 hic

545 4800 588 4849 si
621 4800 754 4849 dicat
784 4801 832 4849 F
966 4802 1032 4850 27
1070 4798 1137 4867 ei]
1181 4809 1229 4850 et
1265 4801 1315 4851 F
1447 4800 1513 4850 47
1548 4797 1738 4865 autem]
1780 4815 1902 4866 ergo
1932 4814 1966 4857 ς
