3541 5564
563 380 687 440 (346
1671 383 2030 444 MACRan

617 502 656 540 μ.
691 491 776 529 164.
806 491 855 528 aa
888 488 937 526 v.

556 578 779 647 ponunt
826 576 884 627 et
929 589 1036 647 pro
1082 569 1333 645 gerundi
1381 569 1581 629 niodo:
1643 570 1853 630 Cicero
1911 588 2021 649 pro
2066 570 2305 639 Quintio
2352 571 2785 632 ‘consilium
2832 576 3139 651 cepisse

557 670 879 730 hominis
925 674 1270 730 fortunas
1317 671 1662 730 funditus
1707 674 2091 732 evertere'
2139 691 2246 751 pro
2293 674 2628 741 evertendi,
2676 673 2970 751 Vergilius

857 774 982 832 sed
1027 776 1089 833 si
1136 782 1395 834 tantus
1441 792 1638 833 amor
1685 792 1905 834 casus
1951 792 2406 851 cognoscere
2454 784 2752 835 nostros

555 893 665 952 pro
696 875 1121 953 cognoscendi,
1171 874 1490 934 Terentius
1521 877 1581 934 in
1616 875 1846 953 Hecyra
1896 876 2281 936 ‘adeamus
2327 878 2615 937 visere'
2665 895 2772 956 pro
2816 860 3158 945 visitatum,-

824 975 926 1037 ‘et
971 984 1275 1037 cantare
1323 995 1542 1056 pares
1586 985 1655 1035 et
1702 977 2164 1056 respondere
2211 981 2459 1057 parati
3165 1009 3189 1044 ει

555 1097 662 1157 pro
706 1076 816 1138 ‘ad
860 1079 1212 1139 cantandum
1272 1086 1326 1138 et
1384 1078 1920 1157 respondendum'.
2007 1088 2235 1158 ponunt
2280 1087 2340 1139 et
2383 1099 2491 1159 pro
2537 1083 2883 1161 participio:
2952 1082 3135 1142 Varro

555 1183 614 1239 iu
682 1179 958 1240 Scaevola
1024 1182 1130 1239 ‘et
1195 1189 1269 1239 ut
1331 1189 1635 1240 matrem
1702 1181 1954 1240 audivi
2023 1181 2334 1250 dicere',
2404 1183 2704 1259 Vergilius
2762 1184 3134 1261 eequidem

555 1282 913 1342 Teucrum
962 1285 1256 1342 memini
1316 1282 1591 1342 Sidona
1650 1284 1964 1350 venire'‚
2024 1284 2232 1343 Cicero
2280 1283 2830 1344 ‘Charidemum
2877 1285 3132 1345 Chium

556 1387 1061 1445 testimonium
1111 1385 1365 1444 dicere
1414 1385 1779 1445 audistis'
1829 1402 1937 1464 pro
1983 1385 2278 1445 dicentem
2325 1394 2384 1445 et
2428 1388 2785 1447 venientem.

1475 1586 1567 1632 DE
1614 1583 2212 1633 INPERSONALIBVS
2435 1614 2444 1633 x
3168 1609 3215 1643 lo

726 1692 1155 1770 Inpersonalis,
1219 1700 1282 1751 ut
1339 1694 1455 1751 iam
1513 1693 1793 1771 superius
1853 1692 2138 1760 diximus,
2219 1710 2336 1751 non
2396 1693 2602 1753 modus
2658 1692 2966 1753 habendus
3023 1700 3132 1759 est,

553 1793 655 1852 sed
703 1793 1019 1871 peculiaris
1064 1792 1217 1873 apud
1264 1793 1505 1853 Latinos
1555 1792 1873 1853 verborum
1932 1796 2226 1870 geminata
2273 1794 2610 1855 declinatio.
2701 1813 2835 1855 nam
2882 1813 2996 1854 una
3044 1802 3135 1853 est

553 1914 684 1954 cum
735 1898 1001 1955 numeris
1045 1904 1104 1955 et
1148 1898 1449 1975 personis,
1511 1896 1657 1955 haec
1703 1895 1888 1955 altera
1936 1897 2063 1953 sine
2110 1898 2377 1955 numeris
2422 1904 2482 1955 et
2525 1899 2799 1975 personis
2843 1915 2953 1975 per
3000 1899 3133 1956 tmi-

554 2017 754 2058 versos
803 1999 1008 2058 modos
1053 1991 1160 2077 per
1205 2016 1353 2078 quos
1400 1998 1496 2058 illa
1545 1998 1906 2065 decurrens,
1954 2004 2014 2055 et
2057 1996 2168 2056 hoc
2213 1997 2394 2059 distat
2438 1997 2511 2057 al)
2558 2000 2817 2067 infinito,
2866 1999 3020 2077 quod
3070 2001 3131 2058 in

552 2101 653 2160 illo
698 2101 937 2181 quidem
995 2118 1235 2159 necesse
1295 2107 1386 2159 est
1442 2096 1633 2160 modis
1689 2098 1967 2159 omuibus
2025 2100 2399 2158 extrinsecus
2454 2100 2681 2159 adsumi
2742 2118 3025 2177 personas
3072 2108 3133 2159 et
3166 2119 3212 2155 15,

552 2220 857 2271 numeros,
908 2211 1081 2281 prout
1129 2220 1269 2262 usus
1315 2203 1614 2278 exegerit,
1662 2201 1930 2261 scribere
1963 2208 2199 2283 oportet
2229 2220 2321 2260 me
2356 2209 2411 2260 te
2460 2200 2626 2261 illum
2671 2220 2778 2261 nos
2822 2220 2923 2262 vos
2968 2201 3132 2271 illos;

550 2306 609 2363 in
656 2304 1018 2383 inpersonali
1079 2322 1216 2363 vero
1272 2303 1466 2364 nullus
1522 2304 1700 2363 huius
1756 2303 1918 2364 modi
1975 2322 2046 2363 ex
2102 2302 2434 2364 adiectione
2480 2305 2734 2363 sumitur
2770 2304 3130 2363 intellectus

551 2426 685 2467 nam
730 2409 829 2487 qui
879 2407 1026 2466 dicit
1069 2406 1288 2483 legitur
1333 2407 1597 2464 curritur
1643 2408 1841 2483 agitur
1887 2406 2361 2484 inpersonaliter‚
2412 2423 2526 2465 non
2573 2406 2798 2466 indicat
2840 2405 2982 2483 quid
3028 2405 3132 2465 ille

550 2516 650 2567 aut
695 2507 793 2567 illa
842 2516 945 2567 aut
989 2507 1168 2577 illud,
1217 2508 1319 2567 sed
1366 2526 1491 2567 rem
1537 2515 1763 2566 tantum
1812 2510 2147 2585 exprimere
2180 2516 2494 2568 contentus
2524 2509 2946 2585 praetermittit
2991 2526 3130 2585 per-

549 2630 752 2680 sonaS,
817 2610 969 2690 apud
1017 2629 1164 2689 quas
1207 2611 1465 2669 osticium
1512 2618 1603 2668 est
1644 2608 1918 2669 lectionis
1963 2617 2063 2669 aut
2107 2628 2317 2669 cursus
2366 2607 2372 2688 Ι
2422 2617 2520 2669 aut
2566 2612 2842 2670 aetionis:
2902 2609 3129 2670 Teren-
3160 2632 3210 2666 ιω

550 2716 668 2772 tius
726 2713 938 2791 ‘quid
984 2714 1269 2789 agitur?
1324 2711 1627 2779 statur’,
1687 2711 1985 2789 Vergilius
2030 2712 2216 2771 ‘itur
2261 2714 2334 2771 in
2382 2713 2763 2791 antiquam
2810 2712 3128 2777 silvam',

549 2817 878 2875 ‘ventum
935 2822 1099 2874 erat
1155 2814 1237 2874 ad
1285 2814 1572 2874 limen’.
1661 2817 1762 2893 qui
1809 2833 1949 2873 vero
1994 2834 2110 2874 non
2157 2814 2614 2892 inpersonaliter
2659 2815 2833 2881 dicit,
2882 2834 3131 2875 necesse

548 2927 637 2978 est
692 2918 868 2978 addat
921 2920 1106 2994 ipsam
1167 2934 1479 2995 personam
1537 2923 1638 2976 aut
1692 2935 1848 2984 rem,
1909 2919 1969 2975 in
2031 2935 2143 2994 qua
2192 2924 2284 2975 est
2328 2919 2522 2995 ipsum
2569 2919 2860 2984 osticium,
2910 2915 3129 2993 legitur

548 3020 867 3098 VergiliuS,
930 3018 1143 3097 legitur
1188 3019 1456 3097 Sappho,
1516 3017 1733 3095 legitur
1791 3036 2030 3077 carmen
2089 3017 2342 3078 Horatii.
2433 3026 2571 3079 sunt
2615 3026 2809 3078 tamen
2855 3021 3127 3097 inperse-

547 3123 701 3183 nalia
747 3121 991 3182 Graecis
1036 3121 1377 3200 Latinisque
1406 3123 1793 3196 xeommunia,
1841 3129 1978 3180 sunt
2022 3128 2249 3180 tantum
2295 3120 2574 3179 latinitati
2621 3138 2918 3180 concessa.
2993 3140 3126 3180 uam
3157 3143 3207 3178 ε,

547 3226 717 3284 decet.
765 3245 857 3284 me
906 3231 962 3282 te
1010 3223 1175 3283 illum
1224 3242 1332 3282 nos
1381 3241 1479 3281 vos
1524 3222 1655 3282 illos
1703 3230 1820 3282 tam
1852 3222 2097 3283 Graecis
2141 3225 2415 3282 convenit
2459 3241 2632 3300 qnam
2678 3222 2924 3291 LatiniS,
2971 3224 3129 3301 quod

548 3334 686 3386 tnnc
733 3325 1107 3406 inpersonale
1155 3325 1437 3393 habetur,
1488 3343 1621 3384 cum
1653 3343 1826 3383 casus
1857 3325 1943 3384 illi
1978 3345 2093 3386 non
2129 3325 2386 3395 additur,
2435 3331 2500 3382 ut
2529 3332 2670 3402 puta
2702 3324 2872 3383 decet
2903 3325 3126 3402 legere,

545 3428 716 3488 decet
759 3428 1195 3506 philosophari,
1245 3429 1417 3487 decet
1461 3426 1689 3486 artibus
1736 3424 1909 3486 bonis
1953 3430 2131 3487 vitam
2177 3445 2414 3486 ornare.
2504 3444 2637 3486 nam
2683 3428 2734 3485 si
2782 3445 2984 3486 casum
3030 3446 3128 3487 ac·

543 3533 800 3610 ceperit,
858 3549 1101 3591 necesse
1157 3538 1246 3590 est
1301 3531 1444 3590 insit
1498 3529 1588 3589 illi
1650 3547 1931 3606 persona,
1992 3538 2053 3590 et
2110 3531 2489 3608 inpersonale
2546 3547 2674 3588 esse
2722 3531 2838 3587 iam
2886 3528 3126 3598 desinit,

543 3642 607 3693 ut
650 3641 790 3712 puta
850 3634 1068 3692 ‘dccco
1126 3633 1401 3708 magister
1469 3631 1854 3710 discipulum,
1918 3631 2093 3690 der-es
2150 3634 2436 3708 magister
2494 3629 2880 3708 discipulum,
2954 3631 3207 3692 deceta,

546 3737 824 3812 magister
855 3734 1269 3813 discipulum';
1316 3736 1648 3812 transitque
1685 3735 1864 3794 etiam
1897 3735 1956 3793 in
1989 3752 2301 3794 numerum
2344 3734 2652 3812 pluralem,
2704 3740 2767 3792 ut
2811 3732 3129 3794 ‘dece-mus

545 3838 762 3897 iudicia
808 3840 1246 3914 magistratus’,
1293 3836 1534 3895 ‘decent
1566 3836 1806 3895 domum
1838 3835 2192 3895 columnae'.
2257 3837 2403 3896 item
2435 3839 2613 3896 etiam
2640 3835 2852 3895 Graeci
2886 3833 3128 3914 πρέπει

541 3938 660 4018 μοί
700 3951 805 3998 σοι
852 3935 1089 4021 ἐκείνῳ
1144 3932 1305 4018 ἡμῖν
1359 3930 1522 4016 ὑμῖν
1582 3934 1866 4007 ἐκείνοις
1920 3929 2416 4015 ἀναγινώσκειν
2471 3943 2796 4016 γεωργεῖν
2841 3936 3126 4014 φιλοσο-

542 4048 733 4119 ‹pe-tv,
794 4037 904 4101 καὶ
961 4038 1192 4118 πρέπω
1250 4032 1381 4117 ἐγώ
1439 4034 1712 4118 πρέπεις
1767 4032 1854 4098 σύ
1911 4036 2148 4117 πρέπει
2206 4035 2464 4110 ἐκεῖνος
2507 4033 2738 4117 ἄρχων
2781 4037 2862 4117 τῇ
2908 4034 3126 4116 πόλει,

540 4140 649 4202 καὶ
713 4142 1189 4223 πληθυντικῶς
1243 4135 1583 4221 πρέπομεν
1638 4137 1922 4219 πρέπετε
1980 4137 2355 4220 πρέπουσιν
2400 4133 2718 4219 ἄρχοντες
2773 4139 2860 4219 τῇ
2901 4135 3121 4201 πόλει.
3155 4162 3205 4196 as.

542 4245 654 4304 tale
701 4254 792 4304 est
834 4254 896 4305 et
943 4245 1161 4324 placet,
1210 4247 1349 4323 quia
1395 4253 1454 4302 et
1497 4262 1605 4322 per
1647 4262 1853 4303 omnes
1883 4261 2170 4322 personas
2201 4244 2490 4305 declinari
2537 4248 2758 4322 potest,
2808 4250 2875 4302 ut
2922 4242 3128 4320 placeo

676 4470 700 4516 1
740 4466 915 4515 Cicero
949 4482 1038 4532 pro
1075 4462 1299 4530 Quintio]
1336 4467 1415 4527 16,
1442 4466 1507 4514 53
1646 4464 1916 4513 concilium
1952 4465 2184 4529 coepisse
2210 4462 2258 4512 B
2397 4467 2427 4514 3
2462 4461 2573 4529 sed]
2619 4464 2773 4527 Ver-9.
2818 4465 2949 4513 Aen.
2992 4465 3031 4511 lt
3065 4466 3129 4514 10

671 4531 704 4584 4
740 4536 985 4584 adeamus
1020 4532 1203 4599 visere]
1250 4535 1288 4582 it
1320 4535 1381 4582 ad
1420 4548 1529 4581 eam
1566 4532 1731 4581 uisere
1765 4549 1881 4586 exe.
1919 4533 2072 4586 Pan:
2114 4533 2316 4582 Terent.
2353 4533 2483 4581 Hcc.
2525 4534 2540 4580 l
2579 4534 2627 4590 2,
2658 4532 2754 4579 114
2790 4532 2828 4579 it
2865 4532 3026 4580 visere
3061 4532 3126 4580 ad

540 4619 643 4650 eam
785 4608 817 4652 5
853 4615 900 4652 et
935 4601 1154 4667 cantare]
1200 4602 1357 4666 Versj.
1384 4602 1545 4652 buc-ol.
1588 4603 1633 4661 7,
1670 4603 1701 4648 5
1841 4604 1869 4651 7
1908 4602 1956 4650 iu
1993 4600 2278 4651 Scaeuolam
2315 4599 2366 4647 Β
2503 4595 2751 4663 equidem]
2802 4601 2962 4662 Ver-51.
2989 4601 3125 4649 Aen.

541 4674 554 4718 1
584 4674 681 4720 619
819 4674 851 4720 8
889 4669 1079 4736 Cicero]
1109 4674 1159 4720 in
1194 4670 1345 4722 Verr.
1370 4678 1470 4719 act.
1496 4686 1597 4719 aec.
1627 4671 1641 4717 l
1674 4672 1752 4730 19,
1780 4672 1846 4718 50
1984 4665 2182 4733 Chium]
2220 4683 2332 4715 cum
2363 4668 2411 4717 Β
2549 4672 2581 4718 9
2616 4667 2958 4717 testimouium
2986 4685 3125 4718 corr.

540 4741 645 4787 -uio
683 4739 730 4786 Β
871 4741 933 4787 16
970 4753 1172 4788 nomen-0
1200 4739 1249 4786 Β
1389 4741 1449 4787 17
1482 4738 1531 4785 iu
1569 4753 1663 4785 om.
1694 4737 1757 4793 B,
1796 4738 1918 4785 add.
1957 4739 2037 4787 ed.
2073 4737 2226 4785 Vind.
2371 4738 2430 4786 18
2464 4732 2673 4798 indicat]
2709 4736 2887 4784 indicit
2910 4753 3049 4789 corr.
3075 4737 3129 4785 id

538 4808 658 4854 dicit
681 4806 730 4855 Β
866 4811 931 4856 20
956 4804 1241 4870 Terentius]
1272 4806 1496 4858 Eunuclt.
1522 4807 1566 4854 ll
1591 4807 1639 4867 2,
1665 4807 1733 4855 40
1869 4807 1932 4854 21
1968 4802 2084 4869 itur]
2123 4805 2276 4867 Very.
2305 4806 2440 4854 Aen.
2468 4804 2536 4852 Vl
2567 4807 2660 4853 179
2800 4806 2868 4853 22
2893 4801 3125 4869 ventum]

547 4875 702 4938 Ver-q,
745 4877 873 4926 Aen.
904 4876 967 4924 Vl
994 4877 1059 4924 45
1196 4877 1260 4923 ‘27
1286 4884 1341 4921 ut
1365 4882 1510 4938 putat
1534 4872 1583 4922 B
1721 4876 1788 4922 29
1811 4871 1962 4939 insit]
1984 4874 2128 4923 inerit
2157 4872 2206 4921 B
