3541 5564
1485 360 1959 424 COMMENTVM
2942 362 3063 427 291

2695 485 2735 525 p.
2762 473 2943 514 ενι-36
2972 473 3016 513 L.

481 551 574 611 nis'
619 549 897 611 dividitur
943 552 1005 611 in
1052 549 1195 610 (luas
1238 556 1470 628 partes;
1527 557 1625 610 aut
1682 551 1839 610 enini
1886 553 2192 630 proprium
2238 559 2328 613 est
2371 559 2473 612 aut
2515 549 2947 631 appellativum.
3018 552 3070 610 si

485 662 682 714 autem
728 650 986 714 volueris
1029 662 1132 713 aut
1177 652 1485 732 proprium
1530 670 1640 731 pro
1686 650 2038 731 appellativo
2080 672 2307 732 ponere
2353 663 2455 714 aut
2499 654 2915 734 appellativum
2960 673 3069 734 pro

479 758 742 836 proprio,
792 753 1181 817 soloecismus
1228 762 1335 824 est,
1382 761 1524 833 puta
1569 755 1619 814 si
1665 754 1824 814 dicas

782 858 1083 920 hauriat
1124 858 1317 918 hunc
1362 855 1606 917 oculis
1649 857 1893 934 ignem
1939 856 2274 918 crudelis
2317 857 2403 920 ab
2449 858 2605 920 alto

428 975 454 1012 ⁵
785 959 1173 1022 Dardanus

475 1081 587 1143 pro
634 1082 706 1124 eo
749 1061 906 1143 quod
965 1069 1054 1122 est
1098 1061 1448 1123 Dardanius,
1539 1081 1679 1123 ecce
1725 1063 1968 1142 proprio
2012 1081 2156 1123 usus
2202 1070 2290 1122 est
2334 1081 2445 1142 pro
2501 1061 2883 1142 appellativo,
2931 1081 3069 1123 ecce

480 1165 664 1226 habes
708 1166 914 1225 vitium
959 1183 1069 1244 per
1113 1163 1472 1244 qualitatem.
1563 1183 1673 1244 per
1717 1182 1959 1242 genera,
2006 1166 2056 1224 si
2100 1165 2264 1225 dieas
2308 1162 2482 1224 validi
2529 1165 2741 1235 siliceS,
2790 1184 2926 1226 cum
2971 1184 3067 1225 va-

476 1267 626 1328 lidas
683 1266 1001 1345 legerimus
1057 1266 1212 1346 apud
1269 1266 1617 1344 Vergilium.
1717 1265 1865 1326 nihil
1923 1266 2164 1345 quidem
2224 1265 2365 1327 dicit
2417 1269 2534 1327 iam
2603 1267 2758 1347 quod
2820 1268 3070 1346 legimus

477 1369 629 1449 apud
677 1387 884 1430 omnes
927 1386 1147 1446 genere
1205 1368 1555 1436 masculino,
1613 1368 1717 1427 sed
1764 1368 1921 1445 quod
1969 1368 2316 1449 plerumque
2361 1371 2420 1430 in
2469 1389 2579 1430 usu
2624 1377 2737 1437 est,
2793 1367 2905 1429 hoc
2949 1368 3070 1429 vult

402 1485 450 1522 1⁰
483 1472 703 1533 dicere.
757 1469 766 1552 1
814 1489 950 1531 nam
995 1468 1190 1532 silices
1236 1468 1523 1530 habemus
1568 1472 1630 1530 in
1675 1488 1788 1530 usu
1832 1489 2053 1548 genere
2083 1472 2391 1541 feminine,
2438 1474 2692 1533 cortices
2722 1473 2783 1532 in
2826 1490 2934 1531 usu
2967 1489 3065 1549 ge-

476 1593 622 1635 nere
665 1572 1027 1642 masculino;
1074 1581 1271 1634 tamen
1318 1572 1568 1651 legimus
1611 1574 1672 1632 in
1706 1573 1965 1651 Vergilio
2009 1592 2230 1651 genere
2276 1574 2560 1635 feminino
2590 1575 2865 1634 cortices,
2926 1590 3068 1649 ergo

480 1695 587 1756 per
631 1675 992 1756 qualitatem,
1039 1683 1104 1736 ut

780 1778 1080 1838 hauriat
1122 1777 1313 1839 hunc
1358 1776 1604 1838 oculis
1647 1778 1892 1856 ignem
1939 1778 2279 1839 crudelis
2325 1778 2408 1839 ab
2454 1777 2606 1840 alto

783 1879 1202 1949 Dardanus;

403 1993 586 2063 ¹⁵lper
640 2000 890 2061 genera,
950 1993 1015 2044 ut
1060 1983 1267 2044 ‘validi
1325 1984 1560 2045 silices’
1624 1981 1724 2044 aut
1781 1987 2108 2044 ‘amarae
2176 1984 2557 2043 cortices'.
2658 2001 2767 2061 per
2823 2001 3061 2062 compa-

405 2126 421 2141 ·
475 2087 792 2155 rationem,

780 2187 1189 2267 respondit
1231 2187 1411 2249 Iuno
1457 2187 1819 2249 Saturnia
1863 2196 2121 2249 sancta
2179 2188 2508 2249 dearum:

478 2291 744 2351 novimus
789 2289 948 2367 quod
991 2292 1266 2368 genetivo
1311 2289 1530 2370 plurali
1589 2308 1709 2351 non
1770 2292 2035 2368 iungitur
2082 2291 2195 2349 nisi
2241 2288 2669 2369 superlativus;
2734 2290 2785 2348 si
2829 2295 2893 2349 tu
2937 2290 3069 2349 iun-

477 2395 637 2454 xeris
681 2393 1017 2472 positivum,
1066 2393 1268 2454 vitium
1315 2392 1536 2462 fecisti,
1585 2392 1862 2453 Saturnia
1918 2399 2120 2453 sancta
2177 2411 2288 2472 pro
2345 2411 2416 2452 eo
2473 2390 2631 2471 quod
2690 2398 2780 2451 est
2822 2393 3068 2451 sanctis-

401 2497 642 2558 ‘zosima
733 2513 841 2574 per
887 2513 1183 2564 numeroS,
1232 2496 1441 2572 ‘pars
1493 2496 1564 2555 in
1619 2497 1859 2556 frusta
1914 2495 2212 2554 secant'
2271 2513 2382 2573 pro
2444 2511 2513 2554 eo
2561 2492 2719 2570 quod
2765 2502 2855 2555 est
2898 2497 3071 2574 ‘pars

473 2600 677 2658 secat'.
751 2614 858 2676 per
903 2614 1092 2667 casus,
1141 2595 1433 2657 ‘urbem
1479 2613 1683 2673 quam
1732 2603 1978 2657 statuo
2023 2605 2272 2658 vestra
2320 2601 2463 2656 est’
2519 2614 2631 2675 pro
2675 2614 2744 2656 eo
2777 2596 2935 2676 quod
2983 2604 3071 2657 est

477 2697 647 2761 ‘urbs
677 2685 853 2778 quam
884 2706 1075 2759 statuo
1105 2704 1296 2760 vestra
1329 2703 1469 2760 est’.
1528 2698 1802 2759 similiter
1831 2717 1939 2778 per
1968 2716 2190 2777 genera
2220 2698 2560 2768 verborum,
2608 2684 2717 2777 per
2762 2698 3073 2776 qualitates

478 2802 812 2872 verborum,
860 2821 968 2882 per
1014 2821 1313 2872 numeroS,
1359 2821 1470 2882 per
1515 2802 1742 2863 modos.
1805 2808 1942 2882 puta
1987 2821 2096 2882 per
2140 2820 2357 2879 genera
2406 2801 2742 2870 verborum,
2791 2803 2842 2860 si
2888 2802 3070 2860 utaris

479 2907 699 2985 passiva
745 2903 1142 2965 declinatione
1188 2923 1299 2983 pro
1345 2907 1552 2976 activa,
1603 2913 1668 2965 ut

403 3022 454 3060 2⁵
788 3006 1217 3086 spoliantur
1262 3025 1385 3068 eos
1431 3015 1499 3068 et
1545 3024 1866 3086 corpora
1913 3005 2100 3066 nuda
2158 3003 2603 3085 relinquunt

477 3128 589 3190 pro
633 3127 706 3170 eo
752 3107 911 3188 quod
960 3118 1050 3169 est
1092 3107 1384 3187 spoliant:
1431 3127 1540 3189 per
1585 3108 1813 3178 modoS,
1862 3109 1912 3167 si
1957 3106 2103 3168 velis
2147 3107 2348 3170 dicere

685 3224 695 3234 ·
781 3213 942 3281 itis,
990 3212 1279 3290 paratis
1325 3229 1520 3271 arma
1567 3228 1774 3288 quam
1819 3211 2160 3289 primum,
2208 3211 2351 3270 viri
2410 3208 2417 3287 Ι

479 3334 591 3394 pro
639 3333 709 3374 eo
754 3313 912 3393 quod
959 3321 1051 3373 est
1093 3313 1215 3373 ‘ite
1259 3316 1531 3392 parate’;
1576 3332 1688 3392 per
1731 3329 2019 3391 personas

781 3415 1038 3485 Danai,
1087 3416 1209 3495 qui
1252 3415 1863 3494 parentAtridis,
1912 3432 2121 3493 quam
2165 3416 2477 3494 primum
2524 3431 2722 3474 arma
2766 3415 3069 3482 sumite,

400 3534 451 3574 30
478 3518 686 3580 ‘Danai
731 3518 834 3595 qui
876 3524 1091 3597 parent
1131 3518 1371 3578 sumite'
1418 3536 1528 3597 pro
1574 3536 1645 3579 eo
1689 3517 1847 3597 quod
1893 3526 1981 3578 est
2021 3516 2230 3578 ‘Danai
2263 3520 2364 3595 qui
2407 3518 2630 3597 paretis
2676 3518 2934 3578 sumite'.
2994 3517 3070 3578 si-

476 3622 716 3683 militer
738 3638 845 3700 per
890 3618 1182 3689 adverbia,
1219 3621 1269 3680 si
1299 3619 1459 3680 aliud
1493 3618 1986 3699 adverbiumtpro
2022 3618 2135 3680 alio
2166 3638 2374 3699 ponas,
2407 3621 2456 3680 si
2487 3620 2630 3680 velis
2662 3618 2863 3678 dicere
2889 3619 3071 3679 ‘intus

476 3727 570 3785 eo'
603 3742 712 3804 pro
744 3742 815 3784 eo
839 3720 996 3801 quod
1029 3731 1118 3782 est
1147 3723 1329 3783 ‘intro
1361 3726 1479 3797 eo’,
1518 3723 1567 3782 si
1590 3721 1736 3783 velis
1765 3722 1969 3783 dicere
2000 3723 2182 3783 ‘intro
2226 3725 2401 3792 sum',
2450 3730 2548 3783 aut
2576 3724 2625 3782 si
2648 3723 2855 3798 iungas
2898 3738 3069 3800 prae-

476 3827 800 3907 positiones
830 3823 1174 3891 nominibus
1205 3825 1502 3885 civitatum
1533 3823 1624 3884 vel
1656 3823 1930 3885 detrahas
1960 3825 2300 3905 provinciis,
2347 3826 2397 3884 si
2427 3822 2570 3884 velis
2600 3824 2799 3885 dicere
2829 3821 2925 3882 ‘ad
2951 3822 3068 3883 Ro-

477 3947 632 3990 mam
676 3926 868 3997 vado’,
913 3926 1172 3988 ‘Siciliae
1201 3932 1375 3987 sum’.
1435 3945 1570 3988 nam
1600 3945 1796 4007 neque
1825 3926 2048 3987 Romae
2093 3925 2328 3988 additur
2370 3928 2746 4006 praepositio,
2793 3926 3070 4006 quoniam

400 4049 451 4088 35
477 4048 697 4092 nomen
743 4037 832 4090 oet
873 4030 1181 4109 proprium
1225 4030 1492 4098 civitatis,
1542 4037 1600 4090 et
1637 4048 1853 4089 nomen
1880 4030 2186 4107 proprium
2210 4030 2461 4090 civitatis
2491 4047 2611 4089 non
2643 4029 2854 4108 accipit
2898 4046 3070 4107 prae-

479 4135 834 4211 positionem
881 4129 1212 4193 secundum
1257 4138 1474 4201 artem;
1521 4149 1717 4209 neque
1762 4133 1978 4192 iterum
2026 4130 2262 4191 Siciliae
2310 4127 2487 4211 [sum]
2522 4129 2854 4191 detrahitur
2897 4148 3066 4209 prae-

616 4375 652 4424 4
697 4371 915 4435 hauriat]
961 4373 1118 4436 Verq.
1158 4370 1291 4421 Aen.
1335 4369 1417 4419 llll
1455 4370 1552 4422 661
1732 4372 1763 4419 7
1803 4368 1932 4419 silex
1970 4370 2205 4428 feminino
2245 4384 2434 4432 yenere
2469 4370 2678 4432 saepius
2720 4370 2903 4436 leqitur
2936 4371 3077 4431 apud

490 4445 776 4508 Ver-filiurn,
810 4443 907 4492 aed
926 4459 1024 4494 non
1063 4440 1233 4491 valida
1269 4441 1399 4490 silex
1538 4439 1571 4490 9
1600 4442 1692 4490 sed
1729 4439 1866 4501 quod
1891 4439 2187 4505 plerumque
2224 4441 2275 4488 P
2300 4439 2389 4488 sed
2424 4439 2545 4500 quid
2584 4439 2887 4503 plerumque
2920 4439 2969 4488 B
2980 4439 3074 4489 OS

620 4515 684 4563 15
717 4514 878 4562 amari
911 4512 1128 4563 cortices
1168 4512 1247 4560 B:
1291 4512 1448 4574 Very.
1490 4510 1652 4562 bucol.
1691 4510 1743 4571 6,
1781 4509 1848 4559 62
1876 4523 2078 4557 amarae
2116 4509 2320 4558 corticis
2429 4510 2492 4559 17
2524 4508 2785 4572 respondit
2821 4523 2960 4561 corr.
3000 4518 3072 4557 ·et

481 4586 546 4634 C:
586 4585 718 4634 Eun.
764 4584 901 4633 anal.
938 4583 958 4631 1
992 4581 1060 4634 65
1095 4582 1179 4631 ed.
1229 4582 1382 4631 Valet.
1561 4580 1630 4631 20
1668 4578 1807 4645 pars]
1854 4580 2011 4643 Ver-9.
2054 4580 2183 4628 Aen.
2223 4579 2240 4626 l
2279 4578 2381 4629 212
2559 4578 2623 4628 21
2666 4575 2862 4645 urbem]
2910 4580 3066 4643 Ver-9.

479 4652 612 4706 Aen.
654 4654 674 4702 1
709 4652 812 4705 573
988 4654 1056 4703 24
1095 4667 1187 4716 pro
1236 4651 1402 4700 aetina
1443 4658 1498 4698 ut
1553 4650 1837 4714 spoliantur
1874 4649 1924 4697 P
1964 4651 2027 4698 de
2064 4650 2231 4697 aetina
2267 4658 2322 4698 ut
2358 4648 2643 4714 spoliantur
2682 4649 2760 4700 Cb
2808 4647 2870 4697 de
2908 4648 3073 4698 aetiua

481 4723 766 4790 spoliantur
802 4721 939 4774 BS:
975 4723 1114 4776 Eun.
1154 4726 1326 4774 annal.
1365 4738 1412 4772 v.
1448 4719 1553 4772 600
1580 4721 1661 4770 ed.
1704 4717 1852 4768 Valet.
1996 4719 2064 4768 25
2101 4718 2356 4781 reliquunt
2383 4720 2425 4770 C
2562 4721 2628 4769 27
2663 4734 2813 4783 quam
2853 4720 3068 4783 primum

482 4793 649 4843 BGP
689 4793 827 4858 quod
863 4794 1082 4857 primum
1122 4791 1164 4850 S
1331 4788 1398 4840 29
1442 4790 1590 4840 atridi
1634 4805 1783 4853 quam
1826 4792 2043 4855 primum
2086 4803 2229 4838 arma
2259 4790 2359 4839 GP
2393 4789 2546 4839 atridi
2587 4791 2720 4853 qnod
2763 4791 2982 4855 primum
3021 4791 3070 4839 iu

483 4878 622 4916 arma
660 4863 701 4912 S
746 4863 926 4912 atridis
964 4877 1112 4927 quam
1151 4877 1290 4911 arma
1331 4861 1379 4910 B

2540 4941 2667 5005 19*
