3541 5564
537 394 578 459 6
1662 392 2014 458 CLEDONII

534 581 591 645 is
638 580 842 661 enim,
891 580 1046 645 dum
1089 578 1331 647 librum
1375 601 1416 645 a
1460 602 1562 644 me
1607 601 1954 645 excussum
2000 602 2144 646 esse
2188 578 2429 663 nescit,
2489 580 2724 647 iterum
2769 601 2917 645 cum
2960 579 3116 644 Put-

537 682 699 749 schii
743 682 1024 748 editione
1069 681 1414 768 diligenter
1457 704 1606 747 eum
1651 682 1931 749 contulit
1972 693 2038 748 et
2081 705 2232 748 suas
2263 683 2536 748 schedas
2571 682 2941 747 humaniter
2985 703 3115 746 me-

536 800 683 850 cum
728 786 1255 851 communicavit.
1343 785 1581 872 quibus
1625 786 2003 871 conparatis
2049 808 2195 851 cum
2239 786 2321 849 iis
2376 808 2544 874 quae
2588 807 2707 871 ego
2753 784 3116 871 exscripse—

536 910 675 952 ram
718 887 1040 975 quaedam
1084 910 1251 974 quae
1294 909 1506 952 meam
1553 886 1964 973 diligentiam
2008 888 2313 973 fugerant
2355 888 2596 954 inveni.

708 988 1096 1057 Cledonium
1126 990 1193 1053 in
1224 990 1386 1055 urbe
1417 988 1986 1076 Constantinopoli
2031 1000 2240 1056 artem
2284 990 2778 1076 grammaticam
2824 990 3122 1055 docuisse

539 1101 605 1156 et
649 1091 1038 1178 dignitatem
1082 1090 1396 1157 habuisse
1427 1092 1705 1157 Romani
1736 1093 2056 1157 senatoris
2088 1092 2426 1181 inscriptio
2456 1091 2612 1158 libri
2643 1092 2852 1158 docet.
2919 1113 3121 1180 quare

538 1215 616 1257 ea
657 1215 915 1281 quoque
959 1215 1128 1281 quae
1174 1193 1254 1258 de
1311 1192 1537 1260 schola
1578 1195 1644 1258 in
1690 1192 2014 1280 Capitolio
2067 1193 2298 1261 habita
2339 1206 2606 1260 narrata
2649 1204 2804 1259 sunt
2844 1217 2909 1281 p.
2961 1194 3122 1259 1866

539 1306 716 1361 recte
761 1296 857 1361 ita
899 1296 1512 1382 interpretabimur,
1560 1307 1631 1361 ut
1677 1294 2062 1360 Cledonium
2106 1295 2373 1383 publico
2418 1319 2685 1362 munere
2730 1295 3121 1382 professoris

538 1399 697 1462 artis
743 1398 1208 1484 grammaticae
1252 1398 1321 1462 in
1366 1396 1688 1485 Capitolio
1734 1397 2032 1464 functum
2075 1420 2218 1464 esse
2263 1399 2579 1464 dicamus.
2641 1420 2848 1484 neque
2894 1398 3122 1465 dubito
3192 1455 3204 1467 .

540 1501 698 1587 quin
754 1522 838 1565 ex
892 1502 992 1565 his
1046 1500 1210 1587 ipsis
1257 1499 1528 1582 scholis,
1583 1499 1823 1587 quibus
1868 1500 1975 1566 ille
2020 1509 2224 1566 artem
2271 1501 2519 1567 Donati
2562 1501 2980 1587 interpretari
3026 1523 3124 1567 so-

540 1601 757 1684 lebat,
814 1602 983 1667 liber
1044 1625 1235 1689 quem
1290 1602 1609 1668 habemus
1666 1602 1981 1687 originem
2037 1603 2319 1668 duxerit.
2407 1626 2492 1668 ex
2544 1603 2669 1669 hoc
2724 1604 2899 1668 enim
2943 1602 3124 1669 fonte

539 1703 965 1791 repetendum
1010 1714 1112 1769 est
1154 1702 1352 1786 illud,
1398 1703 1576 1791 quod
1620 1702 1899 1790 plurima
1942 1728 2109 1792 quae
2150 1705 2220 1769 in
2265 1704 2561 1771 Cledonii
2605 1704 2774 1772 libro
2819 1704 3128 1792 leguntur

540 1829 687 1871 cum
744 1805 1172 1893 amplioribus
1228 1807 1740 1889 commentariis,
1799 1828 1962 1894 quos
2019 1806 2237 1874 Servii
2294 1806 2399 1873 vel
2456 1808 2669 1893 Sergii
2725 1816 2790 1872 et
2832 1808 3126 1894 Pompeii

540 1909 915 1976 nominibus
961 1909 1311 1994 inscriptos
1355 1907 1706 1987 habemus,
1754 1909 2188 1974 consentiunt.
2275 1932 2428 1973 nam
2481 1932 2610 1975 non
2665 1909 2868 1975 solum
2911 1934 3156 1976 rerum*

540 2011 609 2075 in
650 2010 751 2076 his
797 2011 983 2077 libris
1029 2010 1421 2076 traditarum
1452 2021 1517 2076 et
1546 2012 1822 2076 rationis
1856 2010 2237 2098 disputandi
2282 2012 2569 2076 maxima
2600 2022 2699 2076 est
2744 2012 3127 2094 similitudo,

540 2136 707 2201 quae
751 2113 1015 2200 quidem
1059 2114 1227 2179 libro
1273 2112 1553 2194 Donati,
1599 2135 1794 2199 quem
1840 2113 2076 2178 ducem
2120 2114 2328 2180 secuti
2373 2126 2556 2195 sunt,
2602 2114 2803 2180 tribui
2848 2123 3125 2201 poterat,

542 2216 658 2281 sed
714 2217 913 2281 etiam
978 2216 1207 2281 eadem
1249 2215 1389 2280 fere
1431 2213 1903 2280 vocabulorum
1946 2215 2250 2303 exempla
2292 2225 2357 2282 et
2402 2226 2696 2281 veterum
2741 2218 3130 2303 scriptorum
3247 2256 3260 2265 ,

542 2318 919 2384 testimonia
961 2318 1046 2383 ad
1090 2315 1352 2403 regulas
1396 2317 1773 2404 probandas
1820 2317 2156 2405 adscripta
2199 2328 2383 2400 sunt,
2430 2329 2626 2406 atque
2658 2341 2742 2385 ex
2773 2319 2935 2406 ipsis
2967 2320 3128 2383 artis

541 2421 913 2509 praeceptis
959 2419 1280 2507 quaedam
1333 2410 1652 2484 similibus
1699 2419 1921 2484 verbis
1966 2431 2281 2508 concepta
2323 2421 2646 2486 invenias,
2716 2444 2991 2509 quarum
3035 2444 3131 2487 re-

539 2545 683 2588 rum
750 2545 899 2587 cum
953 2521 1238 2608 plurima
1292 2520 1594 2608 exempla
1645 2543 1763 2607 per
1819 2543 2074 2587 omnem
2121 2521 2418 2589 Cledonii
2474 2522 2714 2590 librum
2775 2523 3130 2610 deprehen-

544 2623 812 2707 dantur,
861 2634 998 2689 tum
1043 2622 1236 2688 facile
1282 2622 1557 2711 adparet
1599 2624 1694 2689 ita
1737 2633 2164 2710 conparatum
2208 2648 2351 2690 esse
2396 2647 2544 2691 eum
2590 2648 3011 2708 consensum,
3058 2637 3133 2693 ut

544 2749 621 2792 ea
665 2749 833 2816 quae
879 2726 1179 2792 similiter
1224 2725 1400 2814 apud
1447 2724 1592 2791 illos
1638 2727 2102 2812 grammaticos
2159 2730 2405 2815 scripta
2452 2738 2605 2794 sunt
2648 2751 2859 2817 neque
2903 2751 2943 2794 a
2988 2728 3132 2796 Cle-

514 2830 739 2897 ·donio
801 2853 885 2896 ex
939 2828 1197 2913 illorum
1241 2828 1429 2894 libris
1486 2829 1619 2915 peti
1663 2851 1875 2915 neque
1919 2827 2004 2893 ad
2047 2829 2193 2897 illos
2241 2854 2324 2896 ex
2369 2830 2667 2896 Oledonii
2711 2830 2879 2898 libro
2928 2844 3131 2897 trans-

543 2933 701 2997 ferri
746 2932 1111 3020 potuerint,
1173 2931 1289 2996 sed
1347 2930 1564 3017 potius
1610 2954 1693 2996 ex
1738 2934 2062 2997 communi
2110 2933 2288 2999 fonte
2349 2943 2413 2998 et
2456 2932 2540 2998 ad
2584 2934 2754 2997 hunc
2798 2945 2864 2999 et
2907 2933 2992 2998 ad
3035 2956 3131 2999 re·

543 3034 755 3122 liquos
810 3036 1198 3121 interpretes
1256 3031 1557 3098 derivata
1609 3033 1760 3097 sint.
1850 3033 1980 3099 alia
2045 3035 2218 3100 enim
2283 3059 2325 3099 a
2380 3034 2692 3101 Cledonio
2760 3038 2999 3100 rectius
3067 3046 3133 3101 et

543 3138 806 3202 uberius
852 3159 1048 3222 quam
1093 3137 1177 3201 ab
1221 3134 1348 3199 illis
1393 3134 1641 3201 tradita
1686 3146 1871 3216 sunt,
1917 3135 2076 3213 alia,
2122 3160 2289 3225 quac
2320 3162 2360 3202 a
2388 3120 2700 3201 Oledonio
2744 3140 2982 3202 omissa
3025 3137 3133 3203 vel

545 3248 850 3324 corrupta
907 3249 1085 3320 sunt,
1143 3239 1402 3322 integra
1455 3247 1889 3303 servaverunt
1941 3237 2056 3304 illi.
2148 3239 2316 3304 vidit
2360 3238 2482 3303 hoc
2536 3261 2747 3325 nuper
2791 3242 3131 3326 Augustus

544 3340 913 3406 WVilmanns
974 3339 1055 3405 de
1111 3339 1304 3403 Varr.
1361 3339 1508 3406 libr.
1570 3363 1847 3426 gramm.
1904 3365 1968 3427 p.
2021 3342 2173 3422 110,
2245 3341 2356 3426 qui
2417 3362 2561 3404 cum
2614 3341 2683 3404 in
2740 3344 3131 3429 quibusdam

546 3442 860 3507 Varronis
902 3441 1287 3527 fragmentis
1333 3444 1504 3508 hunc
1549 3464 1936 3509 consensum
1980 3444 2406 3528 interpretum
2435 3443 2682 3508 Donati
2726 3445 3133 3510 animadver-

547 3545 758 3626 tisset,
807 3566 1027 3610 omnes
1061 3567 1145 3609 ex
1173 3568 1303 3611 uno
1337 3544 1692 3633 eodemque
1724 3545 2013 3611 doctiore
2044 3546 2506 3610 commentario
2539 3545 2857 3627 hausisse,
2904 3545 3133 3610 alium—

548 3669 673 3734 que
718 3645 939 3732 plura,
987 3645 1186 3710 alium
1233 3647 1543 3732 pauciora
1585 3647 1739 3712 inde
1786 3648 2142 3734 sumpsisse
2187 3647 2613 3714 existimavit.
2674 3671 2882 3734 neque
2915 3656 3135 3713 tamen

546 3750 615 3813 in
670 3771 799 3813 uno
858 3761 922 3813 et
975 3749 1281 3814 continuo
1338 3751 1724 3836 antiquioris
1780 3749 2185 3835 grammatici
2244 3749 2410 3814 libro
2458 3749 2619 3814 haec
2664 3750 2908 3831 omnia,
2968 3772 3135 3834 quae

546 3862 879 3938 tamquam
924 3850 1162 3916 veteris
1208 3853 1540 3917 doctrinae
1586 3851 1898 3939 reliquiae
1939 3872 2110 3916 nunc
2141 3851 2317 3938 apud
2347 3850 2570 3938 plures
2618 3852 2917 3937 dispersa
2961 3860 3132 3934 sunt,

549 3953 704 4020 olim
758 3954 1106 4019 coniuncta
1160 3953 1363 4019 fuisse
1420 3955 1977 4035 confirmaverim3
2034 3953 2149 4018 sed
2204 3956 2529 4019 constanti
2587 3951 2951 4018 scholarum
3012 3976 3134 4017 usu

546 4057 797 4122 factum
853 4078 996 4121 esse
1056 4057 1316 4123 videtur
1370 4068 1444 4122 ut
1501 4080 1580 4122 ea
1634 4080 1799 4144 quae
1857 4079 1896 4120 a
1949 4056 2282 4140 magistris
2338 4055 2802 4141 grammaticae
2846 4055 3004 4118 artis
3051 4054 3133 4119 de

548 4158 797 4223 Donati
839 4157 1008 4225 libro
1056 4160 1304 4246 scripta
1348 4158 1451 4224 vel
1498 4158 1736 4224 scholis
1783 4167 2134 4243 praecepta
2187 4168 2405 4238 erant,
2464 4157 2532 4221 id
2577 4156 2749 4243 quod
2795 4156 2865 4220 in
2909 4157 3133 4242 primis

549 4284 633 4325 ex
678 4260 975 4326 Cledonii
1032 4260 1198 4327 libro
1248 4261 1678 4347 intellegitur,
1738 4259 1823 4324 ad
1881 4271 2177 4345 posteros
2222 4268 2743 4347 propagarentur
2789 4269 2853 4323 et
2896 4260 2976 4323 iis
3023 4261 3137 4346 qui

546 4371 777 4450 postea
836 4364 904 4428 in
959 4364 1190 4429 eodem
1245 4364 1469 4429 labore
1524 4362 1964 4428 versabantur
2020 4373 2236 4427 certae
2293 4360 2518 4447 copiae
2572 4369 2838 4445 paratae
2896 4371 3134 4442 essent,

549 4465 785 4554 quibus
830 4465 924 4531 ita
967 4465 1354 4546 utebantur,
1413 4474 1486 4529 ut
1531 4474 1597 4529 et
1653 4463 2031 4549 disputandi
2078 4464 2373 4529 ordinem
2418 4486 2458 4527 a
2502 4463 2828 4551 prioribus
2875 4463 3133 4528 institu-

548 4578 687 4634 tum
732 4577 1159 4656 sequerentur
1204 4578 1266 4632 et
1311 4587 1476 4653 quae
1524 4567 1607 4631 ab
1652 4564 2181 4632 illismemoriae
2228 4565 2491 4650 prodita
2524 4577 2711 4639 erant
2739 4576 3129 4654 repeterent.

545 4673 770 4759 itaque
814 4669 900 4735 ad
932 4669 1316 4736 Cledonium
1362 4690 1617 4756 quoque
1664 4674 1950 4732 maxima
1995 4691 2147 4755 pars
2193 4690 2418 4733 eorum
2465 4691 2631 4754 quae
2673 4666 2782 4733 ille
2829 4691 2914 4733 ex
2957 4678 3132 4733 vete-

546 4796 689 4839 rum
746 4773 1137 4858 scriptorum
1192 4770 1379 4836 libris
1437 4770 1737 4836 exhibuit
1802 4780 1868 4836 et
1933 4769 2013 4834 de
2081 4790 2376 4834 sermone
2442 4769 2829 4857 antiquioris
2895 4770 3130 4834 aetatis

547 4874 914 4963 disputavit
958 4873 1038 4938 iis
1085 4895 1252 4960 quae
1298 4871 1450 4939 olim
1496 4873 1564 4936 in
1595 4872 1839 4938 Donati
1886 4881 2091 4937 artem
2134 4871 2449 4936 adnotata
2492 4879 2558 4935 et
2599 4893 2722 4936 usu
2768 4870 3132 4938 scholarum
