3541 5564
1481 371 1951 435 COMMENTVM
2884 367 3007 433 287

2642 491 2687 532 p.
2716 480 2805 521 426.
2830 481 2879 520 Ξῖ
2907 476 2952 518 1..

431 579 635 629 unum,
683 562 734 621 si
763 560 999 621 tenuius
1029 568 1216 627 sonet,
1252 577 1361 638 per
1406 559 1539 629 du0,
1588 562 1637 621 si
1680 562 1964 639 pinguius
2009 568 2194 622 sonet.
2255 568 2396 641 puta
2430 559 2677 640 llargus3
2725 560 3011 621 debemus

434 664 634 724 dicere
679 662 894 741 largus.
944 670 1010 723 ut
1053 663 1267 740 pingue
1312 671 1508 730 sonet;
1558 671 1614 723 et
1658 665 1707 722 si
1752 662 1915 723 dicas
1957 661 2096 731 nex,
2146 681 2262 724 non
2309 663 2430 724 lex:
2479 665 2683 725 vitiosa
2721 671 2860 724 sunt
2901 680 3012 743 per

434 765 872 838 labdacismum.
962 767 1106 824 item
1151 766 1213 824 in
1256 766 1492 842 gemino
1538 762 1555 822 l
1604 762 1870 843 [quando
1914 763 2138 825 suerint
2182 764 2297 826 duo
2342 765 2420 847 l],
2480 767 2527 827 si
2583 765 2837 826 volueris
2879 767 3008 845 pin-

433 870 607 946 guius
650 886 882 935 sonare,
929 868 979 925 si
1023 865 1288 927 dicamus
1330 865 1581 927 Metelus
1626 866 1879 928 Catulus.
1971 867 2030 926 in
2086 866 2176 929 his
2221 869 2395 929 etiam
2444 868 2825 953 ⁸agnoscimus
2867 884 3011 945 gen-

385 972 579 1031 fitium
627 971 790 1037 vitia;
837 967 1213 1030 labdacismis
1259 974 1487 1028 scatent
1530 967 1670 1037 Arri,
1717 987 1856 1028 raro
1902 978 1989 1030 est
2034 978 2100 1030 ut
2143 970 2352 1049 aliquis
2397 970 2552 1030 dicat
2597 968 2642 1029 l:
2694 988 2802 1048 per
2832 969 3014 1046 gemi-

431 1092 571 1132 num
620 1070 635 1130 l
683 1071 770 1132 sic
814 1070 1091 1132 locuntur
1137 1070 1404 1138 Romani,
1453 1087 1659 1130 omnes
1707 1070 1903 1131 Latini
1946 1073 2031 1131 sic
2078 1070 2388 1140 locuntur,
2436 1070 2694 1132 Catullus
2725 1069 3011 1131 Metellus,

601 1174 1013 1253 Myotacismus
1058 1180 1164 1239 est,
1213 1173 1489 1252 quotiens
1542 1173 1699 1232 inter
1755 1172 1902 1234 duas
1948 1171 2176 1235 vocales
2235 1191 2293 1232 m
2346 1174 2600 1252 positum
2647 1174 3015 1252 exprimitur,

435 1283 499 1336 ut
537 1277 586 1335 si
633 1276 792 1336 dicas
836 1274 1173 1335 ‘hominem
1221 1275 1536 1343 amicum',
1597 1278 1931 1336 ‘oratorem
1980 1277 2322 1356 optimum’.
2415 1293 2532 1335 non
2593 1276 2749 1335 enim
2795 1273 3018 1334 videris
3040 1284 3161 1343 445,
3189 1283 3252 1331 14

436 1377 634 1439 dicere
682 1376 1015 1438 ‘hominem
1064 1377 1388 1445 amicum’,
1450 1375 1554 1436 sed
1599 1376 1841 1438 homine
1885 1381 2228 1448 mamicum,
2289 1377 2444 1458 quod
2490 1384 2579 1437 est
2621 1378 3016 1455 incongruum
3112 1403 3119 1406 ·

363 1497 411 1535 ιο
439 1490 499 1539 et
554 1482 967 1540 inconsonans
1068 1477 1338 1539 similiter
1403 1482 1738 1540 ‘oratorem
1807 1481 2148 1559 optimum',
2215 1479 2434 1540 videris
2488 1478 2688 1540 dicere
2748 1481 3019 1539 ‘oratore

435 1583 842 1662 moptimum’.
949 1580 1157 1642 bonam
1228 1581 1517 1641 rationem
1586 1582 1738 1643 dixit'
1790 1580 2096 1651 Melissu3‚
2173 1600 2287 1661 quo
2344 1581 2521 1642 modo
2576 1580 2876 1642 vitandum
2934 1589 3021 1640 est

436 1684 550 1745 boc
596 1685 826 1752 vitium,
875 1700 948 1741 ne
990 1684 1366 1743 incurramus
1395 1684 1457 1743 in
1501 1681 1660 1744 aliud
1708 1686 1929 1745 vitium.
2020 1682 2375 1763 plerumque
2422 1685 2579 1743 enim
2627 1692 2729 1744 aut
2771 1700 3016 1762 suspen-

436 1787 600 1846 sione
672 1786 1085 1865 pronuntiatur
1159 1792 1259 1843 aut
1332 1783 1698 1845 exclusione:
1799 1788 2187 1864 suspensione
2267 1787 2717 1864 pronuntiatur,
2806 1788 2852 1846 si
2932 1784 3019 1844 di-

439 1906 537 1947 cas
620 1886 954 1947 ‘hominem
1030 1887 1351 1956 amicum’,
1443 1885 1815 1967 [interponas
1900 1887 2115 1967 aliquid
2195 1885 2364 1968 puta]
2454 1888 2792 1949 ‘oratorem
2868 1889 3019 1966 opti·

365 1994 666 2057 15mum';
755 1997 856 2049 aut
920 1997 1109 2057 certe,
1182 1986 1191 2070 Ι
1260 1990 1310 2050 si
1388 1987 1532 2050 velis
1602 1988 1947 2059 excludere,
2028 1990 2303 2050 ‘homine
2378 1991 2687 2060 amicum'‚
2734 1993 3019 2057 ,'oratore

439 2093 785 2172 optimum'.
885 2109 994 2150 nos
1049 2089 1190 2169 quid
1247 2091 1413 2170 sequi
1471 2090 1791 2153 debemus?
1873 2091 2051 2172 quid?
2121 2111 2229 2172 per
2283 2094 2735 2172 suspensionem
2793 2097 3018 2152 tantum

438 2194 632 2254 modo.
739 2211 854 2270 qua
910 2194 1174 2253 ratione?
1244 2194 1378 2272 quia
1432 2195 1483 2253 si
1540 2193 1758 2255 dixeris
1814 2212 1921 2273 per
1976 2195 2424 2274 suspensionem
2481 2193 2818 2254 ‘hominem
2876 2194 3020 2253 ami-

441 2313 576 2356 cum
594 2300 631 2365 ',
681 2302 739 2356 et
783 2293 896 2354 boc
941 2296 1142 2356 vitium
1192 2294 1416 2364 vitabis,
1466 2298 1940 2375 myotacismum,
1991 2303 2048 2357 et
2093 2314 2211 2358 non
2269 2295 2444 2357 cades
2488 2296 2544 2356 in
2593 2294 2748 2357 aliud
2799 2297 3018 2365 vitium,

438 2397 498 2458 id
545 2406 632 2457 est
675 2398 734 2457 in
782 2396 1023 2457 hiatum.
1087 2415 1221 2457 nam
1269 2398 1318 2458 si
1365 2396 1618 2458 volueris
1661 2398 1862 2460 dicere
1909 2398 2188 2459 ‘homine
2233 2398 2483 2459 amicum
2502 2404 2540 2467 ²,
2587 2400 2736 2458 vitas
2779 2397 3021 2477 quidem

365 2517 415 2557 20
442 2500 908 2579 myotacismum,
957 2518 1075 2559 non
1123 2507 1319 2560 tamen
1364 2500 1509 2561 vitas
1553 2498 1798 2561 hiatum.
1891 2519 2025 2562 nam
2072 2500 2266 2562 hiatus
2312 2508 2430 2569 est,
2480 2498 2715 2580 quando
2759 2498 3021 2560 vocalem

441 2600 552 2662 alia
597 2600 814 2661 vocalis
856 2602 1154 2678 sequitur,
1202 2600 1261 2661 id
1308 2609 1398 2662 est
1442 2604 1717 2678 quotiens
1761 2612 1898 2683 post
1926 2602 2202 2671 ¹vocalem
2246 2602 2428 2664 altera
2476 2601 2691 2663 vocalis
2735 2604 3018 2682 sequitur.

441 2712 583 2765 tunc
626 2705 861 2781 gravius
904 2708 1101 2764 tamen
1147 2702 1260 2763 hoc
1303 2706 1367 2764 fit
1411 2705 1631 2778 vitium,
1680 2706 1730 2764 si
1779 2704 1983 2765 eadem
2031 2703 2247 2765 vocalis
2291 2713 2594 2785 sequatur.
2653 2712 2792 2785 puta
2827 2706 3021 2766 ‘Musa

443 2808 691 2867 amavit'
739 2808 906 2885 peius
951 2814 1055 2873 est,
1106 2824 1278 2886 quam
1327 2807 1529 2868 ‘Musa
1573 2806 1837 2877 habuit’,
1885 2806 2080 2869 ‘Musa
2128 2808 2418 2868 edocuit'.
2482 2825 2624 2885 ergo
2670 2806 2866 2869 hiatus
2913 2815 3019 2878 est,

442 2909 715 2989 quotiens
762 2905 1022 2967 vocalem
1068 2904 1250 2967 altera
1298 2908 1513 2970 vocalis
1556 2912 1842 2990 sequitur.
1933 2929 2118 2991 quare
2163 2911 2214 2971 si
2270 2908 2415 2970 illud
2471 2911 2656 2971 vitare
2713 2907 3016 2980 debemuS,

368 3033 418 3072 25
445 3029 519 3071 ne
564 3012 623 3070 in
671 3008 920 3085 eandem
967 3008 1228 3070 vocalem
1276 3009 1462 3080 cadat,
1511 3009 1719 3073 melius
1765 3020 1857 3073 est
1898 3014 2131 3073 vitetur.

613 3108 870 3172 Conlisio
917 3119 1025 3180 est,
1074 3112 1346 3189 quotiens
1392 3111 1575 3173 altera
1620 3133 1757 3193 pars
1801 3116 1861 3175 in
1909 3111 2155 3175 alteram
2200 3113 2646 3175 similitudinem
2694 3112 3023 3173 litterarum
3047 3128 3164 3190 445,
3193 3128 3258 3177 22

443 3212 533 3274 vel
578 3213 852 3292 coeperit.
889 3212 980 3272 vel
1023 3213 1269 3282 finierit,
1317 3212 1376 3273 id
1423 3222 1508 3274 est
1553 3216 1603 3275 si
1648 3215 1720 3276 ab
1767 3235 1832 3276 ea
1880 3225 2046 3296 parte
2089 3215 2330 3277 inchoet
2371 3216 2480 3277 alia
2535 3234 2673 3296 pars
2718 3216 3021 3302 orationiS,

442 3317 503 3375 in
540 3332 714 3393 quam
750 3315 922 3375 desiit
956 3314 1083 3385 illa,
1132 3324 1232 3377 aut
1267 3311 1429 3377 certe
1478 3318 1527 3376 si
1569 3316 1641 3377 ab
1684 3319 1829 3397 ipsis
1862 3317 2100 3399 syllabis
2135 3317 2416 3380 inchoent
2450 3317 2670 3379 multae
2711 3326 2928 3397 partes,
2964 3327 3029 3378 ut

748 3436 783 3477 o
828 3417 992 3478 Tito
1039 3426 1193 3480 tute
1238 3418 1407 3479 Tati
1453 3418 1591 3480 tibi
1638 3427 1837 3480 tanta
1883 3430 2198 3500 tyranne
2250 3418 2532 3491 tulisti,

586 3608 610 3658 1
649 3607 817 3656 tenuis
855 3614 999 3656 sonet
1033 3605 1188 3656 BGS
1395 3607 1601 3673 pinguis
1636 3616 1783 3657 sonet
1819 3608 1969 3659 BOS
2163 3616 2285 3675 puta
2324 3608 2539 3675 llargus
2577 3609 2821 3658 debemus
2859 3609 3027 3658 dicere

448 3676 621 3742 largus
661 3675 876 3742 (llargus
914 3676 990 3740 B)
1039 3686 1093 3726 ut
1138 3676 1344 3742 pinguis
1382 3687 1525 3726 sonet
1575 3678 1617 3726 si
1654 3678 1796 3727 dicas
1834 3679 1916 3728 lex
1963 3693 2062 3728 nou
2103 3679 2185 3727 lex
2221 3678 2325 3729 BS
2356 3689 2478 3744 puta
2516 3679 2529 3728 1
2571 3679 2747 3744 largus
2782 3679 3025 3729 debemus

447 3748 614 3796 dicere
652 3746 668 3795 l
705 3755 760 3794 ut
793 3748 1005 3813 pinguis
1035 3755 1180 3795 sonet
1218 3747 1392 3813 largus
1424 3749 1467 3796 si
1501 3748 1642 3796 dicas
1673 3747 1754 3796 lex
1794 3763 1891 3797 non
1931 3747 2014 3797 lex
2045 3750 2087 3799 C
2224 3751 2256 3799 3
2293 3750 2502 3816 pinguis
2536 3764 2719 3798 sonare
2751 3747 2899 3799 BOS

445 3819 478 3867 4
517 3815 748 3866 metellus
777 3816 993 3866 catullus
1021 3816 1111 3866 GS
1144 3816 1371 3865 metellus
1402 3816 1612 3866 catellus
1651 3817 1699 3865 B
1838 3820 1869 3868 5
1908 3819 2031 3868 uitia
2067 3819 2672 3882 i‹=tacisn1is(iotacisn1is
2699 3834 2788 3869 om.
2826 3820 2867 3869 0
2899 3820 3025 3868 iota-

446 3887 635 3936 cissimi
673 3886 794 3939 add.
831 3886 883 3949 c)
920 3894 1114 3936 scatent
1152 3886 1248 3934 afri
1287 3901 1400 3936 raro
1428 3897 1505 3936 est
1541 3895 1594 3938 ut
1618 3886 1803 3951 aliquis
1840 3889 1974 3937 dicat
2005 3889 2015 3936 l
2053 3888 2377 3938 labdacismis
2404 3905 2496 3955 per
2532 3890 2789 3954 geminum
2830 3889 2843 3938 1
2879 3887 3025 3938 BCS.

446 3956 858 4007 laedat-ismarum
893 3958 1012 4006 vitia
1041 3956 1190 4016 Afris
1224 3957 1395 4007 tribuit
1441 3957 1668 4008 Isidorus
1704 3961 1833 4023 orig).
1876 3961 1889 4006 l
1926 3956 2014 4021 31,
2051 3958 2104 4009 8.
2140 3959 2404 4022 Pompeius
2439 3969 2600 4010 autem
2633 3961 2725 4009 lzoc
2758 3958 3028 4023 reprehen-

446 4027 570 4076 dere
603 4027 815 4088 m'detur·‚
855 4026 991 4091 quod
1019 4039 1115 4088 pro
1142 4039 1238 4074 uno
1275 4026 1289 4075 l
1321 4028 1420 4078 duo
1447 4029 1765 4092 pronuntient
1937 4027 1970 4077 8
2004 4032 2359 4078 meotacismns
2394 4028 2558 4079 BGP
2596 4030 2952 4079 moetacismus
2974 4025 3029 4082 .S

584 4096 617 4147 9
662 4096 752 4146 sed
789 4096 991 4147 homine
1029 4111 1109 4156 ma
1149 4095 1367 4146 amicum
1406 4099 1445 4148 S
1624 4097 1684 4149 11
1732 4098 1987 4148 mellissus
2023 4097 2064 4147 S
2206 4098 2270 4149 13
2320 4097 2634 4166 exclusione]
2674 4115 2740 4148 ex
2774 4098 3028 4148 solutione

449 4165 598 4217 BCS
739 4167 801 4218 14
840 4168 1131 4231 interpones
1165 4165 1245 4215 B.-
1281 4169 1353 4218 ad
1385 4168 1528 4217 aliud
1554 4169 1861 4232 myoeacismi
1883 4169 2076 4218 vitandi
2107 4183 2267 4233 genus
2298 4169 2389 4218 hoc
2418 4170 2675 4231 pertinere
2708 4169 2925 4230 videtur,
2962 4168 3027 4217 de

447 4251 543 4302 qap
577 4237 712 4288 dixit
755 4237 1047 4288 Consentius
1089 4254 1144 4302 p.
1177 4234 1241 4286 19
1278 4238 1357 4290 ed.
1400 4238 1602 4298 fluum„
1659 4236 1811 4287 huius
1848 4239 1956 4287 vitii
2005 4238 2285 4287 remedium
2330 4248 2407 4288 est
2442 4240 2681 4303 primum,
2721 4249 2792 4301 ut,
2830 4237 3027 4301 quoties

450 4308 526 4357 sic
567 4316 743 4368 sonat,
793 4322 916 4372 pars
963 4306 1208 4358 orationis
1256 4307 1425 4371 aliqua
1466 4308 1815 4373 interponatur
1850 4322 1948 4357 non
1986 4322 2016 4356 a
2048 4308 2213 4357 vocali
2250 4308 2499 4371 incipiens
2560 4355 2567 4362 ,
2672 4317 2796 4374 puta
2832 4322 2924 4360 om.
2969 4306 3027 4369 0,

449 4376 569 4431 add.
603 4392 631 4425 c
772 4377 837 4428 16
877 4392 965 4442 per
1000 4392 1090 4429 om.
1132 4377 1173 4426 G
1312 4377 1374 4427 17
1412 4378 1455 4427 si
1490 4393 1581 4431 om.
1628 4378 1670 4429 0
1809 4377 1874 4427 18
1914 4376 2282 4427 miotacismum
2322 4379 2371 4426 P
2397 4379 2709 4427 meotacismi
2746 4377 2857 4428 Bo
2888 4392 3027 4426 moe-

449 4446 647 4495 tacismi
681 4447 731 4495 P
869 4447 934 4500 19
980 4448 1030 4495 in
1069 4445 1235 4495 hiatus
1272 4447 1324 4497 B
1337 4446 1426 4497 CS
1437 4448 1486 4496 P
1620 4446 1688 4498 20
1727 4447 2095 4497 miotacismum
2134 4448 2185 4496 P
2217 4448 2592 4497 meotacismum
2627 4448 2732 4498 BC
2761 4447 3026 4496 moetacis·

447 4530 586 4564 mum
621 4516 665 4566 S
801 4530 903 4565 non
939 4511 1128 4582 tamen]
1172 4516 1264 4567 sed
1301 4532 1397 4566 non
1439 4517 1481 4566 G
1649 4516 1717 4568 23
1755 4532 1908 4580 quam
1947 4518 2084 4580 quod
2119 4532 2262 4567 musa
2302 4516 2476 4566 habuit
2505 4516 2661 4568 BGS
2695 4533 2844 4579 quam
2891 4516 3028 4579 quod

449 4601 596 4635 musa
633 4585 754 4634 abiit
790 4586 842 4635 Ρ
1008 4587 1076 4637 24
1113 4587 1260 4650 quasi
1298 4586 1424 4636 illud
1463 4586 1608 4649 (quia
1644 4588 1690 4636 si
1727 4586 1854 4654 illud
1890 4586 1961 4646 B)
2006 4587 2165 4635 uitare
2207 4586 2450 4636 debemus
2488 4587 2673 4637 melius
2727 4596 2807 4637 est
2859 4601 2921 4636 ne
2973 4589 3026 4633 in

450 4656 629 4705 eadem
659 4655 887 4705 uocalem
917 4657 1062 4707 cadat
1098 4657 1286 4706 uitetur
1329 4657 1475 4708 BCS
1509 4656 1781 4719 quiaillud
1821 4659 1979 4706 uitare
2015 4656 2260 4706 debemus
2286 4656 2466 4707 melius
2494 4666 2587 4722 est,
2625 4673 2687 4706 ne
2725 4658 2777 4706 in
2812 4656 3027 4706 eandem

451 4727 678 4775 vocalem
716 4725 880 4786 cadat,
919 4735 1076 4776 totum
1115 4727 1297 4776 vitetur
1338 4728 1708 4777 Lindemannus
1847 4726 1914 4776 29
1952 4740 1981 4776 ο
2016 4728 2103 4776 tite
2140 4737 2244 4777 tute
2280 4727 2369 4777 tati
2402 4727 2491 4777 tibi
2529 4729 2573 4779 S
2604 4743 2633 4778 o
2672 4728 2760 4777 tite
2796 4728 2886 4776 tati
2922 4735 3029 4775 tute

449 4794 542 4844 tibi
583 4794 633 4844 B
682 4806 836 4849 0.tu.
877 4805 974 4846 tete
1013 4795 1124 4862 (tite
1160 4795 1210 4859 c)
1260 4798 1352 4847 tibi
1384 4798 1449 4848 C:
1493 4811 1522 4846 o
1563 4797 1651 4845 tite
1700 4805 1802 4847 tate
1851 4797 1941 4846 tibi
1994 4804 2098 4847 tota
2142 4804 2282 4847 tanta
2317 4809 2531 4861 tyranne
2568 4798 2727 4848 tulisti
2765 4797 2828 4846 P.
2891 4794 3023 4851 Evm.

449 4867 621 4920 annal.
660 4865 679 4914 1
710 4865 810 4916 113
844 4866 923 4917 ed.
963 4865 1112 4917 Vam.
