3541 5564
1432 362 1904 424 COMMENTVM
2827 362 2946 428 165

2584 486 2624 526 p.
2650 476 2822 514 155-58
2851 473 2894 513 L.

351 563 412 613 et
468 554 862 631 ‘mancipiiun
919 550 1202 612 advena’.
1292 568 1437 628 ergo
1494 550 1877 612 masculinum
1936 553 2270 612 invenimus
2332 573 2363 614 a
2422 556 2830 623 terminatum,
2882 561 2946 614 ut

351 663 444 716 est
500 655 599 716 hic
667 654 943 723 Catilina,
1002 654 1385 721 femininum,
1445 661 1509 713 ut
1564 654 1708 714 haec
1752 655 1948 724 Musa,
2010 663 2282 715 neutrum
2345 656 2446 716 sed
2509 675 2819 736 graecum,
2881 667 2945 717 ut

347 767 651 828 toreuma,
698 774 1001 818 commune
1047 756 1134 816 vel
1182 775 1251 816 ex
1297 755 1527 817 duobus
1574 755 1661 815 vel
1709 775 1781 817 ex
1826 756 2044 827 tribus,
2096 765 2159 817 ut
2204 757 2442 819 advena.
2520 779 2551 819 e
2599 760 2945 821 terminatus

349 863 747 923 nominativus
801 860 915 919 duo
971 867 1198 919 tantum
1254 860 1467 938 recipit
1520 877 1769 937 genera,
1828 878 2010 919 unum
2072 862 2416 922 femininum
2473 862 2575 922 sed
2644 880 2941 940 graecum,

298 983 324 1021 5
352 974 418 1024 ut
468 962 475 1044 Ι
524 963 784 1041 Euterpe
817 961 1105 1042 Calliope,
1155 960 1312 1022 aliud
1359 968 1638 1021 neutrum
1685 960 1788 1022 sed
1843 960 2118 1033 latinum,
2171 970 2233 1024 ut
2277 963 2540 1024 seminile
2587 964 2771 1026 sedile
2817 984 2942 1026 mo-

351 1066 491 1126 nile.
581 1067 601 1125 i
658 1066 1005 1126 terminatus
1061 1065 1453 1124 nominativus
1511 1065 1558 1124 si
1604 1061 1853 1124 latinu'm
1919 1083 2134 1125 nomen
2184 1064 2487 1136 habuerit,
2536 1069 2717 1127 trium
2763 1085 2942 1146 gene·

348 1188 487 1229 rum
546 1175 634 1228 est
691 1166 1136 1235 indeclinabile,
1198 1173 1260 1225 ut
1315 1164 1412 1225 hic
1470 1174 1527 1226 et
1582 1165 1730 1226 haec
1789 1173 1848 1227 et
1904 1166 2014 1226 hoc
2060 1169 2241 1244 frugi,
2293 1166 2388 1226 hic
2434 1177 2493 1228 et
2538 1169 2682 1228 haec
2728 1177 2785 1229 et
2832 1170 2941 1230 boc

349 1269 552 1340 nihili;
620 1277 677 1330 et
730 1269 842 1330 hoc
890 1277 978 1329 est
1024 1276 1275 1339 tantum,
1335 1270 1444 1328 ista
1504 1270 1733 1328 invenis
1779 1276 2027 1329 tantum.
2118 1271 2168 1328 si
2213 1278 2406 1329 autem
2455 1273 2766 1350 peregrina
2813 1273 2941 1333 sue-

346 1374 500 1443 rint,
561 1371 845 1433 neutralia
901 1379 1067 1458 sunt,
1126 1379 1189 1431 ut
1242 1372 1465 1448 gummi
1520 1372 1727 1451 sinapi.
1818 1391 1853 1430 o
1914 1373 2264 1432 terminatus
2311 1374 2701 1432 nominativus
2747 1377 2941 1434 omnia

269 1491 320 1529 ιο
348 1476 564 1555 recipit
628 1493 846 1552 genera
913 1474 1132 1553 absque
1201 1481 1441 1534 neutro:
1512 1473 1861 1534 femininum
1919 1476 2158 1552 recipit,
2221 1483 2283 1535 ut
2347 1483 2435 1534 est
2490 1475 2662 1542 luno;
2730 1477 2943 1555 recipit

346 1595 694 1646 commune,
766 1586 830 1637 ut
897 1570 1161 1655 pomilio'
1198 1575 1469 1656 [pomilio
1527 1576 1745 1654 dicitur
1802 1573 2049 1656 nanus];
2103 1579 2327 1655 ,recipit
2394 1577 2807 1647 masculinum,
2880 1586 2945 1638 ut

347 1683 590 1746 Cicero:
639 1687 915 1740 neutrum
964 1697 1284 1758 numquam
1331 1681 1559 1759 recipit.
1636 1697 1673 1738 u
1719 1679 2070 1739 terminatus
2115 1681 2511 1740 nominativus
2556 1697 2804 1740 necesse
2851 1688 2940 1740 est

346 1791 413 1844 ut
470 1783 708 1860 generis
773 1782 849 1841 sit
904 1788 1131 1841 tantum
1191 1784 1414 1856 neutri,
1475 1789 1540 1841 ut
1599 1799 1783 1842 cornu
1841 1799 1995 1858 genu
2051 1780 2186 1859 gelu
2241 1800 2441 1860 specu.
2530 1781 2546 1840 1
2593 1783 2941 1843 terminatus

346 1886 776 1951 nominativus,
827 1891 890 1943 ut
934 1882 1080 1952 mel;
1132 1903 1218 1954 m,
1267 1891 1330 1943 ut
1375 1883 1688 1962 templum;
1739 1902 1806 1953 n,
1852 1890 1913 1943 ιιι
1960 1901 2229 1951 carmem
2279 1903 2336 1953 r,
2385 1893 2450 1943 ιιι
2493 1884 2736 1950 Caesam
2784 1903 2829 1952 s,
2879 1891 2943 1944 ut

268 2002 318 2040 15
348 1989 592 2054 doctus:
652 2006 716 2056 x,
775 1994 837 2046 ιιι
891 1987 1018 2065 pix;
1077 2003 1135 2055 c,
1195 1995 1257 2045 ιιι
1314 1985 1434 2053 lac;
1498 1992 1549 2054 t,
1613 1993 1678 2045 ιιι
1734 1994 1929 2064 caput.
2021 1987 2155 2046 ‘sed
2205 1985 2277 2046 de
2336 1985 2447 2046 hoc
2510 1992 2800 2046 tractare’
2861 1989 2942 2047 ait

348 2092 534 2150 ‘satis
582 2095 696 2158 est,
745 2090 793 2148 si
838 2087 1006 2148 multi
1051 2087 1150 2149 alii
1196 2097 1254 2149 et
1297 2087 1393 2148 alii
1440 2091 1896 2148 tractaverunt'.
1955 2090 2193 2167 scripsit
2223 2097 2415 2149 autem
2449 2088 2521 2148 ad
2552 2087 2712 2148 hunc
2745 2086 2939 2149 locum

347 2190 583 2253 Probus
630 2209 812 2252 unum
858 2189 1099 2250 librum.
1162 2192 1273 2250 iste
1318 2191 1622 2249 institutor
1666 2192 1784 2250 iam
1831 2198 2019 2251 artem
2050 2193 2304 2271 scripsit,
2354 2211 2474 2254 non
2520 2192 2761 2270 scripsit
2805 2209 2939 2270 per-

348 2296 560 2364 sectiS,
606 2292 709 2353 sed
755 2291 826 2352 ad
875 2311 976 2353 eos
1021 2294 1123 2369 qui
1168 2291 1369 2353 volunt
1414 2312 1477 2352 se
1523 2294 1822 2372 perfectos
1867 2312 2014 2354 esse.

1424 2477 1517 2522 DE
1563 2477 1869 2525 NVMERIS

263 2602 317 2640 ευ
521 2583 755 2644 Transit
808 2585 867 2642 in
925 2602 1260 2644 numerum.
1324 2594 1605 2644 numerus
1661 2583 1819 2662 apud
1873 2583 2114 2644 Latinos
2172 2592 2272 2645 aut
2324 2584 2638 2662 singularis
2695 2591 2784 2644 est
2842 2594 2943 2646 aut

347 2685 624 2766 pluralis,
673 2684 1007 2763 singularis,
1056 2693 1122 2745 ut
1167 2685 1263 2745 hic
1309 2685 1547 2755 doctuS,
1596 2684 1872 2763 pluralis,
1920 2695 1985 2746 ut
2029 2686 2089 2745 hi
2135 2686 2310 2746 docti.
2382 2695 2471 2746 est
2515 2688 2687 2747 etiam
2735 2705 2940 2747 nume·

346 2809 451 2850 rus
497 2790 859 2858 communis,
920 2796 982 2849 ut
1029 2797 1119 2848 est
1164 2786 1317 2859 dies,
1377 2789 1472 2849 liic
1518 2789 1644 2848 dies
1690 2796 1749 2848 et
1794 2789 1855 2848 hi
1901 2789 2058 2849 dies:
2132 2799 2188 2850 et
2244 2792 2301 2849 in
2359 2789 2644 2867 singulari
2691 2809 2940 2851 numero

347 2900 409 2952 et
468 2894 528 2951 in
587 2889 803 2970 plurali
859 2891 984 2950 dies
1039 2890 1272 2951 dicitur.
1366 2908 1509 2968 ergo
1565 2892 1897 2951 communis
1954 2894 2188 2952 numeri
2242 2900 2380 2952 sunt
2432 2891 2607 2963 haec,
2669 2894 2942 2970 quotiens

346 2996 748 3054 nominativus
792 2992 1107 3071 singularis
1154 3000 1212 3053 et
1267 2994 1661 3053 nominativus
1706 2992 1952 3071 pluralis
1997 2993 2220 3054 similes
2265 3003 2419 3055 sunt.
2512 3013 2656 3073 ergo
2705 2994 2940 3071 quando

262 3105 409 3157 sset
466 3097 862 3155 nominativus
917 3093 1236 3172 singularis
1306 3106 1365 3154 et
1431 3096 1825 3155 nominativus
1888 3094 2128 3173 pluralis
2194 3096 2418 3156 similes
2472 3104 2638 3165 sunt,
2712 3098 2941 3157 numeri

347 3206 488 3258 sunt
532 3199 878 3258 communis.
968 3205 1025 3257 et
1080 3195 1436 3274 generaliter
1491 3200 1684 3257 omnis
1738 3200 1943 3277 quinta
1993 3197 2306 3258 declinatio
2354 3207 2410 3258 et
2454 3206 2658 3278 quarta
2709 3201 2939 3259 numeri

346 3307 488 3360 sunt
532 3301 889 3368 communis,
952 3308 1017 3359 ut
1074 3301 1305 3378 species
1350 3317 1554 3360 versus
1610 3299 1840 3361 ductus.
1934 3302 2237 3377 quaeritur
2285 3319 2453 3370 vcro,
2502 3300 2656 3379 apud
2705 3300 2941 3361 Latinos

344 3404 396 3461 si
443 3404 628 3481 possit
670 3402 920 3461 inveniri
967 3420 1255 3461 numerus
1301 3400 1522 3469 dualis,
1572 3404 1672 3480 qui
1715 3404 2000 3482 frequens
2048 3410 2135 3463 est
2180 3402 2333 3481 apud
2381 3403 2655 3463 Graecos.
2748 3411 2806 3462 et
2848 3404 2937 3461 in-

349 3506 584 3565 venitur
641 3506 699 3565 in
755 3502 988 3564 duobus
1043 3511 1300 3572 tantum,
1359 3513 1423 3565 ut
1479 3503 1596 3564 duo
1652 3514 1709 3566 et
1766 3504 1961 3565 ambo,
2049 3523 2184 3564 nam
2245 3504 2389 3564 haec
2450 3506 2685 3565 nomina
2747 3522 2939 3582 neque

265 3627 318 3664 ³0
346 3605 668 3685 singularia
699 3614 833 3666 sunt
874 3623 1066 3683 neque
1099 3604 1366 3684 pluralia.
1426 3606 1743 3686 singularis
1791 3608 2022 3667 numeri
2069 3625 2186 3667 non
2232 3626 2474 3686 possum
2524 3607 2754 3675 dicere,
2804 3609 2937 3684 quia

349 3728 460 3770 nec
507 3708 580 3769 de
627 3707 858 3769 (luobus
915 3727 1154 3787 possum
1212 3708 1410 3769 dicere
1470 3708 1608 3769 ‘ille
1654 3709 1799 3769 mihi
1846 3711 1983 3769 fecit
2029 3711 2373 3777 iniuriam’;
2432 3711 2646 3770 iterum
2697 3708 2940 3788 pluralis

350 3813 582 3872 numeri
641 3829 757 3870 uon
816 3828 1058 3889 possum
1118 3809 1317 3871 (licere
1374 3817 1617 3871 ‘omnes
1682 3812 1828 3872 mihi
1898 3812 2171 3873 lecerunt
2224 3813 2501 3873 iniuriam
2523 3817 2560 3881 ²,
2631 3813 2763 3891 quia
2823 3811 2939 3872 duo

347 3922 503 3973 sunt.
596 3912 668 3971 (le
727 3911 956 3973 duobus
1018 3910 1023 3994 Ι
1086 3919 1280 3973 autem
1337 3916 1438 3990 qui
1497 3912 1639 3973 dicit
1704 3918 1947 3974 omnes?
2019 3922 2262 3993 propter
2318 3914 2471 3974 hanc
2529 3916 2937 3975 necessitatem

349 4015 601 4075 dicimus
648 4013 834 4076 dualis
881 4033 1007 4075 esse
1053 4016 1302 4075 numeri.
1379 4015 1635 4083 idcirco,
1684 4017 1958 4092 quoniam
2008 4026 2386 4077 recesserunt
2445 4036 2475 4076 a
2535 4018 2763 4076 ratione
2809 4015 2937 4075 lati·

272 4120 565 4188 assuimus,
617 4115 886 4177 anomala
930 4125 1084 4185 sunt,
1133 4117 1191 4176 id
1241 4125 1329 4178 est
1371 4116 1701 4194 inaequalia
1750 4125 1907 4178 sunt.
1972 4117 2369 4179 debueramus
2402 4117 2602 4179 (licere
2648 4118 2739 4178 his
2784 4118 2934 4188 duis,

349 4222 632 4300 quoniam
692 4218 943 4279 duorum
1000 4219 1275 4281 dicimus:
1360 4219 1595 4299 quando
1654 4222 1810 4281 enim
1869 4222 2176 4299 genetivus
2220 4219 2466 4300 pluralis
2511 4222 2569 4280 in
2615 4241 2749 4283 rum
2798 4223 2934 4290 exit,

486 4459 519 4509 3
555 4473 823 4508 commuue
872 4473 962 4510 om.
1012 4457 1177 4507 ABG
1315 4458 1348 4509 5
1386 4458 1577 4525 caliope
1618 4457 1785 4508 ABG
1923 4457 2148 4508 feminile
2187 4460 2331 4509 BCa
2377 4459 2616 4525 peminile
2656 4460 2799 4523 A(?)

351 4532 410 4582 ll
452 4530 666 4595 pomilio
698 4529 906 4594 pumilio
951 4528 1045 4577 Ba
1084 4529 1313 4594 pomtilio
1352 4531 1583 4593 pomtilio
1624 4531 1669 4578 Α
1708 4527 1920 4595 pumilio
1954 4529 2165 4595 pumilio
2201 4531 2242 4580 C
2383 4531 2446 4580 12
2482 4532 2662 4594 recipit
2700 4530 2928 4579 maseuli·

352 4618 469 4651 num
509 4601 613 4650 AC
649 4600 827 4665 recipit
860 4606 909 4648 et
947 4598 1282 4648 masculinum
1314 4600 1407 4649 Ba
1552 4599 1614 4650 13
1652 4601 1716 4648 sit
1746 4615 1838 4649 om.
1881 4599 1946 4661 A,
1976 4600 2097 4651 add.
2134 4616 2167 4647 a
2309 4616 2466 4666 specu
2498 4600 2604 4650 BC
2635 4616 2762 4664 pecu
2794 4616 2931 4649 corr.

348 4688 503 4737 specu
543 4671 709 4721 deleta
746 4677 927 4733 postea
966 4686 989 4719 s
1026 4672 1196 4719 lietera
1225 4670 1270 4718 Α
1416 4670 1430 4718 l
1470 4672 1764 4719 terminatus
1806 4669 1908 4720 Ac·
1942 4680 1989 4716 et
2029 4669 2040 4717 l
2082 4669 2376 4719 terminatus
2415 4671 2509 4719 Ba
2652 4671 2714 4720 14
2755 4678 2805 4719 ιιι
2836 4671 2932 4719 mel

350 4753 396 4789 et
434 4758 462 4789 n
494 4756 701 4789 carmen
741 4749 790 4788 et
827 4755 874 4788 m
913 4739 1158 4804 templum
1195 4757 1218 4789 r
1251 4755 1427 4789 caesar
1462 4756 1485 4788 s
1527 4740 1705 4789 doctus
1733 4740 1780 4788 Α
1929 4740 1984 4790 15
2017 4740 2105 4786 sed
2146 4740 2208 4787 de
2247 4738 2344 4790 hoc
2381 4750 2591 4789 tractare
2628 4740 2698 4790 ait
2732 4757 2826 4794 om.
2870 4741 2934 4797 Α,

349 4812 470 4861 add.
507 4829 540 4859 a
686 4809 751 4859 16
779 4807 845 4873 si]
888 4810 975 4859 sed
1012 4810 1062 4859 B
1199 4812 1266 4861 22
1303 4822 1351 4860 et
1386 4811 1439 4859 1ιί
1477 4811 1587 4859 «lies
1624 4809 1717 4858 Ba
1754 4820 1801 4859 et
1841 4809 1933 4858 liae
1968 4810 2077 4859 dies
2107 4809 2210 4859 Ac
2349 4807 2580 4878 numero]
2625 4812 2934 4861 nominatiuo

350 4881 397 4929 Α
541 4880 606 4931 31
649 4877 850 4946 iterum]
893 4882 1009 4929 item
1051 4880 1151 4935 BC
1284 4881 1351 4933 35
1390 4877 1696 4948 inaequalia]
1742 4880 2119 4931 indeclinabilia
2155 4880 2324 4933 ABG
