3541 5564
540 361 667 432 524
1632 362 2036 430 Avovs'rth

593 491 635 532 p.
663 480 865 520 eone-18
893 477 937 519 r.

543 561 671 620 loco
716 566 911 619 autem
969 556 1110 618 ‘ubi
1158 574 1380 636 ponere
1428 556 1654 616 iubes’.
1723 558 1873 618 situs
1919 575 2059 617 vero
2105 574 2340 634 semper
2386 553 2700 615 ablativum
2746 561 2936 622 tenet,
2986 556 3125 633 quia

544 647 878 705 contrarius
932 650 1023 704 est
1079 644 1286 703 motui.
1377 661 1512 702 uam
1570 644 1764 721 ipsum
1820 660 2035 702 nomen
2092 643 2417 702 sessionem
2463 640 2754 720 quandam
2811 640 3124 717 significat.

545 738 609 790 ut
638 739 955 810 puta-sum
997 730 1062 788 in
1106 731 1264 797 soro,
1312 745 1474 788 eram
1518 729 1577 788 in
1623 730 1779 796 soro,
1818 723 1827 810 Ι
1862 728 1947 786 sui
1994 729 2055 786 in
2102 727 2247 796 sore,
2296 728 2532 786 futurus
2564 743 2690 785 sum
2723 727 2785 784 in
2830 726 2978 785 soro.
3038 729 3126 786 sic

545 815 898 895 simpliciter
954 813 1131 875 sedeo
1184 816 1352 874 iaceo
1408 811 1560 873 cubo
1616 821 1706 872 sto
1763 814 2020 873 consisto
2077 811 2323 880 haereo,
2384 813 2579 871 omnia
2639 810 2784 869 haec
2829 810 2901 870 ad
2947 812 3125 869 situm

543 904 864 979 pertinent.
956 899 1289 959 meditanda
1350 899 1532 975 igitur
1590 906 1726 958 sunt
1783 906 1841 959 et
1897 900 1958 956 in
2017 915 2187 956 usum
2247 897 2544 964 ducenda,
2605 904 2669 955 ut
2722 897 2839 955 iam
2895 898 2957 955 in
3016 895 3178 955 hans

546 987 1050 1064 praepositionum
1104 985 1293 1044 forma
1351 991 1410 1043 et
1463 992 1624 1044 recte
1682 991 1742 1043 et
1798 983 1954 1043 nulla
2011 981 2409 1043 haesitatione
2461 982 2771 1061 loquentes
2827 980 3123 1041 studuisse

544 1090 651 1130 nos
696 1070 1038 1148 diligentius
1082 1069 1429 1130 indicemus,

1470 1238 1568 1301 DE
1611 1238 2205 1301 INTERIECTIONE

713 1358 1054 1419 Interiectio
1121 1376 1239 1419 non
1296 1377 1435 1438 pars
1490 1377 1556 1418 οι
1560 1359 1775 1419 ationis
1819 1366 1935 1426 est,
1994 1359 2096 1419 sed
2145 1358 2377 1424 affectio
2422 1360 2790 1436 erumpentis
2834 1359 3015 1418 animi
3062 1359 3125 1417 iu

543 1464 777 1513 vocem,
838 1452 897 1504 et
953 1445 1246 1521 significat
1303 1451 1403 1504 aut
1457 1444 1773 1513 laetitiam,
1833 1451 1898 1504 ut
1956 1463 2131 1514 evax,
2192 1451 2292 1503 aut
2345 1436 2829 1511 affiaiitudinem,
2876 1451 2941 1502 ut
2986 1443 3121 1511 heu,
3154 1461 3205 1499 10

549 1530 702 1610 apud
736 1530 995 1591 Graecos
1041 1528 1194 1608 φεῦ.
1257 1547 1398 1606 ergo
1430 1537 1572 1608 quot
1602 1535 1739 1590 sunt
1783 1530 2115 1609 pertulhati
2163 1530 2345 1590 animi
2390 1537 2607 1597 motuS,
2656 1536 2740 1588 tot
2789 1546 2957 1588 ιοεεε
2989 1528 3122 1587 red-

545 1618 709 1677 dunt.
773 1622 831 1675 et
862 1621 1146 1674 vocantur
1175 1616 1650 1683 interiectiones,
1696 1615 1850 1694 quod
1883 1616 2320 1693 interrumpent
2351 1617 2709 1683 orationem,
2746 1623 2809 1673 ut
2839 1622 2929 1673 est
2957 1613 3120 1682 illud,

839 1700 958 1760 hic
1002 1702 1208 1760 inter
1253 1700 1520 1761 densas
1564 1700 1844 1760 corilos
1892 1701 2101 1760 modo
2146 1719 2449 1780 namque
2497 1700 2858 1777 gemel-los

836 1804 1033 1864 spem
1078 1787 1360 1863 gregiS,

544 1873 813 1951 sequitur
869 1889 1005 1931 mox
1059 1872 1395 1931 interiectio
1451 1890 1558 1950 per
1614 1871 1871 1931 litteram
1929 1891 1990 1940 a,
2050 1874 2113 1931 ‘a
2173 1871 2395 1931 silice
2462 1873 2534 1930 in
2601 1870 2787 1931 nuda
2855 1871 3123 1929 conixa
3154 1889 3206 1927 15

547 1957 934 2036 reliquit':
984 1958 1044 2016 in
1091 1957 1350 2017 medium
1396 1958 1682 2017 orationis
1728 1958 2038 2016 interiecta
2085 1965 2175 2017 est
2220 1976 2251 2016 a
2296 1953 2515 2016 littera.

714 2042 931 2102 Omnes
975 2050 1176 2120 partes
1222 2043 1507 2102 orationis
1552 2042 1838 2106 decursae
1886 2061 1915 2101 a
1963 2040 2137 2102 nobis
2182 2049 2353 2110 sunt,
2415 2061 2564 2121 quae
2612 2041 2683 2102 ad
2729 2040 3123 2119 conpendium

544 2128 844 2187 sufficiant
887 2134 987 2187 aut
1015 2130 1320 2206 occupatis
1350 2135 1451 2187 aut
1483 2126 1958 2205 neglegentibus,
2021 2145 2160 2190 sane
2206 2127 2363 2207 quod
2408 2129 2717 2187 omisimus
2760 2128 2821 2186 in
2872 2133 3123 2186 tractatu

545 2214 820 2281 nominiS,
868 2212 1189 2273 reddimus,
1280 2215 1429 2273 scire
1487 2216 1645 2273 enim
1701 2211 1987 2273 debemus
2042 2215 2281 2272 nomina
2340 2230 2724 2272 numerorum
2770 2231 2799 2270 a
2848 2218 3124 2290 quattuor

547 2316 730 2377 usque
779 2297 850 2358 ad
907 2307 1145 2359 centum
1203 2304 1398 2378 aptota
1457 2317 1584 2358 esse
1641 2300 1881 2375 generis
1926 2300 2143 2366 omniS,
2203 2305 2267 2358 ut
2310 2297 2605 2376 quatjtuor
2649 2298 2794 2365 viri,
2842 2303 3209 2375 quadum-20

545 2385 830 2453 feminae,
890 2391 1168 2462 quattuor
1224 2386 1538 2462 mancipia.
1630 2385 1714 2443 sic
1772 2401 1881 2462 per
1935 2403 2139 2443 omnes
2192 2402 2362 2442 casus
2408 2390 2686 2462 quattuor
2732 2382 3012 2451 dicimus„
3061 2388 3126 2440 ut

545 2477 685 2548 puta
743 2469 1001 2540 virorum
1059 2476 1366 2549 quattuor,
1425 2468 1741 2529 mulierum
1800 2476 2110 2548 quattuor,
2180 2469 2607 2547 mancipiorum
2665 2474 2970 2546 quattuol-3
3042 2467 3124 2524 sic

547 2556 882 2612 accusativo
929 2556 1087 2614 viros
1129 2562 1440 2633 quattuor,
1489 2556 1741 2614 seminas
1786 2561 2097 2633 quattuor,
2157 2554 2448 2632 mancipia
2505 2560 2813 2634 quattuor3
2848 2551 3127 2614 ablativo

549 2658 580 2697 a
627 2641 773 2698 viris
818 2646 1124 2718 quattuor,
1173 2659 1204 2699 a
1250 2640 1489 2699 seminis
1535 2645 1842 2718 quattuor,
1890 2658 1921 2698 a
1969 2640 2282 2716 mancipiis
2326 2646 2624 2717 quattuor.
2687 2637 2788 2698 sed
2823 2638 2956 2696 ideo
3000 2636 3121 2696 dixi

548 2742 579 2782 a
625 2730 902 2803 quattuor
946 2731 1142 2804 aptota
1189 2742 1317 2785 esse
1365 2743 1550 2804 usque
1597 2723 1667 2785 ad
1715 2732 1981 2793 centum,
2031 2726 2169 2804 quia
2216 2724 2331 2784 duo
2378 2722 2771 2792 declinantur,
2820 2723 2936 2782 duo
2981 2722 3124 2782 duo·
3154 2741 3211 2780 25

451 2888 456 2895 ί
546 2828 681 2868 ι·ιιιιι
727 2807 957 2870 duobus
1002 2810 1149 2870 duos
1195 2810 1280 2870 vel
1328 2811 1444 2871 duo
1488 2829 1522 2869 o
1569 2809 1684 2869 duo
1729 2829 1760 2871 a
1808 2809 2058 2869 duohuS.
2149 2811 2233 2869 sic
2293 2816 2413 2869 tres
2469 2810 2842 2869 declinantur
2887 2817 2945 2868 et
2990 2827 3127 2868 cur·

451 2896 462 2919 ⁸
548 2903 688 2954 runt
733 2913 843 2973 per
888 2912 1088 2964 casm,
1148 2895 1205 2955 hi
1256 2903 1313 2955 et
1372 2895 1479 2955 hae
1528 2904 1652 2956 tres
1695 2895 1910 2956 horum
1954 2903 2012 2955 et
2057 2894 2265 2954 harum
2314 2897 2492 2954 trium
2540 2895 2632 2955 his
2677 2894 2872 2954 tribus
2915 2894 3024 2953 hos
3068 2900 3129 2952 et

547 2978 656 3039 has
711 2987 836 3039 tres
893 2999 926 3039 o
981 2988 1103 3040 tres
1160 2978 1233 3039 ab
1291 2980 1381 3040 his
1439 2979 1656 3048 tribus,
1717 3000 1746 3039 a
1804 2997 2022 3057 genere
2080 2988 2293 3040 neutro
2337 2980 2483 3039 haec
2531 2982 2642 3040 tria
2690 2979 2895 3039 luorum
2945 2987 3001 3039 ιι
3006 2996 3127 3037 ιιιιιι

549 3064 641 3123 his
688 3064 885 3124 tribus
929 3065 1073 3125 haec
1119 3068 1235 3125 tria
1282 3085 1316 3126 o
1363 3066 1474 3125 tria
1523 3064 1594 3125 ab
1641 3065 1734 3125 his
1782 3064 1994 3125 tribus,
2072 3083 2141 3124 ex
2179 3065 2287 3125 hac
2318 3083 2461 3143 ergo
2492 3068 2679 3126 soima
2712 3064 3126 3141 intellegimuS,

549 3168 665 3229 quo
720 3149 894 3210 modo
954 3150 1220 3234 dicamus
1273 3151 1372 3210 hic
1430 3150 1733 3220 duumvir,
1795 3152 1961 3229 quasi
2006 3150 2257 3213 duorum
2316 3150 2620 3211 hominum
2677 3169 2828 3209 unus
2875 3151 2990 3219 vir,
3041 3151 3211 3207 sicao

471 3236 476 3241 ’
549 3237 828 3296 triumvir
884 3231 1065 3296 trium
1130 3236 1437 3297 hominum
1501 3255 1653 3304 unus
1719 3237 1827 3295 vir.
1919 3254 2061 3313 ergo
2117 3236 2212 3295 hic
2275 3236 2511 3297 admisit
2578 3236 2919 3313 genitivum.
3010 3236 3128 3293 iam

554 3328 834 3400 quattuor
878 3320 1298 3382 indeclinabile
1359 3329 1477 3381 est:
1548 3323 1920 3400 quattuorvir
1978 3321 2228 3380 dicimus
2290 3322 2381 3382 vel
2436 3322 2790 3401 quinquevir
2859 3320 2950 3380 vel
2994 3338 3127 3378 sex-

554 3408 666 3465 vir.
715 3406 871 3465 unde
903 3406 1177 3467 Lucanus
1221 3407 1809 3486 ‘Septemvirque
1854 3407 2100 3485 epulis
2145 3407 2453 3466 sestus':
2500 3426 2670 3491 pro„
2640 3407 2899 3468 ‹renitivo
2931 3406 3131 3484 posuit

534 3498 892 3570 ·septe1n.a
940 3492 1213 3552 ducentis
1257 3499 1453 3551 autem
1501 3511 1689 3571 usque
1738 3492 1807 3551 ad
1843 3499 2172 3568 nongentos
2218 3483 2593 3552 declinantur
2639 3492 2875 3551 nomina
2920 3508 3127 3549 nume-

553 3594 783 3645 rorum,
843 3584 908 3637 ut
962 3586 1051 3637 est
1112 3577 1174 3637 hi
1231 3577 1470 3637 ducenti
1529 3585 1588 3637 et
1630 3576 1740 3638 hae
1788 3577 2097 3636 ducentae.
2168 3584 2378 3638 neutro
2424 3578 2693 3637 ducenta.
2754 3576 2912 3636 mille
2961 3574 3127 3637 inde·
3158 3606 3211 3645 35

549 3661 825 3722 clinabile
872 3670 981 3723 est.

692 3867 716 3916 1
761 3868 846 3916 ubi
881 3882 1070 3934 ponere
1107 3869 1267 3918 nubes
1302 3884 1450 3917 secus
1485 3884 1604 3918 uero
1640 3868 1687 3917 F
1822 3867 1856 3918 6
1894 3876 2027 3917 recta
2066 3867 2115 3917 F
2254 3866 2316 3917 13
2346 3865 2445 3933 hic]
2499 3867 2638 3931 Verq
2673 3866 2830 3919 bucol.
2878 3866 3026 3929 1,14

557 3937 620 3986 14
647 3940 836 4004 *gregis
867 3954 984 3987 mox
1023 3952 1056 3994 ς
1090 3940 1340 4004 grecissat
1377 3953 1494 3986 mox
1519 3939 1570 3986 F
1671 3938 1733 3988 15
1758 3953 1849 4004 per
1888 3938 2098 3987 litteram
2138 3954 2165 3985 a
2205 3939 2395 3987 silicem
2438 3938 2571 3987 nuda
2613 3939 2791 3986 conexi
2827 3937 2986 3999 (corr.
3016 3940 3129 3993 -xa)

553 4008 792 4070 relinquit
829 4010 881 4058 F
1016 4007 1083 4058 30
1122 4008 1375 4071 quomodo
1415 4007 1728 4059 declinemus
1766 4008 2129 4074 (intellegimus
2166 4009 2286 4060 add.
2330 4008 2400 4067 F)
2439 4006 2518 4055 hic
2555 4009 2791 4056 ιΙιιιιιιιιιιι
2828 4008 2919 4062 Fe
3061 4006 3124 4055 31

552 4077 648 4125 iam
689 4080 737 4126 in
775 4087 1011 4141 quattuoi
1051 4078 1097 4126 F
1250 4078 1316 4129 32
1356 4079 1437 4127 ubi
1482 4078 1834 4128 indeclinabile
1877 4092 1937 4133 ς·
1985 4079 2071 4127 ubi
2107 4080 2173 4127 al
2208 4093 2337 4127 man.
2379 4078 2500 4129 add..
2548 4080 2593 4127 F
2763 4076 2828 4125 33
2868 4073 3125 4141 Lucanus]

551 4146 793 4199 Phar-sal.
835 4150 849 4197 l
887 4147 991 4198 602
1135 4148 1297 4199 sectus
1332 4149 1394 4210 F,
1425 4164 1516 4198 om.
1557 4162 1590 4203 ς
1731 4146 1798 4199 35
1836 4148 2242 4199 'indeclinabile‘
2216 4166 2243 4197 e
2276 4146 2411 4211 expl.
2455 4148 2505 4195 1³
