3541 5564
1143 396 1544 463 EXCERPTA
1590 400 1997 464 BOBIENSIA
2039 398 2316 463 26—43
2889 400 3016 466 645

2634 520 2680 561 p.
2709 511 2884 551 162—64
2915 510 2966 549 v.

443 607 560 648 non
616 606 819 667 posse,
856 589 1016 666 -quia
1075 564 1540 664 significationes
1595 596 1931 667 temporum
1986 590 2046 648 in
2104 586 2387 648 adverbio
2443 607 2562 648 non
2616 587 2688 645 de
2747 589 3015 648 eiusdem

440 691 570 749 soni
610 689 699 748 vel
731 690 890 748 vocis
920 687 1238 747 inflexione
1270 696 1613 757 nascuntur,
1660 691 1786 757 sed,
1834 697 1899 750 ut
1943 698 2206 767 tempora
2239 696 2572 757 mutentur,
2621 707 2797 749 voces
2839 692 3015 750 etiam

439 798 882 870 permutantur,
931 808 1087 850 nunc
1132 790 1305 850 modo
1350 809 1541 870 nuper
1584 791 1722 851 olim
1769 790 1990 851 dudum
2033 799 2203 852 antea
2249 798 2485 868 postea;
2532 792 2594 851 in
2640 791 2870 851 infinito
2915 811 3016 851 au-

441 901 558 953 tem
603 912 710 953 vox
756 892 961 953 eadem
1006 891 1309 971 paululum
1355 893 1505 953 flexa
1550 901 1787 972 tempus
1832 894 2140 961 immutat,
2189 891 2458 952 scribere
2503 895 2817 972 scripsisse
2864 895 3015 953 scri·

388 1013 413 1051 ε.
439 1003 606 1074 ptum
650 997 773 1063 ire,
833 994 989 1073 qnod
1046 1002 1137 1054 est
1190 996 1497 1073 proprium
1555 994 1743 1055 verbi.
1833 994 1946 1054 alia
1992 1012 2142 1073 quae
2198 993 2269 1054 de
2314 993 2426 1054 hoc
2472 995 2645 1055 modo
2692 1003 3017 1056 tractantur

439 1095 964 1175 praetermittenda
1012 1097 1378 1166 existimavi,
1424 1116 1498 1156 ne
1545 1095 1868 1176 superfluis
1913 1098 2266 1155 inmorarer.

608 1198 793 1259 Omne
848 1199 1142 1258 infinitum
1201 1200 1458 1257 activum
1515 1199 1850 1277 praesentis
1895 1198 2183 1276 temporis
2226 1199 2287 1257 in
2334 1217 2365 1256 e
2411 1197 2660 1269 desinit,
2710 1208 2774 1260 ut
2817 1219 3014 1261 amare

439 1318 682 1360 monere
729 1298 936 1359 audire
980 1299 1203 1376 legere.
1268 1300 1421 1359 unde
1468 1301 1647 1360 etiam
1692 1319 1723 1359 a
1770 1300 1846 1360 fio
1892 1300 2035 1359 fiere
2081 1317 2212 1360 esse
2259 1299 2541 1370 deberet;
2589 1310 2648 1361 et
2693 1301 2832 1362 licet
2877 1321 3016 1362 usus

438 1402 611 1461 aliter
665 1403 995 1481 optinuerit
1051 1400 1207 1477 (lieri
1254 1403 1410 1461 enim
1456 1420 1613 1463 nunc
1657 1401 1940 1481 dicitur),
1999 1399 2226 1461 Ennius
2272 1410 2465 1463 tamen
2512 1405 2572 1463 in
2619 1404 2669 1463 X
2715 1404 3014 1465 annalium

365 1523 412 1559 ιο
440 1506 631 1563 fiere
679 1504 854 1571 dixit,
904 1521 1018 1562 non
1064 1504 1213 1562 fieri.
1291 1503 1494 1580 regula
1542 1511 1737 1564 autem
1786 1505 1903 1563 iam
1948 1505 2229 1581 superius
2273 1502 2445 1585 dijcta
2493 1512 2613 1565 est:
2661 1523 2794 1566 nam
2841 1523 3013 1565 omne

437 1606 852 1684 imperativum
909 1606 1162 1664 activum
1220 1604 1418 1666 addita
1475 1623 1540 1665 re
1598 1604 1824 1684 syllaba
1883 1607 1947 1665 m
2001 1606 2329 1676 inlinitum,
2388 1626 2518 1668 ama
2563 1625 2793 1676 amare,
2841 1626 3012 1668 mone

438 1724 707 1775 monere,
767 1705 904 1766 audi
960 1705 1195 1775 audire,
1256 1706 1386 1784 lege
1443 1706 1658 1784 legere.
1749 1725 1922 1767 omne
1983 1710 2371 1786 praeteritum
2417 1710 2714 1769 infinitum
2757 1712 3012 1769 activum
3049 1726 3214 1779 62:3‚7

435 1811 497 1868 in
544 1827 607 1868 se
655 1807 938 1887 syllabam
983 1807 1233 1876 desinit;
1280 1810 1572 1869 mantem
1604 1828 1675 1869 ex
1707 1810 2032 1889 praeterito
2065 1811 2331 1888 perfecto
2377 1810 2697 1870 indicativo
2741 1813 2760 1871 i
2809 1811 3016 1871 ultimo

434 1912 565 1970 eius
610 1910 835 1969 adiecta
880 1929 909 1968 s
955 1908 1148 1970 littera
1196 1917 1257 1970 et
1310 1910 1618 1990 adsumpta
1673 1930 1737 1971 se
1796 1910 2047 1989 syllaba,
2096 1914 2260 1972 secui
2306 1913 2598 1980 secuisse,
2645 1914 2845 1972 monui
2892 1932 3014 1973 mo-

362 2032 408 2070 15
436 2013 666 2080 nuisse,
715 2011 908 2071 audivi
958 2011 1282 2081 audivisse,
1341 2011 1460 2089 legi
1519 2012 1753 2090 legisse.
1843 2032 2015 2074 omne
2063 2015 2325 2074 futurum
2372 2016 2627 2074 activum
2672 2033 2781 2093 per
2826 2017 3013 2073 socie-

434 2121 611 2173 tatem
679 2114 982 2192 participii
1052 2132 1156 2173 seu
1221 2114 1475 2191 gerundi
1531 2112 1649 2174 sibi
1711 2114 1913 2175 addito
1969 2117 2059 2175 ire
2114 2116 2548 2184 conformatur,
2610 2123 2866 2176 amatum
2927 2118 3013 2175 ire

433 2217 723 2275 monitum
771 2217 859 2274 ire
908 2216 1173 2276 auditum
1218 2217 1307 2275 ire
1354 2216 1573 2276 lectum
1620 2218 1729 2276 ire.

601 2317 787 2377 Omne
832 2318 1129 2378 infinitum
1175 2321 1472 2396 passivum
1520 2322 1855 2397 praesentis
1898 2322 2186 2398 temporis
2231 2338 2302 2379 ex
2348 2337 2454 2379 suo
2500 2321 2699 2380 veniet
2742 2323 2933 2381 activo
2978 2342 3010 2379 e

435 2421 495 2478 in
545 2421 561 2479 i
609 2426 963 2480 commutata
1010 2427 1250 2499 praeter
1294 2422 1536 2480 tertiam
1582 2428 1937 2499 correptam.
1986 2429 2050 2480 ut
2093 2440 2290 2482 amare
2333 2423 2552 2490 amari,
2601 2439 2841 2481 monere
2887 2441 3010 2482 mo-

356 2523 599 2589 soneri,
648 2521 855 2581 audire
901 2521 1113 2581 audiri.
1204 2540 1271 2581 ea
1319 2540 1459 2581 vero
1504 2540 1654 2601 quae
1701 2525 1912 2583 tertiae
1959 2530 2096 2582 sunt
2140 2531 2483 2603 correptae,
2530 2524 2828 2601 siquidem
2874 2542 3011 2584 con-

431 2631 737 2684 sonantem
793 2623 1112 2684 habuerint
1166 2643 1201 2683 o
1257 2624 1529 2684 ultimum
1586 2625 2073 2703 praecedentem,
2134 2627 2327 2705 ipsum
2386 2644 2420 2685 o
2465 2627 2527 2684 in
2575 2627 2592 2684 i
2639 2634 3009 2693 convertunt,

431 2732 497 2785 ut
550 2725 681 2803 lego
739 2726 881 2803 legi,
943 2726 1075 2787 dico
1132 2726 1282 2795 dici;
1338 2728 1389 2786 si
1443 2744 1585 2786 vero
1640 2727 1928 2797 vocalem,
1987 2728 2221 2808 quando
2279 2729 2298 2789 i
2357 2728 2565 2796 suerit,
2613 2747 2650 2788 o
2694 2729 3012 2789 novissima

432 2826 863 2915 subtrahetur&
895 2837 957 2888 ut
1001 2831 1169 2908 rapio
1214 2831 1374 2908 rapi,
1423 2831 1591 2909 capio
1636 2832 1803 2909 capi;
1850 2831 2084 2911 quando
2129 2849 2184 2900 u,
2233 2849 2267 2890 o
2314 2830 2504 2891 finalis
2550 2833 2610 2891 in
2658 2832 2675 2889 i
2726 2833 3010 2891 transser-

436 2936 562 2996 tur,
620 2936 687 2987 ut
739 2947 923 3006 arguo
980 2933 1179 3008 argui,
1242 2949 1387 2990 acuo
1442 2934 1598 2993 acui.
1689 2950 1863 2992 omne
1922 2935 2311 3012 praeteritum
2371 2934 2666 2993 inlinitum
2712 2935 3009 3011 passivum

358 3051 409 3088 εἴ»
436 3047 543 3106 per
586 3032 928 3089 societatem
973 3034 1272 3112 participii
1307 3033 1585 3094 adiuncto
1615 3053 1745 3094 esse
1780 3033 1872 3094 vel
1916 3036 2098 3094 fuisse
2143 3034 2328 3095 verbo
2373 3036 2705 3113 profertur,
2753 3043 3008 3096 amatum

433 3149 563 3190 esse
610 3132 823 3197 fuisse,
873 3136 1157 3194 monitum
1204 3153 1334 3195 esse
1383 3138 1593 3205 luisse,
1641 3136 1909 3197 auditum
1940 3154 2068 3196 esse
2099 3137 2317 3204 fuisse,
2366 3138 2581 3196 lectum
2627 3155 2757 3196 esse
2803 3119 3006 3198 fuisse.

432 3250 603 3291 omne
652 3234 914 3292 futurum
960 3236 1255 3295 inlinitum
1302 3240 1600 3315 passivum
1656 3257 1763 3317 per
1810 3238 2058 3298 eandem
2105 3240 2404 3317 participii
2449 3239 2573 3297 sive
2617 3240 2872 3315 gerundi
2919 3260 3010 3299 so·

433 3337 708 3394 rietatem
766 3334 997 3394 adiecto
1056 3338 1130 3396 iri
1187 3341 1636 3416 pronuntiatur,
1695 3347 1954 3399 amatum
2012 3341 2087 3399 iri
2145 3341 2433 3400 monitum
2482 3342 2556 3399 iri
2617 3340 2884 3402 auditum
2930 3345 3034 3402 iri*

429 3436 647 3497 lectum
693 3439 792 3496 iri.
841 3433 849 3517 Ι

353 3561 404 3599 3ο
602 3539 793 3599 Latini
841 3539 1205 3618 peculiarius
1250 3543 1497 3602 infinitis
1544 3545 1604 3602 in
1650 3545 1670 3603 i
1717 3543 2074 3603 exeuntibus
2120 3544 2343 3604 addunt
2386 3563 2452 3602 er
2496 3543 2807 3623 syllabam,
2856 3556 2921 3607 ut
2967 3550 3004 3616 i,
3043 3566 3244 3616 (324.20

430 3640 587 3720 quod
634 3640 873 3718 longum
932 3644 1153 3712 suerat,
1213 3642 1393 3703 breve
1440 3645 1731 3713 efficiant,
1781 3654 1846 3705 ut
1887 3647 2310 3723 ‘accingier
2355 3648 2587 3705 ense’.
2677 3666 2791 3707 non
2837 3667 3007 3708 num-

430 3762 604 3821 quam
674 3744 905 3803 insinito
970 3763 1080 3824 pro
1146 3747 1466 3807 indicativo
1536 3756 1816 3808 utuntur:
1893 3747 2209 3808 Sallustius
2273 3749 2430 3827 ‘qui
2500 3747 2620 3807 ubi
2691 3751 3004 3827 primum

432 3844 786 3912 adolevit,
852 3847 1148 3925 pollens
1204 3849 1533 3918 viribus,
1592 3850 1861 3909 decora
1921 3852 2144 3918 facie,
2203 3868 2343 3909 non
2403 3868 2474 3908 se
2520 3850 2721 3910 luxui
2771 3870 3004 3932 neque

431 3948 765 4008 inertiae
833 3951 1455 4029 corrumpendum
1523 3952 1759 4021 dedit,
1829 3952 1986 4020 sed,
2055 3954 2163 4012 uti
2230 3971 2384 4012 mos
2451 3954 2702 4029 gentis
2760 3953 3003 4022 illius,

354 4071 406 4109 35
432 4051 813 4128 equitare,
862 4052 1209 4121 iaculari,
1258 4071 1480 4114 cursu
1526 4073 1679 4114 eum
1728 4053 2179 4133 aequalibus
2222 4059 2573 4114 certare'.
2654 4055 3007 4134 aliquotiens

430 4170 539 4231 pro
571 4154 947 4212 coniunctivo
993 4163 1251 4232 ponunt:
1298 4156 1508 4215 Cicero
1553 4174 1661 4234 pro
1693 4156 1896 4216 Sextio
1941 4157 2084 4216 ‘rei
2131 4155 2481 4234 publicae
2529 4157 2859 4234 dignitas
2905 4177 3005 4218 me

431 4255 512 4314 ad
561 4273 634 4314 se
683 4257 882 4333 rapit
927 4256 1221 4315 ethaeo
1268 4259 1556 4317 minora
1606 4258 2046 4337 relinquere
2107 4257 2483 4319 hortatur'
2542 4277 2648 4337 pro
2704 4259 3007 4320 ‘hortatur

433 4365 494 4415 ut
540 4357 926 4436 relinquam',
976 4357 1272 4434 Vergilius
1318 4359 1621 4420 ‘hortor
1667 4378 1908 4421 amare
1956 4361 2197 4420 socos’
2243 4379 2352 4440 pro
2399 4361 2639 4420 ‘hortor
2673 4369 2734 4420 ut
2764 4366 3005 4421 ament'.

563 4614 594 4660 2
628 4627 779 4660 voces
804 4614 889 4662 ed.
924 4612 973 4660 V
973 4614 1075 4662 ind.
1116 4614 1251 4661 uires
1278 4613 1326 4662 B
1462 4616 1492 4665 7
1527 4616 1575 4663 in
1606 4630 1657 4661 re
1682 4617 1763 4668 ecl.
1799 4616 1950 4664 Vimi.
2090 4616 2123 4663 8
2157 4612 2224 4678 et]
2251 4615 2340 4663 sed
2369 4615 2419 4664 B
2555 4618 2621 4666 20
2645 4618 2790 4665 tertia
2814 4627 2932 4666 sum
2957 4617 3007 4666 B

564 4684 623 4728 31
653 4677 927 4745 accingier]
962 4683 1119 4745 Verq.
1150 4682 1279 4734 Aen.
1311 4684 1396 4730 llll
1422 4685 1523 4732 493
1546 4684 1801 4745 accingier
1823 4694 1946 4742 arte,
1976 4699 2074 4749 qno
2110 4687 2343 4747 exemplo
2379 4699 2497 4731 nans
2531 4691 2608 4732 est
2647 4685 2915 4735 Diomedes
2947 4704 3006 4749 p.

430 4748 547 4806 341,
580 4751 657 4800 14.
692 4750 970 4814 aecingitur
1004 4765 1129 4798 ense
1161 4754 1346 4814 legitur
1386 4752 1539 4813 Ver-9.
1578 4753 1711 4803 Aen.
1751 4752 1842 4800 Vll
1880 4754 1980 4801 640
2115 4754 2181 4800 32
2216 4747 2512 4815 Sallustius]
2549 4752 2660 4813 Ιηῃ.
2689 4755 2744 4809 6,
2777 4757 2800 4802 l
2941 4759 3005 4804 34

429 4818 651 4933 {fleu-ltine
692 4816 741 4866 B
878 4819 944 4869 36
988 4815 1160 4869 Cicero
1204 4834 1296 4885 pro
1339 4817 1533 4885 Sextio]
1577 4823 1626 4878 3,
1670 4821 1700 4870 7
1842 4820 2102 4885 dignitatis
2141 4820 2192 4869 B
2328 4822 2395 4871 38
2435 4819 2630 4886 hortor]
2681 4823 2835 4888 Vera.
2871 4824 3002 4873 Aen.
