3541 5564
1396 343 1866 407 COMMENTVM
2834 344 2913 406 91

342 552 509 616 quae
564 530 631 593 in
685 528 801 593 illa
852 538 1204 616 praecepta
1259 539 1446 594 erant
1497 539 1872 616 exponeret
1909 539 1975 594 et
2028 529 2459 616 amplificaret
2514 539 2579 595 et
2643 530 2919 594 aliorum

339 633 902 715 grammaticorum
954 632 1251 697 doctrina
1293 641 1647 719 conparata
1688 632 1795 697 vcl
1850 632 2232 697 defenderet
2277 631 2420 713 vel,
2467 633 2522 697 si
2567 656 2729 720 opus
2777 655 2918 697 csse

338 735 710 817 videretur,
768 734 1143 820 corrigeret.
1202 733 1403 821 quod
1457 734 1781 799 tractandi
1843 757 2048 820 genus
2120 736 2298 820 (nam
2361 735 2456 798 ita
2511 734 2727 800 dicere
2771 758 2916 800 con-

339 837 585 920 sucvit)
632 836 947 901 usitatum
992 836 1197 902 fuisse
1241 836 1712 923 posterioribus
1756 837 2202 922 grammaticis
2248 847 2572 902 testantur
2613 836 2806 918 haec,
2852 859 2918 923 p.

337 938 464 1002 412
519 961 587 1003 re
631 960 774 1002 vera
830 960 936 1003 ars
989 946 1102 1020 ista
1155 947 1381 1019 scripta
1435 952 1546 1013 est,
1610 951 1674 1002 ut
1728 947 2040 1003 materiam
2077 946 2276 1020 potius
2321 944 2553 1003 dederit
2594 945 2917 1014 tractandi,

339 1062 515 1119 qnam
559 1048 684 1121 ipse
727 1048 1090 1106 tractaverit.
1164 1063 1311 1106 raro
1358 1052 1575 1105 au-tem
1616 1042 1970 1128 Pompeius
2015 1040 2138 1106 hac
2183 1043 2436 1107 ratione
2466 1043 2635 1106 'usus
2673 1054 2801 1131 est,
2847 1052 2922 1106 ut

338 1143 558 1208 verbis
612 1143 859 1208 Donati
912 1144 1331 1230 praescriptis
1387 1167 1572 1208 suam
1627 1144 2121 1211 adnotationem
2179 1145 2535 1224 subiceret,
2598 1154 2670 1208 ut
2725 1168 2788 1230 p.
2838 1145 2921 1208 90

339 1266 545 1308 nomen
600 1258 688 1308 est
726 1267 885 1326 pars
927 1252 1210 1310 orationis
1238 1267 1386 1310 ,cum
1431 1268 1609 1322 casu,
1656 1271 1720 1334 p.
1767 1247 1850 1311 92
1893 1253 2117 1310 nomini
2157 1252 2442 1310 accidunt
2478 1269 2618 1323 sex,
2664 1254 2922 1325 qualitas

337 1355 689 1427 conparatio
736 1370 927 1426 ⁸oenus
981 1368 1260 1412 numerus
1308 1357 1515 1428 [tyara
1569 1354 1788 1428 casus,
1831 1374 1896 1436 p.
1947 1350 2065 1414 171
2112 1360 2252 1413 sunt
2290 1360 2485 1412 autem
2523 1354 2764 1427 formae
2806 1369 2920 1412 ca-

337 1457 562 1526 suates,
618 1474 681 1536 p.
734 1452 857 1515 174
904 1458 1235 1529 qenetivum
1290 1472 1494 1515 casum
1548 1458 1814 1515 trahunt.
1904 1450 2286 1538 plerumque
2344 1453 2543 1533 enim,
2602 1473 2766 1537 quae
2823 1461 2923 1516 est

340 1532 538 1617 huius
585 1553 998 1638 grammatici
1055 1551 1469 1638 neglegentia
1521 1564 1586 1619 et
1637 1554 1859 1639 inepta
1901 1554 2251 1618 verborum
2296 1555 2483 1640 copia
2495 1602 2512 1636 ,
2558 1554 2772 1617 minus
2820 1575 2921 1617 ac-

338 1664 562 1719 curate
616 1655 1005 1719 sententiam
1050 1654 1298 1720 Donati
1350 1654 1455 1719 vel
1509 1654 1737 1720 addito
1784 1653 1891 1719 vel
1948 1655 2183 1721 omisso
2231 1656 2370 1720 eius
2415 1656 2677 1720 nomine
2724 1655 2922 1739 signi-

340 1757 591 1840 ficavit3
639 1780 716 1821 ac
760 1780 843 1821 nc
887 1757 956 1822 in
998 1757 1081 1822 iis
1128 1757 1385 1844 quidem
1428 1757 1622 1838 locis,
1669 1758 1785 1823 ubi
1825 1767 2006 1821 recta
2036 1758 2330 1822 oratione
2358 1780 2513 1821 usus
2547 1758 2691 1844 ipsa
2720 1758 2925 1823 verba

338 1859 585 1923 referre
642 1858 936 1940 videtur,
996 1881 1073 1923 ca
1126 1882 1293 1947 quae
1350 1858 1527 1946 apud
1581 1857 1763 1923 illum
1825 1861 2069 1945 scripta
2123 1859 2376 1923 invenit
2419 1860 2761 1946 repetivit,
2809 1861 2923 1924 sed

338 1960 528 2046 longo
576 1984 875 2026 sermone
919 1983 1076 2025 usus
1131 1960 1288 2046 quid
1331 1959 1440 2025 illc
1484 1961 1890 2048 praeceperit
1933 1961 2280 2026 indicavit:
2341 1961 2425 2026 cf.
2471 1984 2534 2048 p.
2589 1962 2729 2044 172,
2779 1963 2922 2043 176,

344 2064 483 2145 185,
532 2064 678 2146 205,
725 2063 869 2135 209,
917 2062 1065 2144 212,
1112 2063 1258 2144 262,
1304 2063 1445 2129 471.

507 2165 638 2230 Sed
692 2172 949 2252 praeter
994 2165 1245 2230 Donati
1299 2174 1507 2229 artem
1567 2163 1856 2230 dubitari
1914 2166 2137 2252 nequit
2180 2167 2339 2252 quin
2385 2166 2922 2231 commentarium

336 2268 404 2331 in
456 2278 803 2353 utramque
861 2276 1068 2331 artem
1101 2260 1162 2330 'a
1217 2265 1446 2331 Servio
1504 2268 1818 2353 scriptum
1875 2268 2220 2355 Pompeius
2282 2267 2678 2333 adhibuerit.
2771 2291 2921 2331 nam

336 2369 637 2455 quamvis
695 2368 964 2434 difficile
1020 2369 1107 2434 sit
1151 2369 1217 2432 in
1263 2367 1586 2454 frequenti
1642 2371 2213 2454 grammaticorum
2260 2392 2581 2435 consensu
2624 2369 2922 2451 definire,

337 2471 494 2557 quid
539 2470 709 2536 alter
751 2470 940 2536 alteri
984 2471 1247 2550 debeat,
1296 2470 1456 2558 quid
1488 2494 1571 2535 ex
1599 2473 1922 2534 communi
1965 2472 2145 2537 fonte
2190 2463 2559 2538 derivatum
2602 2473 2706 2553 sit,
2737 2494 2923 2557 prae-

337 2574 563 2638 sertim
604 2575 674 2637 in
719 2574 820 2637 his
866 2574 1115 2639 Donati
1158 2572 1639 2638 commentariis
1685 2574 2016 2638 constanti
2059 2574 2342 2660 quodam
2387 2573 2755 2640 scholarum
2797 2597 2923 2637 usu

335 2677 671 2757 tractati3‚
718 2677 889 2741 sicut
935 2676 1016 2740 de
1062 2675 1373 2742 Cledonio
1421 2672 1743 2757 diximus,
1803 2685 2022 2739 tamen
2065 2678 2133 2739 in
2177 2675 2470 2762 Pompeii
2526 2675 2696 2741 libro
2745 2684 2923 2739 certa

338 2778 493 2842 mihi
548 2777 1311 2866 deprehenderervideor
1372 2775 1698 2864 exempla,
1762 2778 1998 2865 quibus
2044 2776 2227 2843 illum
2272 2778 2485 2844 Servii
2529 2790 2922 2843 commenta-

337 2880 503 2945 rium
547 2881 978 2967 usurpavisse
1023 2889 1088 2945 et
1130 2880 1209 2945 iis
1257 2904 1422 2968 quae
1468 2881 1535 2944 in
1580 2881 1701 2945 hoc
1746 2881 1994 2967 scripta
2036 2881 2290 2945 invenit
2333 2901 2450 2967 pro
2496 2880 2919 2944 fundamento

337 3006 490 3047 suae
550 2981 1019 3070 disputationis
1073 3006 1262 3047 usum
1317 3005 1459 3048 esse
1515 2983 1851 3068 probetur.
1924 2984 1994 3046 in
2038 2983 2265 3069 primis
2310 2984 2513 3067 igitur
2557 2983 2684 3047 huc
2728 2982 2922 3069 perti-

336 3096 491 3150 nent
548 3107 627 3149 03
683 3106 849 3171 quae
907 3083 988 3148 de
1046 3085 1316 3170 syllabis
1372 3109 1436 3172 p.
1483 3086 1567 3151 34
1621 3094 1687 3148 et
1745 3085 1826 3149 de
1881 3083 2184 3169 analogia
2229 3109 2292 3172 p.
2339 3086 2465 3149 230
2507 3087 2598 3148 ita
2641 3094 2924 3149 tractata

338 3197 519 3268 sunt,
593 3195 671 3250 ut
737 3187 944 3252 verba
1008 3186 1219 3252 Servii
1264 3188 1478 3274 ,quasi
1544 3186 1865 3251 lemmatis
1933 3186 2073 3251 loco
2133 3187 2350 3273 posita
2416 3184 2921 3273 explicarentur.

336 3290 492 3353 item
534 3289 602 3352 in
648 3297 934 3354 tractatu
978 3290 1059 3353 de
1104 3289 1416 3375 qualitate
1461 3289 1794 3353 nominum
1840 3312 1904 3374 p.
1937 3289 2019 3351 96
2064 3310 2205 3374 sqq.
2252 3288 2553 3353 similiter
2598 3287 2920 3374 quaedam

337 3413 419 3455 ex
462 3391 676 3456 Servii
730 3393 1192 3457 commentario
1250 3391 1653 3479 praescripta
1705 3400 1878 3455 sunt.
1953 3400 2291 3477 praeterea
2335 3390 2415 3454 de
2460 3390 2714 3454 duobus
2760 3391 2919 3455 locis

337 3493 447 3579 qui
502 3494 629 3557 huc
685 3490 1011 3558 referendi
1068 3504 1221 3558 sunt
1274 3516 1336 3579 p.
1385 3494 1508 3557 211
1566 3504 1748 3578 etp.
1796 3493 1921 3557 253
1990 3514 2190 3579 supra
2257 3492 2501 3556 dictum
2558 3503 2677 3556 est.
2766 3515 2920 3556 nam

335 3596 627 3659 maxima
680 3616 834 3680 pars
890 3596 958 3659 in
1012 3596 1134 3661 hoc
1187 3618 1425 3678 genere
1468 3596 1681 3659 minus
1727 3604 1905 3659 certa
1948 3603 2077 3676 est,
2124 3605 2473 3681 propterea
2517 3594 2688 3679 quod
2732 3595 2917 3658 Pom-

336 3698 517 3783 peius
574 3719 654 3762 ea
710 3720 876 3782 quae
923 3720 1007 3763 ex
1050 3700 1413 3785 antiquiore
1459 3696 1918 3763 commentario
1964 3698 2211 3782 recepit
2252 3720 2383 3762 non
2428 3696 2678 3778 minus,
2725 3718 2921 3783 quam

334 3823 499 3886 quae
544 3823 633 3864 ex
678 3792 820 3865 arte
865 3800 1110 3865 Donati
1167 3800 1495 3881 exhibuit,
1541 3823 1659 3865 suo
1712 3822 1892 3865 more
1937 3800 2306 3865 inmutavit.
2396 3798 2549 3862 hinc
2590 3798 2918 3863 interdum

335 3901 628 3967 dubitari
672 3911 893 3988 potest
934 3925 1019 3965 an
1060 3925 1188 3966 non
1232 3925 1312 3966 ea
1357 3924 1523 3989 quae
1555 3901 1776 3966 verbis
1823 3907 1969 3965 dicit
2012 3900 2115 3965 vel
2161 3906 2333 3975 dicit,
2381 3905 2591 3982 divisit,
2640 3905 2916 3977 definivit,

334 3999 616 4069 tractavit
656 4015 780 4069 etc.
828 4003 1125 4085 induxit,
1183 4003 1419 4089 quibus
1475 4002 1856 4090 plerumque
1901 4004 2149 4069 Donati
2195 4002 2587 4067 sententiam
2631 4024 2760 4066 non
2805 4001 2917 4065 ad-

336 4105 471 4171 dito
518 4108 784 4171 nomine
832 4106 1200 4190 significare
1245 4106 1442 4188 solet,
1490 4105 1572 4170 ad
1620 4105 1921 4171 Servium
1964 4106 2181 4191 potius
2229 4128 2424 4191 quam
2468 4105 2552 4169 ad
2582 4105 2924 4169 Donatum

335 4206 683 4273 referenda
748 4209 910 4290 sint,
978 4208 1302 4294 siquidem
1367 4218 1521 4273 sunt
1582 4230 1748 4294 quae
1816 4207 1901 4271 ad
1965 4206 2142 4271 illius
2210 4207 2602 4272 sententiam
2647 4204 2916 4292 propius

333 4333 527 4395 quam
582 4309 671 4373 ad
717 4308 909 4373 huius
954 4310 1306 4391 accedant,
1363 4320 1438 4375 111
1481 4332 1545 4396 p.
1589 4310 1715 4374 235
1758 4314 1894 4373 ideo
1936 4314 2223 4390 definivit,
2268 4329 2602 4388 pronomen
2645 4323 2730 4371 est
2767 4328 2919 4386 pars

332 4419 647 4487 orationis,
695 4431 851 4488 qaae
887 4418 1085 4491 posita
1119 4432 1242 4491 pro
1283 4419 1514 4475 nomine
1540 4419 1734 4474 minus
1780 4416 2014 4489 quidem
2049 4419 2248 4490 plene,
2293 4416 2451 4475 idem
2495 4423 2690 4474 tamen
2720 4416 2919 4487 siqni-

327 4522 503 4591 sicat,·
557 4537 626 4600 p.
673 4513 802 4576 305
858 4520 1069 4593 incipit
1125 4525 1388 4577 tractare
1432 4518 1508 4576 de
1551 4518 1643 4576 his
1683 4519 1872 4577 verbis
1884 4562 1902 4594 ,
1961 4534 2115 4595 quae
2158 4514 2336 4576 verba
2381 4518 2652 4575 naturali
2690 4518 2918 4574 ratione

333 4638 447 4680 non
486 4626 740 4696 possunt
782 4625 899 4678 tota
944 4620 1243 4680 declinari
1250 4642 1272 4688 ,·
1314 4639 1380 4701 p.
1413 4614 1538 4678 322
1569 4636 1711 4693 erqo
1755 4621 2010 4679 dimissis
2053 4619 2361 4691 defectivis
2403 4621 2616 4693 incipit
2655 4625 2919 4677 tractare

332 4723 407 4783 de
445 4725 677 4798 plenis:
721 4739 788 4803 p.
818 4716 940 4781 417
988 4724 1069 4780 ita
1115 4722 1335 4795 definit,
1380 4721 1786 4781 barbarismus
1826 4728 1913 4781 est
1951 4724 2148 4780 vitium
2187 4721 2423 4793 sactum
2468 4723 2530 4779 in
2575 4738 2700 4781 una
2732 4728 2918 4796 parte

332 4826 652 4898 orationis,
714 4825 1086 4883 soloecismus
1137 4832 1224 4884 est
1280 4825 1482 4884 vitium
1533 4822 1767 4895 sactum
1825 4827 1886 4884 in
1941 4830 2220 4885 contextu
2265 4825 2539 4899 partium
2593 4825 2878 4883 orationis
2897 4845 2917 4890 ,-
