3541 5564
1134 383 1530 446 EXCERPTA
1578 372 1983 445 BoBIEN‘SIA
2033 380 2215 443 1—6
2833 379 2959 443 635

2588 503 2627 543 p.
2659 492 2745 532 146.
2775 492 2824 529 47
2857 488 2908 528 V.

378 590 592 649 graeco
636 591 707 631 ex
755 574 913 631 fonte
962 573 1309 640 demananS,
1377 580 1441 633 ut
1483 581 1620 632 sunt
1666 572 1795 640 illa,
1867 564 1990 651 χρὴ
2036 565 2274 648 πρέπει
2317 565 2526 649 μέλει,
2573 563 2696 649 χρὴ
2740 569 2958 648 πλεῖν,
3004 648 3018 664 Ι

377 667 501 753 χρὴ
559 664 1033 748 παιδεύεσθαι,
1095 667 1216 752 χρὴ
1264 673 1603 753 πολεμεῖν,
1662 668 1900 752 πρέπει
1945 679 2352 751 σωφρονεῖν,
2408 667 2646 751 πρέπει
2689 667 2956 750 νήφειν.

378 778 437 835 in
485 776 578 837 bis
622 779 781 837 enim
828 794 937 835 nec
983 794 1267 836 numerus
1312 794 1421 835 nec
1468 794 1718 853 persona
1765 777 2163 853 significatur,
2222 774 2325 834 sed
2371 793 2468 834 res
2512 781 2741 834 tantum
2786 774 2959 833 modo

377 879 742 946 declaratur,
801 897 978 956 quam
1033 879 1163 937 fieri
1222 884 1509 957 oporteat.
1562 900 1599 933 ει
1660 878 1837 937 huius
1894 877 2052 937 modi
2111 878 2286 936 etiam
2344 875 2578 937 illorum
2632 875 2962 936 locutiones

324 989 532 1050 astent,
594 973 821 1058 ἐπειδὴ
877 966 1122 1059 mixto,
1171 972 1400 1058 ἐπει.δή
1460 971 1698 1058 ἄριστα
1752 973 2258 1058 παρεσκεύαστο
2305 973 2415 1038 καὶ
2485 973 2957 1057 ἐβεβούλευτο;

376 1082 594 1142 nullius
650 1082 748 1141 hic
803 1100 1035 1161 quoque
1092 1100 1381 1161 personae
1438 1082 1526 1140 vel
1573 1083 1815 1141 numeri
1864 1100 1971 1140 vox
2018 1084 2146 1160 ipsa
2192 1082 2455 1141 continet
2500 1100 2759 1141 sensum.
2849 1081 2959 1140 hoc

374 1191 570 1243 tamen
632 1183 757 1243 solo
818 1183 1040 1243 distant
1096 1203 1126 1244 a
1182 1185 1415 1260 graecis
1470 1182 1869 1262 inpersonalia
1925 1184 2298 1252 Latinorum,
2355 1183 2513 1262 quod
2569 1202 2676 1262 per
2737 1183 2958 1252 modos,

373 1294 438 1345 ut
498 1288 615 1345 iam
672 1286 955 1354 diximus,
1020 1293 1268 1346 currunt
1314 1293 1372 1345 et
1420 1292 1717 1365 tempora,
1779 1285 1934 1364 quod
1982 1285 2136 1364 apud
2183 1284 2440 1345 Graecos
2484 1284 2819 1345 nullatenus
2865 1303 2957 1344 re-

374 1390 628 1466 peritur.

302 1510 349 1547 10
543 1488 606 1550 ln
651 1490 1022 1570 temporibus
1065 1509 1300 1571 quoque
1346 1509 1463 1550 non
1507 1490 1708 1569 dispar
1753 1488 2087 1549 observatio
2133 1496 2252 1568 est,
2315 1492 2428 1550 nisi
2475 1489 2631 1568 quod
2678 1490 2803 1550 sola
2848 1489 2949 1548 de·
2986 1503 3190 1562 coz-22

374 1593 701 1651 minutione
747 1599 1064 1671 superetur
1109 1600 1169 1652 et
1213 1592 1513 1672 discrepet
1557 1609 1742 1670 eoque
1789 1591 2004 1651 habeat
2049 1593 2349 1670 pauciora.
2438 1609 2574 1651 nam
2619 1610 2750 1652 cum
2805 1591 2959 1670 apud

372 1694 503 1754 illos
559 1713 743 1773 prope
807 1696 1082 1754 universa
1128 1695 1387 1774 duplicia
1435 1697 1575 1762 sint,
1623 1694 1968 1753 Latinorum
2023 1693 2277 1772 loquella
2335 1693 2735 1772 simplicitatis
2801 1712 2958 1752 com-

373 1796 589 1874 pendio
647 1797 829 1856 semel
884 1797 1111 1873 singula
1169 1798 1439 1876 proferre
1500 1803 1777 1856 contenta
1832 1814 1941 1854 nec
1975 1798 2389 1874 praeteritum
2457 1797 2788 1875 perfectum
2849 1815 2960 1855 nec

371 1899 763 1975 praeteritum
810 1898 1455 1978 plusquamperfectum
1501 1917 1611 1958 nec
1671 1899 1937 1959 futurum
1982 1898 2306 1958 secundum
2355 1908 2454 1958 aut
2499 1898 2758 1961 medinm
2805 1894 2812 1977 Ι
2862 1906 2962 1957 aut

302 2019 346 2056 15
376 2019 507 2059 mox
553 2001 821 2060 futurum
873 2000 1142 2071 admisit;
1202 1993 1518 2080 ἀόριστον
1563 2002 1707 2079 quin
1753 2001 1931 2059 etiam
1977 1999 2209 2060 illorum
2256 2003 2495 2080 penitus
2538 2001 2791 2077 ignorat.
2868 1999 2962 2059 bis

371 2104 633 2181 quinque
693 2102 1062 2181 temporibus
1111 2103 1265 2163 modi
1313 2103 1530 2180 singuli
1589 2102 1961 2162 declinantur
2019 2110 2118 2162 aut
2173 2104 2492 2181 separatim
2552 2120 2668 2161 uno
2725 2119 2959 2180 quoque

370 2222 579 2264 sonum
646 2206 956 2282 proprium
1014 2208 1413 2283 exprimente,
1487 2214 1587 2264 aut
1642 2206 1919 2273 iunctim,
1990 2203 2150 2265 binis
2199 2204 2453 2283 ,eandem
2520 2203 2960 2282 possidentibus

371 2324 575 2364 vocem
632 2313 692 2363 et
748 2324 1118 2367 communem
1174 2307 1588 2367 emittentibus
1645 2325 1875 2377 sonum,
1940 2309 2259 2385 separatim
2306 2306 2661 2366 indicativus
2702 2308 2957 2385 impera-

368 2412 519 2469 tivus
563 2409 1002 2477 subiunctivuS,
1070 2412 1321 2470 iunctim
1366 2411 1661 2489 optativus
1707 2416 1766 2468 et
1824 2410 2108 2468 infinitus
2199 2428 2270 2469 ex
2331 2408 2548 2488 quibus
2603 2406 2961 2469 indicativus

294 2532 344 2569 «20
371 2512 613 2591 quidem
669 2519 730 2572 et
774 2510 1182 2571 subiunctivus
1225 2514 1420 2572 omnia
1468 2518 1844 2590 receperunt,
1891 2530 2174 2590 praesens
2218 2530 2376 2580 amo,
2433 2512 2822 2589 praeteritum
2868 2514 2957 2571 in-

371 2616 704 2692 perfectum
753 2612 1050 2683 amabam,
1098 2616 1490 2693 praeteritum
1543 2615 1875 2693 perfectum
1933 2614 2139 2681 amavi,
2187 2614 2581 2692 praeteritum
2626 2613 2959 2693 plusquam-

370 2717 699 2795 perfectum
744 2734 1096 2786 amaveram,
1144 2718 1407 2776 futurum
1455 2715 1694 2776 amabo:
1742 2719 1886 2775 item
1931 2714 2341 2776 subiunctivus
2385 2733 2520 2775 oum
2568 2733 2776 2786 amem,
2825 2734 2958 2775 cum

373 2835 654 2884 amarem,
703 2836 837 2877 cum
883 2821 1221 2889 amaverim,
1270 2838 1404 2879 cum
1451 2820 1815 2889 amavissem,
1865 2837 1997 2879 cum
2044 2837 2345 2879 amavero:
2392 2820 2779 2898 imperativus
2823 2838 2962 2878 vero

372 2918 488 2977 duo
556 2926 780 2978 tantum
836 2922 1041 2990 mode,
1110 2939 1391 3000 praesens
1457 2928 1516 2980 et
1558 2923 1846 2990 futurum,
1905 2939 2033 2980 auia
2091 2927 2283 2980 amato
2331 2941 2395 2978 x:
2455 2920 2780 2980 infinitivus
2824 2922 2955 2990 tria,

297 3036 348 3072 2¹5
376 3038 688 3099 praesens,
749 3029 812 3080 ut
867 3040 1093 3092 amare;
1142 3025 1532 3102 praeteritum
1590 3042 1705 3083 non
1765 3024 2056 3082 trifariam
2114 3021 2399 3091 divisum,
2466 3021 2566 3081 sed
2613 3021 2795 3082 semel
2850 3040 2959 3101 pro

369 3121 561 3181 tribus
606 3124 999 3192 enuntiamuS,
1047 3133 1112 3183 ut
1153 3128 1469 3194 amavisse;
1514 3127 1801 3194 futurum,
1849 3131 1913 3184 ut
1942 3131 2201 3185 amatum
2233 3127 2341 3183 ire.
2397 3125 2707 3202 quaeritur
2738 3131 2953 3194 autem,

372 3241 481 3283 cur
526 3223 624 3284 hie
670 3224 815 3283 ordo
861 3226 921 3283 in
970 3225 1089 3285 illis
1134 3229 1237 3295 sit,
1299 3234 1361 3285 ut
1414 3228 1675 3305 primum
1720 3227 1917 3286 locum
1962 3225 2229 3287 obtineat
2274 3243 2585 3305 praesens,
2631 3226 2956 3286 secundum

372 3328 763 3405 praeteritum
828 3327 1254 3404 inperfectum,
1323 3330 1566 3387 tertium
1645 3329 2034 3406 praeteritum
2109 3329 2441 3407 perfectum
2509 3347 2575 3387 ac
2652 3327 2953 3407 deinceps

370 3430 539 3489 cuius
592 3427 738 3488 haec
797 3430 946 3488 ratio
1003 3437 1119 3488 est:
1180 3438 1389 3502 natura
1446 3431 1730 3508 temporis
1786 3430 1932 3489 haec
1989 3437 2106 3498 est,
2171 3436 2235 3488 ut
2291 3447 2528 3506 semper
2596 3428 2856 3489 transeat
2898 3438 2957 3488 et

296 3553 346 3590 sn
372 3530 540 3609 lapsu
607 3530 895 3590 celeriore
970 3530 1248 3589 decurrat
1316 3550 1381 3588 ae
1442 3533 1538 3590 vix
1596 3530 1714 3589 ullo
1760 3533 1965 3610 puncti
2022 3538 2319 3591 momento
2371 3532 2558 3610 possit
2610 3533 2954 3600 consistere,

373 3632 626 3712 ideoque
673 3640 775 3692 aut
818 3634 934 3691 iam
982 3634 1364 3711 praeterierit
1413 3640 1514 3691 aut
1557 3641 1926 3711 expectetur.
1988 3633 2141 3692 unde
2187 3632 2427 3712 quidam
2474 3632 2617 3691 baec
2664 3632 2779 3692 duo
2825 3639 2952 3693 tan·

368 3742 493 3792 turn
538 3733 712 3793 modo
758 3740 1022 3813 tempora
1070 3753 1199 3794 esse
1244 3736 1539 3804 dixerunt,
1588 3737 1978 3813 praeteritum
2017 3743 2076 3794 et
2117 3732 2417 3804 futu1·um;
2465 3750 2748 3813 praesens
2793 3737 2952 3794 enim

367 3854 441 3895 ne
489 3843 606 3895 tam
654 3836 757 3895 diu
801 3836 1039 3915 quidem
1087 3856 1327 3897 manere
1374 3856 1567 3916 posse,
1617 3837 1756 3898 dum
1802 3836 2039 3905 dicitur,
2088 3837 2191 3896 sed
2225 3834 2816 3915 incomprehensibili
2855 3855 2950 3896 ve-

369 3938 609 3998 locitate
669 3940 1034 3998 transitionis
1100 3941 1227 4008 vix,
1287 3940 1424 3999 dum
1482 3941 1848 4006 nominatur,
1908 3938 2083 3999 elabi.
2173 3955 2416 3998 necesse
2464 3957 2607 4014 ergo
2651 3939 2847 3998 fuerat
2892 3947 2955 3998 ut

296 4061 346 4098 aa
375 4040 513 4101 inde
545 4039 909 4119 principium
955 4050 1312 4110 sumeretur,
1362 4041 1517 4101 unde
1567 4044 1853 4100 transitus
1883 4043 2143 4120 cepisset
2183 4040 2513 4109 exordium,
2561 4048 2621 4099 et
2663 4040 2952 4116 gradatim

372 4148 572 4201 cetera
617 4143 1027 4219 iungerentur,
1076 4161 1146 4200 υο
1177 4162 1414 4222 semper
1456 4145 1808 4221 posteriore,
1856 4143 2011 4221 quod
2045 4143 2176 4221 plus
2207 4141 2484 4201 habuerit
2513 4143 2954 4221 praeteritionis

370 4251 544 4322 atque
601 4246 1093 4314 transcursionis,
1156 4253 1215 4305 et
1271 4266 1339 4306 ea
1386 4264 1536 4324 quae
1582 4248 1698 4305 iam
1743 4246 2022 4304 venerint
2076 4246 2318 4304 minime
2374 4242 2766 4322 praecedente
2813 4261 2952 4303 ven·

369 4354 520 4405 turo.
612 4349 944 4407 communis
1001 4349 1178 4407 etiam
1238 4350 1298 4407 in
1356 4347 1546 4407 modis
1602 4346 1750 4407 haec
1810 4344 2109 4405 subtilitas
2177 4347 2561 4423 quaestionis.
2662 4363 2798 4406 nam
2862 4344 2949 4404 ibi

892 4484 979 4492 -ο

502 4535 535 4582 4
569 4543 799 4597 oporteat
824 4535 890 4584 ad
924 4533 1078 4583 liuius
1116 4534 1251 4584 modi
1277 4533 1346 4584 B.
1384 4536 1463 4584 vel
1496 4535 1823 4596 eaecerptoris
1859 4534 2174 4596 neglegentia
2209 4533 2286 4581 vel
2320 4531 2520 4581 Hbrarii
2552 4547 2732 4581 errore
2770 4532 2951 4581 omissa

369 4607 445 4648 est
482 4600 765 4653 observatio
802 4604 867 4652 de
902 4602 1307 4666 inpersonalibus
1342 4603 1513 4650 latinis
1550 4603 1600 4650 in
1637 4613 1717 4649 tur
1746 4602 1934 4664 finitis:
2012 4603 2043 4649 ὅ
2077 4610 2196 4648 sunt
2230 4616 2321 4650 om.
2348 4599 2399 4647 B
2502 4596 2839 4664 βεβουλευτο
2861 4598 2909 4647 Β

367 4668 399 4716 8
427 4667 701 4719 nullatinus
727 4670 778 4719 B
871 4674 930 4719 11
962 4686 1121 4734 eaque
1145 4669 1196 4718 B
1292 4672 1351 4718 12
1378 4667 1689 4731 Latinorum]
1715 4669 1888 4717 latoris
1912 4684 2046 4718 corr.
2076 4668 2266 4716 latioris
2283 4667 2329 4716 B
2363 4667 2490 4715 Latii
2516 4668 2615 4715 oris
2642 4668 2807 4716 editor
2827 4668 2951 4716 Vin-

368 4734 671 4786 dobonenst's
771 4740 835 4788 15
859 4740 1065 4788 admisit
1098 4754 1235 4788 corr.
1260 4733 1475 4786 admittit
1501 4737 1549 4785 B
1647 4739 1705 4785 17
1730 4738 1935 4786 iunctim
1974 4736 2104 4785 binis
2131 4736 2340 4785 eandem
2367 4735 2948 4786 editor-Vindobonensis

369 4803 528 4852 iuncti
554 4805 681 4854 binis
709 4809 885 4856 eadem
913 4807 964 4855 B
1077 4809 1144 4856 24
1167 4811 1347 4857 [ocima
1383 4822 1527 4871 quam
1562 4807 1785 4855 indicavi
1817 4807 2041 4869 definitio
2079 4812 2355 4868 temporum
2391 4805 2607 4868 optativi
2641 4804 2837 4853 excidit

370 4873 437 4921 34
460 4871 621 4920 ruerat
648 4875 782 4922 unde
806 4890 942 4928 corr.
973 4876 1135 4924 fuerat
1161 4884 1212 4923 nt
1238 4875 1355 4923 inde
1380 4874 1430 4923 B
1568 4876 1634 4924 35
1659 4874 1912 4938 coepisset
1937 4873 1986 4922 B

2408 4955 2541 5017 41*
