3541 5564
1388 330 1860 396 COMMENTVM
2786 324 2907 391 195

2193 415 2226 449 ⁹
2539 449 2582 491 p.
2608 437 2786 477 223-25
2813 436 2858 477 1..

326 525 438 585 hoc
484 541 689 585 verum
734 525 902 586 esse?
949 541 1088 585 ecce
1132 524 1389 602 optimus
1433 530 1492 583 et
1536 530 1832 600 optumus.
1893 519 2178 599 numquid
2226 518 2358 580 dico
2404 520 2711 599 optomus?
2758 520 2908 579 istae

322 629 487 707 ipsae
544 627 692 687 duae
745 623 978 687 litterae
1034 627 1188 685 inter
1244 644 1308 685 se
1363 633 1614 704 possunt
1667 624 2047 691 commutari,
2105 623 2126 681 i
2169 629 2228 682 et
2271 641 2326 682 u.
2417 620 2581 691 ideo,
2630 608 2908 700 quoniam

323 728 438 790 hoc
481 726 615 790 loco
658 730 994 790 necessaria
1055 736 1144 789 est
1185 735 1432 807 propter
1476 726 1927 795 discretionem,
1991 709 2117 804 ipsa
2164 742 2407 785 necesse
2453 723 2634 785 habet
2677 742 2909 804 perma-

323 850 491 892 nere.
583 829 686 891 ubi
731 836 924 893 autem
970 848 1091 891 non
1138 837 1228 890 est
1270 829 1591 890 necessitas
1636 847 1807 891 causa
1853 827 2255 896 discretionis,
2305 845 2545 889 necesse
2590 826 2770 888 habet
2813 825 2913 887 illa

270 948 296 986 5
325 932 519 994 littera
578 933 832 1003 admitti,
893 941 1138 1011 excepto
1192 950 1311 992 uno
1370 932 1637 1001 nomine,
1704 931 1807 992 ubi
1850 937 2208 992 commutata
2255 937 2342 991 est
2382 931 2565 1000 ratio,
2613 928 2906 990 tribubus.

322 1034 772 1115 persssuaserunt
828 1033 943 1095 sibi
999 1051 1234 1102 omnes,
1295 1041 1354 1093 et
1407 1035 1492 1095 sic
1545 1035 1835 1094 remansit
1887 1041 1952 1094 ut
2006 1032 2366 1093 diceremus:
2435 1031 2510 1094 ab
2564 1032 2675 1093 hac
2730 1030 2909 1101 tribu,

319 1145 606 1199 converte
651 1156 690 1198 u
735 1138 796 1197 in
842 1137 890 1205 i,
938 1133 1090 1196 adde
1134 1135 1274 1205 bus,
1331 1134 1586 1198 tribibus
1642 1135 1847 1197 debuit
1901 1136 2127 1204 facere;
2185 1133 2290 1196 sed
2335 1152 2511 1195 nemo
2558 1134 2701 1195 dicit
2742 1133 2912 1194 tribi·
2978 1187 2986 1195 .

323 1239 464 1307 bus,
523 1238 628 1300 sed
683 1236 973 1298 tribubus
1061 1237 1317 1299 diximus
1373 1239 1531 1298 enim
1589 1240 1867 1318 quoniam
1927 1246 2067 1299 tunc
2121 1236 2410 1298 debemus
2478 1256 2518 1298 u
2581 1237 2910 1305 admittere,

322 1340 565 1421 quando
610 1359 787 1403 causa
831 1341 1208 1402 discretionis
1253 1348 1358 1400 est.
1429 1359 1589 1401 nunc
1632 1347 1830 1402 autem
1878 1338 2036 1401 nulla
2083 1340 2360 1400 discretio
2406 1347 2525 1410 est;
2573 1340 2695 1400 sive
2741 1337 2911 1398 tribi-

243 1460 296 1497 ιο
323 1442 439 1504 bus
485 1443 651 1504 dicas
696 1444 819 1503 sive
864 1440 1151 1512 tribubuS,
1201 1442 1356 1503 idem
1404 1450 1521 1513 est,
1567 1462 1678 1504 nec
1722 1441 1879 1503 aliud
1927 1441 2145 1522 aliquid
2193 1442 2500 1521 significat.
2591 1443 2669 1502 ita
2715 1440 2919 1501 volunt

323 1548 506 1607 etiam
549 1547 610 1605 in
658 1543 981 1625 specubuS,
1030 1546 1210 1625 ‘ipsi
1254 1546 1326 1605 in
1372 1545 1702 1606 defossis
1745 1544 2177 1625 specubus'.
2239 1539 2606 1612 falsum'est,
2641 1541 2918 1623 specibus

323 1648 536 1710 debuit
578 1647 797 1709 dice're.
890 1665 1028 1707 nam
1074 1653 1134 1707 et
1185 1655 1360 1708 sonat
1402 1647 1699 1727 specubus
1744 1654 1970 1707 tantum
2016 1646 2212 1717 modo,
2261 1654 2319 1707 et
2363 1664 2717 1726 usurpamus
2761 1643 2917 1706 litte·

324 1769 452 1812 ram
502 1752 630 1812 sine
677 1749 869 1829 aliqua
913 1749 1290 1811 discretione.
1380 1751 1467 1810 sic
1513 1752 1671 1811 enim
1714 1748 2010 1830 specubus
2055 1757 2403 1827 usurpatur,
2452 1766 2628 1826 quem
2675 1747 2748 1810 ad
2794 1767 2917 1809 mo-

325 1852 471 1913 dum
517 1862 578 1913 et
620 1851 923 1921 tribubuS,
983 1870 1119 1914 cum
1175 1853 1328 1913 ratio
1391 1853 1656 1930 exigeret
1699 1860 1763 1912 ut
1807 1851 2141 1913 diceremus
2187 1850 2467 1925 tabibus,
2518 1852 2737 1931 quippe
2783 1870 2918 1913 cum

245 1970 299 2008 1⁵
326 1953 488 2016 nulla
535 1973 710 2016 causa
754 1962 912 2015 esset
954 1953 1341 2015 discretionis,
2004 2028 2007 2031 Ἴ

499 2056 653 2117 Ecce
710 2055 874 2117 dedit
926 2055 1098 2117 nobis
1151 2056 1444 2134 regulam,
1504 2055 1577 2116 de
1631 2055 1883 2118 ablativo
1952 2056 2241 2135 singulari
2298 2075 2475 2136 quem
2532 2056 2607 2117 ad
2672 2056 2915 2118 modum
2941 2062 3061 2125 434,
3088 2062 3152 2111 31

326 2160 616 2221 faciamus
671 2159 972 2236 genetivus
1024 2157 1286 2238 plurales
1348 2165 1406 2218 et
1460 2157 1683 2219 dativos
1741 2166 1800 2219 et
1842 2156 2143 2220 ablativos.
2235 2158 2375 2238 quid
2421 2160 2471 2219 si
2515 2160 2635 2219 sint
2679 2161 2919 2220 nomina

328 2270 558 2324 tantum
604 2258 890 2340 pluralia?
946 2261 1086 2341 quid
1131 2262 1346 2321 facturi
1388 2262 1626 2322 sumus?
1684 2260 1968 2341 numquid
2012 2279 2256 2341 possum
2302 2261 2502 2322 dicere
2548 2261 2622 2321 de
2668 2261 2920 2322 ablativo

329 2363 621 2443 singulari
673 2361 907 2441 regulas
963 2381 1059 2423 me
1112 2381 1382 2433 sumere,
1428 2370 1496 2424 ut
1539 2365 1751 2433 sciam,
1811 2381 1987 2441 quem
2032 2362 2106 2424 ad
2149 2362 2390 2424 modum
2435 2364 2647 2424 faciam
2692 2365 2919 2442 geneti-

247 2480 465 2527 20vum
514 2474 575 2526 et
619 2465 876 2525 dativum
923 2473 980 2526 et
1024 2463 1341 2526 ablativum
1385 2463 1704 2544 pluralem,
1754 2484 1888 2526 cum
1934 2468 2063 2546 ipse
2108 2464 2424 2543 singularis
2468 2484 2754 2527 numerus
2797 2484 2916 2526 non

328 2570 440 2630 sit?
508 2574 570 2628 et
625 2566 808 2627 multa
863 2569 1103 2628 nomina
1166 2575 1390 2629 tantum
1450 2569 1683 2630 numeri
1739 2567 1986 2648 pluralis
2051 2575 2217 2642 sunt,
2276 2566 2564 2629 kalendae
2619 2566 2919 2630 nundinae

293 2670 535 2731 leriae.
627 2687 769 2730 ecce
813 2669 924 2730 ista
969 2671 1165 2731 omnia
1211 2688 1388 2750 quem
1446 2669 1518 2732 ad
1563 2670 1807 2731 modum
1865 2669 2171 2750 halbemus
2215 2669 2553 2732 declinare?
2618 2672 2697 2732 ita
2742 2670 2923 2731 decli·
2982 2698 2985 2703 ·

329 2772 575 2835 n‘amus:
636 2772 792 2850 finge
846 2770 1288 2834 similitudinem
1345 2770 1785 2844 declinationis»,
1834 2775 2003 2853 quasi
2046 2771 2262 2835 habeat
2305 2792 2618 2836 numerum
2663 2772 2920 2853 singula-

329 2894 491 2946 rem,
542 2883 603 2936 et
644 2872 970 2936 secundum
1018 2876 1313 2937 fictionem
1357 2877 1540 2955 ipsius
1585 2875 1986 2937 similitudinis
2016 2875 2247 2938 declina
2278 2878 2454 2938 etiam
2499 2894 2718 2938 nomen
2764 2875 2921 2956 quod

246 2992 453 3039 25non
511 2975 691 3039 habet
746 2995 1058 3038 numerum
1115 2977 1493 3056 singularem.
1584 2985 1648 3038 ut
1699 2984 1841 3058 puta
1898 2977 2045 3038 haec
2100 2979 2267 3040 Musa
2320 2978 2495 3041 huius
2537 2979 2740 3040 Musae
2787 2978 2925 3040 huic

327 3081 570 3142 Musae:
617 3080 1009 3141 nominativus
1054 3077 1300 3159 pluralis
1344 3082 1404 3140 in
1437 3079 1578 3156 quid
1625 3081 1779 3140 exit?
1823 3082 1884 3140 in
1931 3098 1999 3140 ae
2044 3079 2473 3160 diphthongon.
2543 3082 2702 3142 unde
2733 3083 2925 3142 oritur

331 3201 402 3243 ae
448 3180 881 3262 diphthongos?
925 3181 998 3244 ab
1044 3180 1299 3243 ablativo
1341 3200 1374 3242 a
1419 3183 1754 3243 terminato.
1846 3188 1907 3242 et
1949 3179 2238 3244 ablativus
2282 3181 2598 3262 singularis
2642 3203 2673 3244 a
2719 3185 2927 3244 termi-

331 3293 511 3347 natus
557 3303 677 3365 quo
720 3283 899 3345 modo
943 3285 1084 3345 facit
1127 3281 1398 3363 regulas?
1442 3285 1783 3362 genetivum
1826 3286 1888 3346 in
1935 3303 2065 3345 rum
2111 3286 2304 3356 mittit,
2353 3285 2615 3347 dativum
2662 3295 2721 3347 et
2766 3286 2923 3347 abla-

329 3390 516 3448 tivum
563 3389 627 3447 in
670 3389 742 3447 is.
818 3404 960 3464 ergo
1006 3404 1141 3448 cum
1185 3387 1487 3447 inveneris
1530 3404 1750 3448 nomen
1795 3388 2030 3449 numeri
2073 3395 2303 3449 tantum
2348 3387 2592 3468 pluralis
2638 3408 2707 3449 ae
2752 3388 2923 3468 diph-

248 3506 304 3545 ao
332 3490 561 3569 thongo
607 3489 985 3549 terminatum
1030 3490 1091 3550 in
1138 3490 1497 3550 nominativo
1539 3489 1783 3569 plurali,
1831 3492 1909 3550 ita
1955 3488 2140 3550 habes
2184 3489 2484 3552 declinare
2528 3491 2643 3552 hoe
2688 3509 2924 3559 nomen,

331 3610 514 3673 quem
561 3589 635 3650 ad
681 3590 921 3652 modum
967 3589 1113 3652 illud
1158 3610 1376 3653 nomen
1423 3591 1582 3670 quod
1627 3611 1696 3652 ae
1741 3591 2110 3671 diphthongo
2153 3594 2506 3655 terminatur
2551 3595 2612 3654 in
2659 3595 2928 3655 nomina·

332 3697 453 3756 tivo
498 3691 716 3774 plurali
762 3700 822 3754 et
865 3692 1043 3755 habet
1086 3712 1403 3755 numerum
1462 3692 1841 3772 singularem.
1930 3701 1997 3754 ut
2049 3704 2190 3774 puta
2245 3696 2462 3758 feriae:
2539 3695 2652 3757 hoc
2708 3714 2927 3757 nomen

330 3797 574 3858 numeri
630 3801 720 3855 est
773 3804 1001 3857 tantum
1056 3795 1334 3876 pluralis,
1405 3797 1516 3858 hae
1581 3797 1767 3858 feriae
1834 3797 2045 3857 harum
2101 3797 2386 3859 feriarum
2444 3797 2537 3859 his
2593 3807 2651 3859 et
2706 3798 2779 3860 ab
2835 3799 2929 3859 his

330 3900 523 3960 seriis.
618 3914 763 3976 ergo
807 3897 920 3960 hoc
966 3916 1186 3959 nomen
1233 3918 1352 3959 non
1399 3905 1485 3960 est
1526 3899 1789 3969 rationis,
1837 3900 1973 3979 quia
2018 3918 2138 3960 non
2186 3907 2275 3961 est
2317 3901 2551 3963 numeri
2593 3899 2927 3978 singularis

252 4001 446 4063 aased
493 4001 776 4079 quoniam
831 4000 1086 4062 diximus
1115 4019 1458 4082 ‘numerum
1501 4001 1680 4062 istum
1726 4000 2018 4081 pluralem
2065 4003 2125 4062 in
2171 4020 2241 4063 ae
2286 4002 2696 4082 diphthongon
2744 4003 2925 4071 exire,

333 4104 553 4178 feriae,
614 4104 694 4165 ita
751 4103 890 4173 erit,
948 4120 1127 4181 quem
1184 4103 1257 4164 ad
1313 4103 1556 4165 modum
1610 4105 1813 4166 Musae
1867 4103 2081 4166 harum
2134 4105 2436 4168 Musarum
2479 4106 2573 4166 his
2618 4114 2677 4167 et
2720 4104 2795 4166 ab
2840 4104 2930 4164 his

332 4207 548 4274 Musis;
610 4207 698 4266 sic
754 4205 1006 4265 dicimus
1062 4205 1174 4266 hae
1231 4207 1414 4268 feriae
1471 4206 1683 4268 harum
1738 4207 2024 4268 feriarum
2081 4205 2176 4267 his
2232 4216 2292 4268 et
2346 4206 2420 4267 ab
2476 4208 2569 4268 his
2625 4208 2824 4277 seriis,
2873 4214 2931 4264 et

333 4307 614 4371 similiter
656 4308 718 4367 in
765 4305 914 4368 aliis.
1006 4314 1142 4386 puta
1188 4326 1419 4370 manes:
1476 4327 1727 4370 numero
1784 4309 2069 4388 singulari
2124 4326 2301 4369 nemo
2356 4309 2497 4370 dicit
2541 4307 2638 4369 hic
2685 4305 2692 4387 Ι
2740 4309 2932 4368 manis

479 4547 514 4599 3
553 4547 850 4596 necessaria
897 4554 975 4597 est
1013 4554 1061 4596 et
1101 4555 1310 4613 propter
1350 4548 1398 4597 A
1538 4545 1571 4596 9
1608 4548 1847 4598 discretio
1884 4548 1997 4597 siue
2026 4547 2139 4598 AG
2274 4548 2333 4599 11
2384 4545 2508 4613 ipsi]
2561 4548 2719 4611 Very.
2753 4562 2929 4613 aeory.

340 4618 404 4667 m
447 4616 555 4678 376
704 4616 767 4666 12
811 4614 998 4683 dicere]
1042 4617 1218 4668 facere,
1244 4618 1295 4667 B
1434 4626 1626 4667 tantum
1675 4617 1825 4667 modo
1863 4625 1916 4667 nt
1955 4632 2262 4683 usurpamus
2302 4618 2409 4669 BG
2546 4616 2612 4668 18
2657 4632 2932 4683 possumus

323 4689 509 4738 'dicere
549 4686 648 4736 Ba
703 4700 909 4751 possum
950 4728 961 4740 .
987 4727 998 4738 .
1040 4687 1208 4737 (licere
1256 4686 1305 4735 A
1482 4688 1546 4738 21
1597 4699 1714 4738 sunt
1758 4702 1851 4741 om.
1883 4686 2049 4738 ABG
2220 4688 2289 4738 26
2324 4688 2459 4738 unde
2488 4716 2555 4724 —
2595 4703 2625 4736 a
2662 4689 2930 4737 terminato

334 4775 429 4811 om.
467 4758 550 4816 B,
589 4757 718 4807 add.
752 4756 782 4804 b
921 4758 987 4806 27
1029 4772 1087 4807 ae
1124 4757 1284 4822 (corr.
1328 4756 1452 4806 haec
1488 4759 1545 4818 α)
1595 4758 1885 4822 ‹lyptougos
1925 4758 1975 4807 A
2010 4755 2135 4806 haec
2172 4757 2518 4825 diphthongos
2555 4758 2634 4808 Cb
2742 4751 2841 4809 ⁸31
2882 4761 2933 4808 in

337 4827 659 4877 nominatiuo
694 4825 873 4890 plurali
909 4827 1047 4876 BCa
1086 4829 1134 4876 iu
1179 4842 1382 4877 numero
1420 4825 1600 4893 plurali
1639 4827 1687 4876 Α

2402 4912 2527 4976 13*
