3541 5564
586 370 712 435 408
805 318 814 327 ³
1717 368 2011 431 PHOCAE

588 557 1026 646 antiquiorum
1103 556 1670 641 grammaticorum
1743 552 1950 635 locos,
2034 553 2418 639 quibuscum
2501 553 2783 617 maxime
2856 562 3168 639 excerpta

588 661 845 725 Phoeae
889 658 1331 740 consentiunt,
1378 656 1673 722 subiecta
1701 654 2123 721 adnotatione
2163 654 2472 721 indicavi.
2533 675 2929 742 quamquam
2970 652 3166 719 facile

588 764 814 848 augeri
858 761 1058 826 index
1099 759 1384 826 locorum
1429 759 1661 845 potuit.
3249 745 3261 755 ’

757 864 1015 929 Primus
1058 862 1315 931 Phocae
1358 862 1755 925 mentionem
1798 860 1958 925 fecit
1985 860 2361 925 Priscianus
2407 857 2448 922 l.
2482 857 2548 922 X
2594 881 2657 944 p.
2689 858 2837 940 515,
2888 858 2965 921 16
3008 863 3165 922 cudo

588 973 914 1033 secundum
958 971 1282 1031 Diomeden
1327 977 1386 1029 et
1431 969 1768 1027 Charisium
1813 975 1872 1027 et
1926 968 2189 1027 Phocum
2233 970 2391 1040 cusi,
2438 968 2763 1025 secundum
2806 966 2960 1023 alios
3001 965 3163 1024 cudi.

590 1090 981 1157 quamquam
1025 1066 1187 1133 haec
1231 1089 1361 1132 non
1407 1066 1617 1150 magis
1663 1087 1810 1129 cum
1854 1064 1934 1129 iis
1966 1086 2133 1150 quae
2175 1065 2241 1128 in
2270 1064 2524 1128 Phocae
2568 1062 2899 1128 codicibus
2943 1059 3165 1146 legun-

592 1184 697 1237 tur
742 1193 806 1257 p.
856 1170 1019 1235 1715
1073 1190 1265 1256 quam
1312 1191 1459 1233 cum
1504 1167 1803 1232 Charisio
1849 1190 1913 1254 p.
1958 1166 2112 1248 246,
2159 1168 2201 1230 5
2255 1166 2702 1246 consentiunt,
2748 1162 2920 1249 quod
2967 1167 3166 1227 errori

592 1272 912 1338 Prisciani
958 1271 1219 1337 videtur
1261 1270 1682 1335 tribuendum
1729 1290 1893 1333 esse.
1983 1278 2132 1355 post
2177 1267 2583 1332 Priscianum
2627 1265 2865 1330 librum
2910 1263 3168 1329 Phocae

589 1375 935 1462 usurpavit
993 1372 1462 1454 Cassiodorus,
1520 1372 1628 1458 qui
1684 1394 1818 1436 non
1874 1368 2083 1434 solum
2138 1392 2368 1434 nomen
2429 1370 2567 1433 eius
2622 1370 2840 1454 posuit
2896 1368 3025 1449 bis,
3086 1370 3167 1430 de

593 1490 715 1543 art.
762 1499 1034 1563 gramm.
1080 1498 1144 1562 p.
1191 1474 1354 1539 2321
1404 1475 1457 1537 Ρ
1510 1479 1618 1537 sed
1670 1479 1938 1552 quamvis
1981 1485 2259 1537 auctores
2301 1485 2630 1551 temporum
2673 1476 3048 1551 superiorum
3094 1475 3170 1533 de

592 1593 726 1644 arte
763 1586 1168 1658 yrammatica
1214 1583 1428 1641 ordine
1468 1575 1705 1641 diverso
1749 1582 2146 1639 tractaverint
2188 1582 2429 1653 suisque
2469 1580 2727 1637 saeculis
2768 1577 3016 1636 lionoris
3057 1577 3162 1634 de-

591 1705 697 1747 cus
739 1687 1090 1761 habuerint,
1150 1692 1214 1744 ut
1256 1684 1585 1743 Palaemon
1647 1683 1886 1742 Pleocas
1940 1682 2170 1741 Probus
2222 1689 2279 1740 et
2326 1682 2710 1753 Censorinus,
2759 1680 2926 1739 nobis
2968 1686 3165 1738 tamen

589 1792 792 1865 placet
837 1790 902 1847 in
946 1788 1202 1846 medium
1249 1786 1550 1844 Donatum
1594 1786 1921 1859 deducere,
1978 1790 2043 1843 et
2089 1777 2168 1843 de
2213 1779 2420 1842 instit.
2468 1776 2668 1843 divin.
2714 1777 2938 1862 script.
2984 1799 3040 1840 c.
3085 1776 3170 1839 30

593 1910 656 1973 p.
702 1886 826 1950 478
873 1885 972 1948 ed.
1023 1884 1274 1948 Genev.
1319 1904 1377 1947 a.
1418 1883 1578 1946 1656
1624 1888 2067 1963 orthographos
2110 1888 2389 1960 antiquos
2429 1885 2666 1958 leyant,
2729 1885 2957 1945 Veliam
3001 1883 3170 1942 Lon-

587 2009 763 2068 yum,
814 1993 1083 2051 Curtium
1139 1991 1563 2063 Valerianum,
1625 1990 2024 2068 Papirianum
2037 2032 2055 2066 ,
2113 1989 2538 2048 Adamantium
2595 1987 2960 2063 Martyrium
3015 1987 3092 2045 de
3134 2004 3169 2044 v

592 2103 649 2156 et
693 2096 759 2173 b,
805 2094 1064 2154 eiusdem
1110 2094 1187 2151 de
1235 2093 1451 2167 primis
1493 2093 1704 2152 mediis
1746 2097 1929 2166 atque
1973 2092 2197 2151 ultimis
2238 2090 2484 2167 syllabis
2503 2134 2522 2163 ,
2571 2088 2833 2148 eiusdem
2878 2089 2954 2146 de
2995 2088 3030 2146 b
3073 2089 3167 2147 lit-

593 2209 721 2257 tera
766 2195 1083 2268 trifariam
1128 2197 1189 2255 in
1235 2212 1417 2255 unum
1455 2196 1658 2270 posita
1701 2201 1759 2253 et
1802 2194 2096 2254 Euticlzen
2143 2194 2218 2251 de
2256 2193 2645 2268 aspiratione,
2692 2193 2799 2250 sed
2839 2198 2896 2249 et
2938 2191 3167 2250 Focum

592 2303 667 2360 de
712 2300 1061 2375 differentia
1111 2299 1385 2374 yeneris,
1445 2313 1591 2372 quos
1633 2313 1744 2371 eqo
1790 2303 2077 2371 quantum
2121 2296 2302 2371 potui
2350 2295 2616 2353 studiosa
2658 2295 3003 2354 curiositate
3043 2294 3167 2352 col-

588 2405 736 2477 leqi,
796 2396 913 2461 sed
967 2395 1163 2460 etiam
1219 2394 1558 2481 prologum
1603 2394 1744 2458 eius
1791 2394 1860 2457 in
1903 2392 2140 2458 librum
2183 2391 2264 2457 de
2310 2391 2771 2477 orthographia
2813 2390 3168 2473 transtulit,

592 2524 656 2586 p.
700 2499 867 2564 2279
912 2498 965 2560 Ρ
1018 2503 1127 2561 sed
1179 2509 1495 2576 antequam
1542 2519 1691 2576 opus
1746 2501 2222 2576 ortlioqrapliiae
2272 2500 2562 2560 inchoare
2602 2484 2944 2573 uideamur,
2983 2514 3168 2574 prae-

453 2588 462 2595 ’
585 2606 881 2679 sationem
948 2605 1191 2664 Phoe-ae
1267 2605 1621 2679 artiyraplei
1686 2606 1948 2679 exempli
2015 2619 2203 2663 causa
2269 2603 2666 2663 iudicavimus
2718 2601 3168 2678 adponendam,

594 2710 874 2782 quoniam
918 2714 1135 2767 cuncto
1180 2709 1353 2784 operi
1391 2712 1614 2779 nostra,
1663 2709 1838 2780 quasi
1878 2723 1918 2764 a
1961 2707 2128 2765 nobis
2163 2706 2412 2781 prolata
2455 2706 2558 2778 sit,
2608 2706 2692 2762 ita
2739 2705 3007 2764 omnibus
3048 2721 3169 2763 mo-

594 2814 689 2871 dis
743 2813 980 2871 videtur
1033 2812 1452 2883 accommoda,
1514 2826 1619 2868 ars
1672 2826 1806 2870 mea
1861 2814 1979 2869 etc.
2040 2802 2276 2868 deinde
2319 2800 2704 2867 Aldhelmus
2760 2802 2830 2865 in
2870 2801 3039 2868 libro
3085 2799 3169 2864 de

593 2932 664 2974 re
723 2908 1152 2995 grammatica
1211 2917 1276 2971 et
1330 2906 1600 2971 metrica
1655 2928 1696 2970 a
1745 2906 1922 2972 Maio
1977 2903 2166 2970 class.
2223 2916 2393 2971 auct.
2450 2904 2579 2970 vol.
2625 2904 2687 2969 V
2746 2928 2808 2991 p.
2855 2906 2979 2970 501
3026 2927 3168 2991 sqq.

594 3011 769 3077 edito
815 3023 915 3078 ter
959 3009 1322 3075 nominavit
1366 3009 1650 3073 Phocam
1697 3031 1759 3094 p.
1800 3009 1957 3091 520,
2001 3008 2147 3080 533,
2193 3008 2339 3078 583.
2387 3019 2523 3072 tum
2556 3006 2871 3072 Alcuinus
2914 3007 2983 3070 in
3026 3028 3169 3072 ver-

593 3114 772 3180 sibus
830 3113 911 3178 de
968 3110 1368 3177 bibliotheca
1422 3109 1829 3176 Eboracensi
1885 3108 2014 3175 vol.
2070 3108 2104 3172 1
2158 3109 2369 3196 praef.
2424 3133 2488 3196 p.
2544 3109 2793 3175 XXIII
2857 3109 3169 3176 exhibitis

593 3238 740 3281 cum
798 3213 942 3278 aliis
994 3213 1437 3298 grammaticis
1492 3212 1682 3277 huius
1738 3233 1996 3298 quoque
2062 3234 2296 3276 nomen
2347 3211 2587 3297 posuit.
2673 3221 2900 3297 postea
2955 3223 3173 3278 autem

593 3340 789 3405 quam
848 3315 1193 3402 diligenter
1245 3316 1507 3380 Phocae
1566 3313 1732 3380 liber
1785 3337 1826 3379 a
1876 3309 2323 3400 grammaticis
2367 3323 2689 3379 tractatus
2733 3314 2844 3398 sit,
2891 3325 2957 3380 et
2999 3315 3172 3381 codi-

592 3443 738 3485 cum
780 3418 934 3485 inde
993 3419 1077 3484 ab
1122 3416 1235 3482 illa
1279 3427 1496 3483 aetate
1553 3418 1945 3504 scriptorum
1987 3414 2339 3481 multitudo
2384 3427 2451 3482 et
2493 3417 2856 3505 scripturae
2900 3416 3171 3484 diversi—

591 3533 693 3588 tas
739 3530 1035 3587 testatur.
1123 3531 1449 3608 postremo
1506 3518 2157 3607 praetermittendum
2202 3541 2329 3585 non
2374 3528 2475 3584 est
2516 3519 2807 3585 eiusdem
2850 3542 3171 3606 gramma·

592 3625 708 3691 tici
763 3625 1024 3690 nomine
1078 3623 1460 3728 inscriptam
1515 3632 1739 3688 extare
1794 3623 2000 3688 vitam
2055 3621 2332 3706 Vergilii
2383 3623 2684 3689 versibus
2741 3624 3166 3710 conpositam,

591 3750 785 3812 quam
832 3725 1125 3811 Scaliger
1167 3701 1354 3811 Virg.
1401 3748 1549 3811 app.
1598 3748 1663 3811 p.
1715 3723 1836 3788 135
1894 3723 2025 3809 (ed.
2069 3723 2284 3810 Lugd.
2341 3747 2402 3788 a.
2452 3725 2640 3808 1595)
2688 3724 2897 3790 edidit
2937 3725 3030 3791 ita
3072 3728 3165 3790 in-

592 3831 938 3915 scriptam,
986 3828 1097 3892 P.
1127 3826 1390 3912 Virgilii
1418 3825 1707 3892 Maronis
1753 3827 1895 3891 vita
1937 3849 1978 3890 a
2006 3826 2184 3891 Foca
2226 3826 2651 3911 grammatico
2694 3827 2877 3893 urbis
2922 3828 3167 3894 Romae

591 3930 889 3998 versibus
946 3931 1182 3995 edita'.
1269 3951 1421 3992 nam
1475 3929 1559 3995 ab
1616 3927 1847 3994 eodem
1901 3926 2200 4010 homine,
2255 3929 2369 4016 qui
2422 3939 2629 3995 artem
2672 3931 3169 4015 grammaticam

591 4034 884 4122 scripsit,
930 4034 1136 4100 vitam
1166 4029 1445 4115 Vergilii
1475 4031 1786 4117 scriptam
1816 4053 1958 4096 esse
2003 4040 2069 4095 et
2111 4053 2227 4117 per
2271 4053 2340 4095 se
2383 4032 2725 4119 probabile
2769 4042 2869 4098 est
2912 4044 2978 4099 et
3019 4056 3167 4099 con-

592 4139 891 4204 firmatur
929 4125 1016 4201 'iis
1062 4157 1228 4222 quae
1274 4143 1501 4199 contra
1544 4134 1996 4219 adrogantiam
2029 4133 2428 4199 Graecorum
2475 4134 2813 4221 disputata
2857 4146 3009 4201 sunt
3049 4137 3168 4202 vit.

588 4240 790 4325 Verg.
839 4264 904 4304 v.
949 4241 991 4304 3
1036 4261 1179 4325 sqq.
1227 4248 1294 4303 et
1336 4247 1459 4302 art.
1487 4259 1791 4322 gramm.
1835 4261 1900 4324 p.
1950 4238 2134 4302 1722.
2181 4236 2264 4302 de
2306 4247 2519 4304 aetate
2565 4248 2783 4303 autem
2827 4238 3168 4325 scriptoris

589 4366 670 4408 ne
725 4344 886 4408 haec
940 4339 1200 4428 quidem
1255 4362 1421 4427 quae
1479 4341 1558 4405 de
1615 4339 1756 4405 vita
1810 4338 2089 4424 Vergilii
2156 4344 2448 4406 narravit
2500 4343 2777 4406 certiora
2832 4340 3169 4408 continent

590 4445 868 4527 indicia,
913 4466 1109 4530 quam
1150 4442 1314 4508 illud
1357 4441 1535 4530 quod
1572 4440 2144 4508 Reifferscheidius
2191 4442 2368 4509 Suet.
2415 4443 2529 4509 rel.
2575 4466 2639 4530 p.
2669 4443 2795 4509 403
2837 4445 3167 4531 probavit,

590 4557 743 4633 post
797 4546 1131 4612 Donatum
1185 4568 1264 4610 ea
1316 4567 1461 4610 esse
1515 4544 1906 4632 conscripta.
1994 4544 2167 4610 unde
2224 4547 2515 4633 sequitur
2570 4547 2740 4610 inter
2795 4545 3047 4611 Donati
3102 4555 3169 4610 et

594 4649 917 4715 Prisciani
959 4660 1254 4737 tempora
1297 4657 1577 4713 aetatem
1620 4646 1879 4713 Phocae
1924 4670 2066 4714 esse
2111 4647 2571 4714 collocandam.

764 4753 914 4817 Arti
971 4751 1051 4816 de
1110 4750 1367 4816 nomine
1425 4760 1490 4815 et
1544 4750 1748 4816 verbo
1804 4749 2015 4815 adieci
2069 4749 2364 4816 libellum
2417 4751 2498 4816 de
2555 4751 2988 4837 aspiratione,
3053 4748 3165 4838 qui

594 4853 822 4920 eodem
875 4854 1140 4919 nomine
1194 4854 1545 4940 inscriptus
1601 4853 1844 4933 fertur,
1899 4853 2197 4939 quamvis
2253 4851 2425 4919 hunc
2479 4875 2609 4918 non
2664 4876 2807 4919 esse
2862 4876 2903 4918 a
2944 4852 3167 4919 Phoca
