3541 5564
591 331 718 393 570
1453 331 1549 431 1)ξῖ
1597 331 1844 392 DVBIIS
1889 329 2303 392 NOMINIBVS

591 539 755 603 quae
808 513 1046 579 nullius
1103 515 1298 601 pretii
1354 515 1762 579 aestimanda
1819 524 2002 595 sunt,
2062 512 2377 599 conplura
2427 533 2594 597 quae
2635 532 2755 574 nec
2798 509 3040 575 tradita
3081 510 3167 575 ab

591 615 734 681 aliis
781 627 846 682 et
886 615 1062 681 haud
1109 616 1304 681 dubie
1349 616 1433 680 ab
1479 616 1844 701 antiquiore
1889 625 2154 681 auctore
2197 614 2404 702 petita
2447 623 2598 678 sunt
2641 612 2931 678 exhibet.

759 720 898 783 Iam
952 741 1109 783 vero
1165 716 1246 780 de
1303 727 1566 782 auctore
1624 740 1663 781 a
1716 741 1844 802 quo
1903 717 2182 803 scriptor
2236 716 2354 780 has
2400 714 2809 799 antiquitatis
2855 713 3167 800 reliquias

589 821 841 907 accepit
884 822 1007 885 etsi
1053 819 1210 883 nihil
1257 828 1432 883 certo
1477 819 1848 883 confirmari
1893 829 2139 905 potest,
2196 828 2414 886 tamen
2458 817 2827 903 conparatis
2874 817 2954 880 iis
3000 838 3168 901 quae

589 946 629 986 a
682 922 949 1008 reliquis
1013 920 1457 1005 grammaticis
1502 920 1746 985 tradita
1801 931 1954 985 sunt
1997 919 2245 987 nullum
2298 928 2455 1006 puto
2500 918 2779 983 inveniri
2824 939 3030 1000 posse,
3080 918 3167 980 ad

588 1046 777 1110 quem
822 1023 1040 1109 potius
1098 1022 1211 1086 illa
1268 1022 1633 1086 referantur
1689 1046 1883 1109 quam
1928 1023 2245 1108 Caprum,
2309 1022 2413 1085 cui
2458 1020 2745 1106 plurima
2788 1041 2952 1105 quae
2995 1041 3167 1082 nunc

588 1126 761 1211 apud
806 1124 1261 1210 grammaticos
1309 1123 1390 1187 de
1422 1123 1638 1188 dubiis
1683 1124 2013 1189 nominum
2057 1122 2405 1208 generibus
2452 1121 2697 1208 scripta
2738 1120 3009 1204 legimus
3058 1121 3165 1184 de·

587 1228 727 1291 beri
791 1226 966 1290 haud
1031 1225 1445 1311 inprobabile
1510 1237 1629 1290 est.
1718 1249 1871 1290 nam
1925 1227 1992 1289 in
2046 1219 2371 1311 excerptis
2431 1222 2579 1288 Iulii
2647 1222 2922 1287 Romani
2950 1221 3167 1307 .apud

589 1328 992 1408 Charisium',
1051 1327 1118 1389 in
1172 1326 1493 1391 Prisciani
1551 1327 1768 1408 libris,
1826 1327 1893 1390 in
1961 1326 2157 1392 Nonii
2212 1326 2423 1411 capite
2478 1325 2674 1390 tertio
2720 1324 2893 1412 quod
2939 1333 3041 1388 est
3084 1324 3170 1420 (lq

590 1429 960 1493 indiscretis
1005 1429 1387 1513 generibuS,
1433 1431 1498 1492 in
1543 1428 1882 1494 catholicis
1928 1428 2160 1510 Probi,
2216 1429 2285 1491 in
2330 1428 2544 1492 Servii
2589 1430 3054 1493 commentario
3098 1425 3165 1487 in

586 1529 988 1614 Vergilium,
1037 1530 1312 1616 denique
1354 1531 1422 1593 in
1469 1530 1667 1616 Capri
1713 1530 1879 1594 libro
1926 1530 2005 1595 de
2052 1529 2516 1614 orthographia
2558 1530 2669 1615 qui
2713 1527 2911 1613 vulgo
2956 1528 3169 1592 fertur

585 1630 791 1695 multa
833 1630 1137 1716 leguntur
1180 1633 1476 1712 nomina,
1532 1655 1696 1717 quae
1739 1632 1979 1720 partim
2021 1631 2253 1697 iisdem
2299 1630 2614 1718 exemplis
2660 1631 2974 1716 adpositis
3018 1651 3165 1716 par-

587 1732 703 1796 tim
748 1732 1116 1797 substitutis
1161 1732 1308 1798 aliis
1354 1734 1421 1798 in
1463 1734 1635 1798 hunc
1680 1757 1938 1821 quoque
1982 1733 2222 1798 librum
2265 1743 2529 1819 recepta
2572 1740 2744 1796 sunt.
2790 1754 2989 1818 quare
3033 1753 3165 1816 quo

589 1835 827 1898 certius
874 1833 953 1898 de
1000 1834 1107 1898 illo
1138 1857 1453 1900 consensu
1497 1846 1831 1901 constaret
1874 1846 1939 1900 et
1983 1836 2066 1900 de
2110 1835 2434 1901 communi
2480 1836 2659 1899 fonte
2702 1833 2976 1898 iudicari
3019 1855 3168 1918 pos-

587 1945 717 2020 set,
770 1935 945 2001 locos
1002 1937 1573 2021 grammaticorum
1627 1960 1787 2023 quos
1848 1937 1987 2002 dixi
2051 1936 2347 2001 subiecta
2389 1935 2808 2001 adnotatione
2849 1933 3164 1999 indicavi.

584 2060 974 2123 quamquam
1017 2036 1209 2101 facile
1252 2038 1444 2124 plura
1486 2039 1806 2120 adscribi,
1853 2062 1983 2103 non
2012 2038 2193 2102 nulla
2222 2039 2420 2103 etiam
2451 2060 2614 2122 quae
2645 2036 2835 2123 posui
2879 2039 3166 2101 fortasse

584 2138 826 2203 rectius
884 2139 1094 2204 omitti
1152 2140 1443 2225 potuisse
1500 2142 1649 2204 sci0.
1738 2163 1823 2205 ex
1876 2139 2003 2204 illis
2048 2141 2252 2224 igitur
2292 2139 2736 2224 grammaticis
2782 2137 2987 2202 Iulius
3033 2137 3163 2201 Ro·

581 2261 810 2304 manus
856 2240 1116 2327 saepius
1148 2241 1434 2328 Caprum
1479 2243 1790 2308 nominat.
1850 2242 2225 2306 Priscianus
2256 2251 2476 2306 autem
2505 2263 2583 2306 ea
2625 2263 2791 2327 quae
2838 2240 2905 2304 in
2934 2239 3163 2326 quinto

583 2341 747 2406 libro
795 2341 876 2406 de
919 2342 1268 2427 generibus
1313 2342 1646 2408 nominum
1691 2344 1950 2430 scripsit
1992 2344 2168 2429 apud
2215 2343 2501 2430 Caprum
2547 2354 2612 2409 et
2656 2343 2831 2428 apud
2874 2341 3165 2405 Probum

586 2441 667 2507 de
733 2442 951 2507 dubiis
1016 2443 1365 2528 generibus
1422 2445 1703 2510 inveniri
1756 2447 1852 2510 ait
1907 2469 1972 2532 p.
2022 2446 2175 2526 171,
2225 2445 2335 2526 14,
2404 2444 2795 2528 cosdemque
2860 2453 3164 2508 auctores

582 2543 778 2608 etiam
831 2545 898 2608 in
965 2543 1228 2630 reliquis
1284 2543 1470 2610 libris
1526 2547 1785 2633 saepius
1843 2545 2161 2634 appellat,
2220 2569 2386 2634 quae
2442 2547 2703 2612 videtur
2748 2566 2949 2609 causa
2991 2566 3163 2626 esse,

581 2668 696 2708 cur
738 2645 1049 2731 conplura
1093 2669 1259 2733 quae
1302 2646 1480 2733 apud
1523 2670 1671 2711 eum
1716 2648 1962 2734 scripta
2006 2659 2156 2714 sunt
2198 2671 2346 2713 eum
2390 2646 2725 2713 catholicis
2771 2647 2969 2711 Probi
3013 2668 3166 2710 con-

581 2747 882 2812 sentiant.
972 2747 1258 2813 Nonium
1311 2771 1568 2836 quoque
1622 2759 1889 2838 propter
1946 2751 2082 2816 eius
2139 2772 2284 2817 cum
2340 2750 2676 2816 Prisciano
2737 2759 2801 2814 et
2855 2746 3160 2813 Charisio

580 2871 963 2913 consensum
996 2849 1213 2936 Capro
1244 2873 1432 2914 usum
1472 2874 1614 2915 esse
1657 2865 1815 2939 puto
1828 2900 1846 2933 ,
1892 2875 2281 2940 quamquam
2313 2851 2623 2917 Hertzius
2669 2850 2885 2916 annal.
2930 2848 3159 2936 philol.

577 2973 729 3015 nov.
773 2973 832 3014 a.
882 2951 1046 3016 1862
1089 2974 1151 3037 p.
1201 2952 1322 3016 786
1378 2975 1507 3018 non
1561 2953 1734 3018 hunc
1788 2955 2034 3040 ipsum,
2085 2954 2200 3018 sed
2245 2954 2529 3018 Probum
2575 2977 2616 3019 a
2659 2955 2873 3039 Capro
2927 2961 3163 3038 postea

579 3054 977 3138 exscriptum
1034 3053 1172 3116 eius
1229 3064 1556 3119 auctorem
1609 3056 1817 3120 fuisse
1871 3054 2099 3120 voluit.
2190 3057 2305 3120 sed
2350 3076 2517 3141 quae
2562 3055 2646 3119 ad
2693 3055 2859 3118 hanc
2904 3062 3159 3118 senten-

577 3154 737 3218 tiam
783 3154 1286 3218 confirmandam
1332 3155 1553 3220 attulit
1595 3157 1678 3221 ab
1723 3157 1805 3222 iis
1838 3180 2003 3244 quae
2048 3157 2129 3221 de
2162 3158 2378 3243 Capro
2422 3154 2670 3221 tradita
2711 3166 2865 3220 sunt
2909 3155 3157 3219 dissen-

578 3255 806 3319 tientia
860 3253 1036 3319 haud
1092 3258 1224 3321 scio
1279 3279 1363 3320 an
1418 3258 1657 3322 rectius
1716 3259 2187 3344 posterioribus
2245 3258 2685 3342 grammaticis
2698 3305 2715 3339 ,
2775 3258 2884 3344 qui
2941 3258 3156 3323 minus

578 3367 878 3421 accurate
935 3356 1110 3422 illius
1167 3359 1527 3424 doctrinam
1573 3361 2031 3447 sequebantur,
2077 3384 2272 3446 quam
2318 3360 2532 3446 Capro
2577 3359 2784 3424 multa
2826 3382 2909 3423 ex
2951 3360 3157 3424 Probi

574 3457 776 3544 copiis
823 3459 1148 3525 omittenti
1192 3460 1575 3526 tribuamus.
1636 3462 1873 3527 deinde
1904 3462 2191 3543 Servius,
2236 3463 2348 3549 qui
2392 3463 2472 3526 de
2518 3460 2733 3525 dubiis
2779 3461 3154 3526 nominibus

577 3560 919 3645 disputans
979 3561 1267 3647 Caprum
1322 3564 1684 3628 nominavit
1738 3566 1806 3628 in
1850 3563 2050 3649 Verg.
2097 3566 2262 3628 Aen.
2320 3562 2423 3628 IX
2479 3563 2632 3644 7093
2691 3562 2759 3627 X
2802 3563 2956 3643 344,
3001 3563 3154 3647 377,

577 3661 722 3743 788,
769 3661 959 3748 plura
1001 3685 1166 3747 quae
1213 3663 1294 3728 de
1339 3665 1563 3728 eadem
1609 3688 1679 3729 re
1725 3665 1929 3730 tradit
1973 3665 2057 3730 ab
2100 3666 2224 3731 hoc
2267 3664 2581 3752 petivisse
2625 3664 2907 3729 videtur.
2973 3665 3152 3729 deni—

577 3787 700 3850 que
745 3765 944 3849 Capri
998 3764 1165 3828 liber
1209 3767 1319 3851 qui
1363 3765 1560 3851 vulgo
1618 3767 1887 3848 dicitur,
1948 3768 2069 3831 etsi
2124 3791 2251 3833 non
2307 3790 2348 3831 a
2392 3768 2606 3853 Capro
2665 3769 2974 3852 scrithS,
3023 3768 3152 3831 'sed

575 3865 776 3930 multo
830 3867 1138 3930 inferiore
1191 3876 1481 3953 tempore
1536 3870 1908 3955 conpositus
1969 3879 2100 3950 est,
2168 3879 2385 3933 tamen
2449 3869 2768 3955 quaedam
2824 3891 2907 3933 ex
2971 3869 3150 3934 illius

573 3968 761 4031 libris
805 3979 1114 4053 excerpta
1159 3971 1486 4033 continere
1531 3972 1670 4035 iure
1715 3970 2020 4036 creditur.
2109 3992 2193 4035 ex
2233 3992 2359 4056 quo
2404 3973 2601 4035 etiam
2645 3970 2810 4036 illud
2855 3970 3153 4057 adparet,

573 4069 684 4133 diu
738 4068 913 4154 apud
967 4072 1429 4154 grammaticos
1484 4073 1827 4136 duravisse
1883 4072 2081 4158 Capri
2148 4073 2538 4136 memoriam.
2626 4074 2846 4158 itaque
2899 4082 2973 4136 ut
3037 4074 3151 4137 alii

572 4171 976 4255 grammatici
1022 4173 1089 4237 in
1132 4166 1479 4256 generibus
1525 4174 1858 4239 nominum
1904 4173 2288 4238 definiendis
2334 4172 2530 4259 Capri
2585 4175 2993 4260 potissimum
3039 4196 3149 4241 co-

571 4274 697 4359 piis
743 4274 845 4338 usi
890 4297 1032 4339 esse
1076 4275 1416 4355 videntur,
1465 4275 1557 4339 ita
1601 4299 1747 4339 eum
1793 4276 1903 4362 qui
1949 4276 2116 4339 bunc
2163 4273 2244 4338 de
2290 4275 2507 4341 dubiis
2552 4276 2920 4342 nominibus
2966 4275 3148 4340 libel-

563 4374 703 4438 lum
759 4378 1021 4461 scripsit
1075 4398 1203 4440 non
1257 4376 1545 4459 integros
1602 4376 1864 4462 quidem
1910 4376 2083 4440 illius
2130 4376 2361 4458 libros,
2419 4378 2530 4464 qui
2575 4401 2651 4443 eo
2697 4389 2983 4464 tempore
3029 4379 3149 4442 vix

573 4477 910 4559 extabant,
957 4479 1074 4542 sed
1120 4489 1452 4564 excerpta,
1501 4502 1535 4543 e
1580 4478 1817 4564 quibus
1863 4487 2159 4542 veterum
2202 4481 2589 4565 scriptorum
2633 4478 2929 4565 exempla
2971 4478 3150 4542 colli-

571 4588 779 4661 geret,
840 4578 1224 4644 adhibuisse
1285 4579 1690 4644 crediderim.
1784 4581 2046 4666 scripsit
2099 4590 2314 4645 autem
2372 4591 2522 4668 post
2565 4590 2843 4646 aetatem
2888 4581 3147 4665 Isidori,

571 4681 751 4745 cuius
798 4682 1186 4745 mentionem
1231 4682 1386 4745 fecit
1431 4706 1492 4745 v.
1540 4689 1815 4759 legumen
1862 4705 1923 4767 p.
1972 4682 2052 4745 85
2098 4682 2183 4747 Η.
