3541 5564
572 377 698 442 498
1659 381 2060 445 AVGVSTINI

624 502 668 542 p.
697 490 809 530 1977.
837 490 887 530 ’13
914 488 959 532 Ρ.

575 588 788 630 nomen
835 577 944 630 est.
1031 590 1088 630 m
1135 574 1530 632 nominativus
1575 573 1813 632 exiens:
1860 574 1921 632 in
1968 571 2308 632 masculinis
2354 571 2575 632 nullum
2624 573 2872 632 latinum
2917 580 3037 640 est:
3086 575 3147 633 in

575 657 882 716 femininis
927 654 1265 736 Glycerium
1310 656 1601 717 Phanium
1646 658 1927 718 Dorcium
1983 655 2509 726 Philocomasium
2568 660 2629 717 in
2676 659 2905 718 neutris
2950 666 3146 718 autem

574 740 858 820 templum
903 741 1085 802 telum
1128 749 1349 802 tectum
1397 750 1458 802 et
1501 742 1648 811 alia,
1706 761 1959 821 quorum
2004 741 2264 822 plurales
2308 742 2518 802 faciles
2562 749 2730 813 sunt;
2777 745 2841 803 in
2886 762 3146 804 commu·

573 825 751 887 nibus
793 826 1021 887 nullum
1067 829 1191 887 exit
1234 830 1295 888 in
1341 847 1433 898 m;
1492 830 1577 887 sic
1637 834 1698 887 et
1754 830 1817 888 in
1864 828 2187 906 epicoenis.
2277 846 2434 888 nunc
2480 835 2801 889 tractemus
2847 827 2919 888 de
2966 831 3145 890 semi-

573 911 757 972 vocali
803 931 870 971 n:
917 932 955 972 n
999 912 1197 972 littera
1242 914 1599 973 terminatus
1628 914 2028 973 nominativus
2057 932 2087 973 a
2119 913 2457 973 masculinis
2503 913 2716 973 flamen
2761 920 2972 993 pecten
3002 914 3144 983 lien,
3174 928 3200 968 5

572 997 728 1077 quod
774 1005 867 1057 est
910 997 1108 1076 splen;
1154 1017 1186 1058 a
1232 1000 1539 1059 femininis
1571 999 1777 1068 Siren,
1824 998 2037 1078 plurali
2069 997 2343 1069 Sirenes;
2391 1020 2421 1060 a
2465 1000 2696 1060 neutris
2725 1017 2965 1060 carmen
3009 1018 3144 1078 ger-

574 1101 706 1143 men
751 1099 995 1159 gramen
1040 1091 1102 1143 et
1144 1090 1342 1144 cetera
1386 1083 1554 1152 talia,
1603 1101 1752 1162 quae
1799 1089 2000 1163 postea
2047 1085 2109 1143 in
2152 1083 2356 1161 regula
2403 1085 2642 1161 generis
2686 1087 2885 1145 neutri
2931 1092 3144 1146 tracta-

574 1167 800 1238 bimus3
859 1188 890 1228 a
948 1169 1363 1230 communibus
1418 1171 1816 1229 nominativus
1873 1170 2079 1228 exiens
2137 1169 2197 1228 in
2242 1188 2314 1237 n,
2376 1167 2615 1229 tubicen
2665 1168 2887 1230 tibicen
2931 1171 3146 1231 fidicen

573 1255 854 1313 cornicen
899 1252 1105 1313 liticen
1167 1252 1301 1334 [qui
1357 1254 1521 1315 lituis
1577 1252 1801 1334 canit];
1859 1254 1932 1314 ab
1978 1256 2281 1333 epicoenis
2326 1273 2502 1314 oscen
2553 1252 2642 1333 [id
2690 1263 2781 1315 est
2824 1257 2949 1316 avis
2994 1275 3144 1335 quae

571 1339 754 1400 tradit
796 1336 1138 1419 augurium]
1188 1347 1442 1416 attagen.
1529 1358 1685 1400 nunc
1730 1339 1802 1399 de
1849 1340 2186 1401 semivocali
2231 1359 2262 1400 r
2305 1346 2661 1401 tractemus:
2705 1359 2736 1399 r
2780 1340 2979 1401 littera
3025 1349 3226 1401 ter-10

572 1426 830 1484 minatus
877 1427 1271 1485 nominativus
1316 1444 1347 1485 a
1391 1424 1763 1494 masculiniS,
1812 1432 1876 1484 ut
1920 1424 2133 1485 Caesar
2178 1424 2353 1485 iubar
2394 1425 2543 1486 Arar
2587 1424 2708 1486 Nar
2756 1427 2940 1486 victor
2985 1434 3147 1486 tutor

573 1529 748 1589 sopor
790 1528 1028 1569 maeror
1072 1516 1132 1568 et
1177 1510 1316 1580 alia,
1364 1528 1514 1589 quae
1559 1510 1757 1571 facilia
1803 1518 1940 1570 sunt
1984 1517 2101 1570 tam
2148 1511 2208 1570 in
2254 1510 2623 1589 appellativis
2680 1530 2854 1590 quam
2899 1512 2960 1572 in
3005 1530 3145 1591 pro-

575 1597 752 1675 priis:
800 1614 831 1655 a
878 1595 1178 1656 femininis
1222 1595 1399 1655 arbor
1444 1612 1645 1664 soror:
1693 1615 1725 1656 a
1770 1597 2002 1655 neutris
2047 1614 2304 1656 marmor
2346 1615 2567 1676 aequor
2613 1603 2673 1656 et
2719 1596 2863 1666 alia;
2910 1616 2941 1656 a
2987 1616 3146 1657 corn·

574 1679 852 1742 munibus
896 1698 1121 1760 pauper
1166 1698 1302 1741 acer
1348 1680 1542 1741 alacer
1587 1699 1815 1741 memor
1857 1687 2091 1751 auctor;
2138 1680 2210 1742 ab
2257 1683 2561 1760 epicoenis
2607 1699 2813 1760 passer
2858 1685 3147 1761 accipiter

572 1784 766 1826 anser.
827 1783 984 1825 nunc
1030 1766 1101 1825 de
1149 1785 1176 1827 s
1219 1766 1416 1826 littera
1463 1766 1797 1826 semivocali
1846 1774 2197 1826 tractemus:
2245 1785 2273 1825 s
2315 1767 2512 1827 littera
2559 1769 2911 1827 terminatus
2954 1770 3143 1827 nomi·
3174 1783 3224 1821 15

572 1852 801 1911 nativus
857 1870 888 1911 a
943 1852 1287 1912 masculinis
1345 1854 1539 1912 iustus
1595 1851 1804 1912 doctus
1859 1853 2027 1931 pius;
2086 1872 2118 1913 a
2175 1852 2481 1912 femininis
2535 1851 2641 1912 dos
2696 1870 2827 1912 sors
2882 1871 3039 1913 mors
3085 1859 3146 1912 et

574 1937 745 2006 talia;
813 1955 846 1996 a
911 1938 1141 1996 neutris
1205 1936 1416 1998 vulnus
1473 1943 1682 2016 pectus
1736 1955 1921 2017 pecus
1976 1944 2035 1996 et
2088 1942 2316 2006 cetera,
2387 1956 2538 2016 quae
2594 1956 2729 1997 mox
2784 1937 3145 2015 regulariter

573 2020 986 2091 tractabimus;
1034 2039 1064 2081 a
1111 2021 1526 2083 communibus
1570 2022 1851 2083 sacerdos
1895 2023 2064 2101 inpos
2121 2041 2341 2102 conpos
2397 2022 2609 2083 similis
2665 2021 2883 2083 nobilis
2937 2022 3142 2100 agilis:

569 2107 643 2168 ab
688 2109 849 2166 omni
895 2125 1146 2184 genere,
1203 2115 1268 2169 ut
1322 2125 1508 2184 nugas
1566 2115 1626 2167 et
1678 2115 1908 2172 cetera:
1967 2107 2039 2168 de
2095 2108 2189 2168 his
2248 2126 2383 2167 mox
2428 2107 2676 2168 uberius
2720 2107 3140 2168 tractabimus:

571 2192 645 2252 ab
692 2194 995 2271 epicoenis
1050 2194 1223 2271 tigris
1279 2212 1409 2254 mus
1466 2194 1633 2272 lepus
1690 2201 1750 2254 et
1813 2200 2033 2253 cetera.
2122 2212 2281 2253 nunc
2337 2193 2409 2252 de
2466 2191 2818 2272 semilvocali
2865 2192 3061 2253 littera
3107 2212 3141 2252 x
3172 2208 3222 2245 ευ

568 2284 922 2339 tractemus:
988 2280 1385 2338 nominativus
1446 2281 1509 2338 in
1565 2298 1602 2338 x
1655 2278 1851 2339 littera
1878 2298 1937 2338 -a
1993 2278 2338 2339 masculinis
2396 2286 2596 2338 vertex
2655 2285 2861 2338 cortex
2904 2297 3141 2357 pumex,

570 2383 599 2423 a
646 2365 908 2443 propriis
952 2362 1190 2431 Pollux:
1248 2383 1281 2423 a
1337 2365 1645 2424 femininis
1702 2383 1815 2425 nex
1871 2382 2016 2443 prex
2075 2365 2170 2423 fex
2226 2382 2339 2442 pax
2385 2364 2482 2423 fax
2527 2370 2588 2422 et
2631 2363 2779 2433 alia;
2836 2382 2868 2422 a
2914 2366 3146 2424 neutris

570 2448 794 2509 nullum
841 2467 1089 2517 nomen,
1137 2450 1249 2508 nisi
1296 2451 1455 2508 omni
1504 2451 1711 2526 generi
1755 2452 2056 2526 iungatur,
2103 2455 2170 2508 ut
2213 2449 2375 2508 felix.
2466 2455 2776 2509 remanent
2820 2447 2969 2508 duae
3015 2467 3142 2508 mu-

570 2543 661 2593 tae
706 2533 972 2603 litterae,
1019 2552 1051 2592 c
1097 2540 1138 2593 t.
1228 2536 1620 2594 nominativus
1666 2537 1873 2595 exiens
1917 2536 1977 2593 in
2025 2552 2057 2591 c
2101 2533 2359 2594 litteram
2405 2540 2570 2593 tenet
2610 2533 3034 2607 masculinum,
3079 2541 3145 2593 ut

569 2618 751 2687 allec,
811 2626 976 2678 tenet
1029 2625 1339 2687 neutrum,
1396 2627 1463 2679 ut
1516 2619 1625 2680 lac.
1715 2627 1741 2679 t
1793 2620 1992 2680 littera
2051 2620 2255 2679 exiens
2300 2619 2699 2679 nominativus
2743 2626 2908 2679 tenet
2950 2637 3139 2696 genus
3169 2632 3220 2672 2⁵

569 2709 875 2772 neutrum,
924 2710 989 2763 ut
1031 2710 1210 2782 caput
1252 2705 1512 2785 sinciput
1555 2707 1903 2785 semicaput.

735 2787 986 2849 Nomina
1031 2792 1269 2867 generis
1315 2793 1510 2850 neutri
1558 2794 1616 2851 in
1666 2810 1764 2851 um
1809 2790 2091 2870 syllabam
2138 2792 2447 2859 exeuntia,
2496 2789 2807 2869 templum,
2856 2798 2915 2850 et
2960 2790 3141 2851 decli-

568 2883 744 2935 natur
798 2875 908 2934 hoc
977 2875 1259 2954 templum
1323 2876 1501 2936 huius
1555 2876 1760 2955 templi
1818 2877 1958 2936 hnic
2012 2875 2236 2954 templo
2290 2876 2401 2935 hoc
2446 2875 2731 2954 templum
2778 2895 2812 2935 o
2858 2876 3141 2955 templum

568 2960 641 3021 ab
687 2960 797 3020 hoc
852 2960 1072 3039 templo
1127 2962 1272 3021 haec
1330 2962 1545 3041 templa
1604 2963 1818 3022 horum
1874 2960 2228 3039 templorum
2284 2960 2379 3020 his
2423 2960 2663 3040 templis
2718 2961 2862 3020 11333
2920 2961 3142 3040 templa
3184 3026 3199 3035 ,

566 3066 601 3104 o
647 3046 862 3125 templa
908 3044 982 3106 ab
1026 3046 1120 3106 his
1164 3046 1421 3126 templiS.
1511 3047 1690 3106 simili
1748 3045 2143 3106 declinatione
2201 3052 2261 3104 et
2315 3046 2460 3106 haec
2515 3049 2713 3106 omnia
2758 3054 3138 3125 procurrunt,
3169 3062 3220 3100 30

569 3139 631 3191 ut
676 3131 862 3191 telum
907 3137 1129 3191 tectum
1173 3150 1478 3191 scamnum
1526 3130 1745 3192 bellum
1792 3138 2121 3191 monstrum
2166 3138 2505 3209 portentum
2564 3131 2844 3210 oppidum
2892 3150 3140 3211 carpen-

568 3223 691 3275 tum
735 3234 1028 3275 venenum
1072 3216 1349 3276 damnum
1397 3215 1614 3276 bonurn
1662 3216 1879 3277 malum
1910 3233 2186 3293 magnum
2217 3217 2541 3294 pessimum
2587 3235 2830 3295 parvum
2876 3218 3141 3277 frumen-

567 3309 689 3361 tum
745 3301 1242 3361 medicamentum
1298 3301 1634 3362 membrum
1688 3303 1884 3362 forum
1941 3308 2194 3362 metrum
2250 3319 2496 3379 porrum
2539 3303 2770 3378 tignum
2814 3302 3140 3381 plaustrum

566 3386 889 3447 claustrum
934 3387 1394 3447 instrumentum
1435 3387 1716 3447 olivetum
1747 3388 2011 3447 vinetum
2057 3386 2375 3466 palmetum
2420 3394 2771 3465 quercetum
2816 3387 3139 3447 esculetum

565 3471 860 3532 lauretum
916 3481 1333 3549 argumentum
1389 3491 1624 3532 sacrum
1681 3479 2096 3533 testamentum
2153 3474 2428 3548 iugerum
2485 3474 2714 3540 vinum,
2773 3472 2876 3532 sed
2919 3466 2982 3531 fn
3028 3490 3137 3531 nu·
3166 3488 3218 3528 35

564 3575 729 3617 mero
795 3563 1024 3617 tantum
1089 3557 1374 3635 singulari
1431 3555 1594 3635 (vina
1650 3559 1810 3618 enim
1867 3564 2074 3637 poetae
2141 3556 2421 3617 dixerunt
2482 3564 2541 3616 et
2608 3557 2819 3618 Cicero
2884 3556 3135 3636 rarius);

565 3643 651 3701 sic
707 3637 917 3718 oleuml
971 3641 1262 3702 hordeum
1317 3643 1587 3702 triticum
1639 3644 1868 3703 ferrum
1925 3645 2150 3703 viscum
2205 3660 2413 3701 aurum
2471 3649 2779 3719 argentum
2832 3641 3138 3721 plumbum

564 3733 834 3805 stagnum
878 3728 1099 3787 vitrum
1130 3726 1417 3788 electrum
1450 3735 1510 3787 et
1549 3729 1716 3797 talia,
1765 3746 1914 3808 quae
1961 3727 2030 3787 ad
2078 3726 2310 3806 pondus
2355 3728 2599 3787 veniunt
2641 3726 2732 3787 vel
2776 3745 3137 3787 mensuram.

565 3832 636 3872 cx
681 3815 811 3891 ipsa
857 3819 996 3871 sunt
1040 3813 1230 3872 forma
1276 3815 1518 3889 generis
1563 3815 1760 3874 neutri
1807 3831 1957 3893 quae
2003 3814 2065 3872 in
2110 3814 2235 3872 ium
2281 3818 2528 3880 exeunt:
2586 3812 2691 3872 sed
2737 3813 2883 3873 haec
2929 3814 2990 3872 in
3036 3829 3137 3889 ge·

563 3900 748 3957 nitivo
790 3914 902 3977 per
948 3896 1064 3957 duo
1121 3899 1164 3957 ii
1211 3897 1588 3968 scribuntur,
1643 3906 1710 3959 ut
1753 3898 1867 3959 hoc
1912 3899 2217 3975 ingenium
2261 3896 2438 3957 huius
2482 3898 2730 3973 ingenii.
2819 3898 2905 3956 sic
2949 3899 3137 3976 impc-
3165 3915 3218 3954 1ο

701 4101 733 4148 2
771 4099 977 4165 panium
1016 4102 1066 4150 F
1180 4101 1560 4167 pilocomasium
1599 4102 1650 4151 F
1783 4103 1815 4153 5
1844 4103 2031 4152 flumen
2067 4099 2149 4148 uel
2189 4105 2364 4163 pecten
2400 4098 2450 4146 F
2586 4099 2619 4151 6
2655 4114 2685 4147 a
2724 4099 2980 4149 femininis
3016 4108 3137 4150 tuen

565 4169 776 4235 pluralis
811 4170 980 4219 rienes
1017 4170 1068 4220 F
1239 4173 1271 4222 7
1302 4180 1468 4222 cetera
1503 4172 1620 4221 talia
1651 4186 1781 4234 quae
1813 4183 1929 4238 post
1963 4168 2165 4235 regulas
2203 4182 2237 4224 ς
2272 4178 2439 4217 cetera
2469 4183 2598 4230 quae
2633 4170 2751 4219 talia
2787 4179 2902 4236 post
2931 4171 3139 4237 regulas

565 4240 613 4287 F
743 4239 778 4288 9
812 4239 1045 4290 cornicen
1091 4240 1257 4292 liticen
1303 4243 1426 4304 quin
1464 4242 1604 4292 lituis
1640 4243 1773 4293 dicet
1807 4242 1858 4293 F
1897 4241 2083 4305 lyricen
2132 4239 2365 4289 cornicen
2405 4239 2490 4300 qui
2531 4239 2583 4287 13
2626 4238 2764 4288 lituis
2800 4240 2933 4289 canit
2966 4255 3001 4297 5

561 4310 612 4359 id
644 4317 720 4359 331
756 4309 818 4358 ab
855 4309 937 4359 his
976 4325 1106 4375 quae
1136 4313 1340 4362 tradunt
1374 4312 1644 4378 augurium
1684 4321 1890 4376 attagen
1927 4327 1959 4367 5
1999 4309 2051 4358 id
2088 4317 2164 4358 est
2200 4308 2261 4357 ab
2299 4305 2381 4356 his
2418 4323 2546 4371 quae
2579 4309 2755 4359 orabat
2783 4310 3052 4374 angurium
3089 4318 3139 4359 et

562 4379 799 4443 adtegem
836 4379 887 4428 F
1022 4379 1087 4432 10
1124 4379 1189 4432 de
1231 4382 1524 4434 semiuocali
1569 4398 1593 4430 r
1636 4384 1685 4443 (1·
1717 4397 1742 4430 r
1777 4380 1838 4443 5)
1875 4382 2038 4431 littera
2073 4378 2161 4433 F5
2300 4377 2366 4427 21
2407 4386 2675 4427 tractemus
2711 4394 2805 4433 om.
2843 4380 2934 4435 F5
3070 4379 3140 4429 23

563 4451 837 4514 iungantur
872 4450 922 4499 F
1019 4460 1187 4501 mutae
1217 4468 1245 4502 c
1276 4462 1296 4501 1
1327 4451 1520 4502 litterae
1558 4452 1901 4501 nominatiuus
1938 4451 2027 4505 Fs·
2167 4448 2237 4496 24
2268 4448 2318 4495 111
2353 4462 2381 4494 3
2417 4446 2582 4498 littera
2620 4448 2711 4503 Fe
2852 4450 2921 4500 25
2962 4450 3139 4498 exiens

561 4534 652 4568 om.
694 4519 743 4568 F
876 4517 943 4569 26
972 4520 1212 4589 sinciput]
1253 4522 1489 4586 sincaput
1526 4522 1574 4571 F
1685 4521 1749 4570 27
1787 4520 2105 4570 declinantur
2141 4516 2447 4567 nominatiuo
2482 4518 2732 4583 singulari
2766 4517 2863 4567 hoc
2896 4519 3136 4584 templum

563 4589 666 4654 geri
697 4588 850 4640 11111113
887 4589 1060 4654 templi
1096 4599 1192 4645 etc.
1227 4593 1334 4647 F5.
1371 4600 1521 4642 notas
1554 4605 1754 4640 casuum
1788 4598 1838 4640 et
1872 4602 2181 4639 umerorum
2215 4594 2264 4635 et
2290 4589 2341 4636 in
2377 4585 2468 4636 1133
2501 4596 2549 4638 et
2582 4588 2632 4635 in
2661 4590 2873 4654 reliquis
2900 4591 3140 4654 exemplis

561 4660 940 4710 declinationum
969 4660 1177 4711 addicas
1210 4663 1352 4713 omisi
1484 4660 1552 4712 32
1581 4657 1819 4727 parvum]
1862 4673 2075 4725 prauum
2110 4657 2161 4706 F
2294 4655 2359 4707 33
2395 4671 2598 4721 porrum
2638 4657 2907 4709 Pul-relatus
2940 4668 3137 4723 portum

562 4729 657 4785 Fe
796 4728 862 4779 35
897 4729 989 4779 sed
1027 4745 1161 4779 nunc
1196 4739 1388 4781 tantum
1422 4730 1474 4780 13
1506 4731 1754 4796 singulari
1786 4743 1820 4786 5
1959 4727 2028 4780 36
2062 4736 2111 4775 31
2147 4727 2418 4775 3133131133
2460 4726 2619 4788 (corr.
2663 4736 2717 4776 31,
2753 4728 2946 4791 313310)
2985 4730 3059 4778 313
3096 4730 3146 4778 F

565 4807 613 4846 et
649 4799 812 4848 cicera
842 4799 917 4859 (in
953 4814 1111 4863 mar-9.
1141 4800 1207 4849 al.
1244 4799 1425 4864 sicera)
1457 4800 1533 4850 sie
1563 4816 1626 4857 5:
1660 4801 1764 4852 Cic.
1792 4802 1842 4850 in
1875 4801 2028 4849 Verr.
2066 4804 2167 4850 act.
2195 4811 2300 4846 see.
2338 4797 2357 4844 1
2394 4795 2478 4855 36,
2503 4796 2587 4847 91.
2624 4797 2696 4860 cf.
2733 4798 2876 4863 infra
2895 4814 2953 4863 p.
2986 4796 3137 4862 1990,

566 4867 784 4934 Pompei.
821 4882 873 4930 p.
918 4868 1033 4927 177,
1075 4868 1141 4919 32
