3541 5564
1495 335 1636 397 ARS
1694 336 1718 397 1
1765 336 1971 441 3———11‘
2008 342 2044 395 3
2930 336 3055 401 413

543 456 585 497 p.
615 445 727 486 1691.
755 446 806 485 92
835 444 879 485 Ρ.
2684 457 2728 497 p.
2756 446 2933 486 324—25
2960 445 3005 485 L.

659 525 705 585 E
761 525 924 585 finita
969 527 1186 585 neutri
1245 526 1485 603 generis
1539 532 1674 584 sunt
1731 527 1926 584 omnia
1973 532 2032 584 et
2077 526 2291 583 tertiae
2338 525 2776 595 declinationiS‚
2836 535 2897 586 ιιι
2943 527 3053 586 hoc

491 626 674 687 sedile
721 626 950 696 sedilis,
998 626 1213 686 monile
1259 627 1524 695 moniliS,
1573 634 1698 685 rete
1744 630 1917 694 retis,
1967 646 2128 686 mare
2176 628 2372 695 maris.

658 727 706 789 O
751 730 946 788 littera
996 731 1309 789 terminata
1355 730 1567 788 tertiae
1614 737 1748 788 sunt
1794 729 2208 788 declinationis
2252 730 2474 798 omnia,
2538 730 2639 788 sed
2686 730 2905 790 diversi
2950 750 3051 808 ge-

489 834 671 891 neris.
734 849 867 889 nam
913 850 1063 908 quae
1110 833 1171 890 in
1219 851 1252 890 o
1295 850 1506 909 puram
1552 832 1832 891 desinunt
1876 850 1906 890 e
1955 831 2136 890 vocali
2182 833 2548 909 praeposita,
2596 833 2903 892 masculini
2950 852 3049 911 ge-

438 935 650 992 snei-is
714 940 878 1001 sunt,
949 941 1011 992 ut
1081 933 1176 991 hic
1241 951 1430 1009 ganeo
1486 934 1613 993 aleo
1672 933 1868 1002 labeo,
1926 952 2077 1011 quae
2134 935 2555 992 nominativum
2611 943 2669 993 et
2726 938 3051 995 vocativum

486 1034 675 1094 solum
731 1034 972 1094 habent.
1061 1053 1210 1114 quae
1269 1037 1289 1093 i
1350 1043 1484 1094 ante
1543 1055 1577 1093 o
1634 1034 1881 1103 habent,
1943 1042 2040 1093 aut
2097 1036 2335 1112 propria
2394 1036 2716 1095 masculina
2762 1044 2925 1106 sunt,
2989 1046 3050 1097 ut

488 1136 665 1197 Curio
710 1136 938 1214 Scipio,
987 1142 1086 1196 aut
1130 1155 1346 1215 corpus
1390 1137 1629 1215 quidem
1673 1138 2066 1213 significantia
2125 1139 2362 1213 generis
2407 1145 2544 1197 sunt
2588 1140 2925 1207 masculini,
2985 1149 3048 1200 ut

488 1238 584 1297 hic
630 1238 826 1297 stellio
873 1239 1013 1298 unio
1058 1238 1270 1297 histrio
1314 1240 1587 1298 centurio
1631 1241 1797 1297 senio
1843 1239 2109 1298 curculio
2140 1241 2449 1317 quaternio
2494 1240 2704 1310 mulio;
2751 1248 2809 1299 et
2852 1245 3047 1303 omnia

488 1359 522 1399 o
567 1340 822 1399 litteram
871 1342 929 1399 in
976 1339 1235 1418 obliquis
1280 1339 1518 1399 casibus
1563 1341 1908 1418 productam
1954 1348 2188 1399 servant
2234 1348 2476 1418 excepto
2521 1360 2663 1411 uno,
2714 1343 2860 1403 Anio
2908 1343 3045 1423 [ssu-

413 1458 461 1495 ιο
488 1461 622 1501 men
684 1448 774 1500 est
829 1440 1094 1521 Italiae],
1159 1442 1313 1520 quod
1373 1443 1620 1503 Anienis
1676 1443 1837 1503 sacit.
1928 1461 2053 1502 rem
2099 1449 2294 1501 autem
2350 1444 2778 1521 incorporalem
2822 1448 3045 1523 signill-

487 1545 679 1603 cantia
724 1544 1007 1622 pleraque
1053 1563 1085 1603 a
1130 1543 1330 1603 verbis
1375 1544 1813 1603 transferuntur
1858 1552 1915 1603 et
1970 1551 2108 1603 suut
2164 1546 2404 1620 generis
2449 1545 2747 1613 feminini,
2796 1554 2860 1606 ιιι
2903 1547 3047 1607 haec

486 1646 677 1704 oratio
732 1646 884 1703 ratio
940 1647 1092 1704 actio
1147 1647 1322 1704 statio
1377 1645 1630 1704 hortatio
1674 1645 1906 1721 religio.
1998 1652 2056 1704 et
2109 1646 2254 1705 haec
2309 1646 2587 1705 similiter
2641 1651 2873 1707 nomina
2940 1669 3045 1728 per

486 1765 659 1807 casus
704 1765 907 1806 omnes
952 1766 986 1806 o
1031 1746 1361 1824 producunt
1405 1754 1641 1826 praeter
1688 1743 2128 1825 nomilnativum
2174 1753 2235 1805 et
2279 1750 2603 1808 vocativum
2648 1752 2880 1809 numeri
2924 1753 3044 1809 sin-

485 1849 732 1925 gulariS.
793 1852 1132 1928 praeposita
1178 1868 1317 1908 vero
1362 1868 1396 1908 o
1442 1850 1673 1908 litterae
1719 1849 1988 1928 qualibet
2032 1860 2387 1910 consonante
2432 1853 2676 1928 propria
2711 1851 2798 1910 vel
2845 1853 3042 1930 appel·-

410 1951 658 2009 1⁵lativa
717 1950 1022 2010 masculini
1080 1957 1217 2010 sunt
1275 1954 1540 2027 generis,
1607 1959 1667 2010 ut
1723 1951 1818 2009 hic
1878 1950 2066 2012 Carbo
2110 1950 2259 2010 Libo
2313 1970 2526 2029 praeco
2581 1970 2784 2011 mucro
2829 1949 2853 2032 ΙΙ
2904 1952 3044 2013 bufo

485 2052 635 2113 latro
681 2052 852 2111 homo
898 2055 1014 2111 tiro
1058 2071 1253 2111 sermo
1296 2071 1444 2130 pavo
1489 2052 1660 2121 Cato,
1721 2059 1966 2131 excepto
2024 2072 2137 2112 uno
2182 2054 2424 2131 proprio
2469 2054 2741 2113 feminini
2785 2057 3041 2129 generiS,

483 2154 628 2213 haec
694 2154 866 2222 luno,
936 2162 996 2213 et
1061 2155 1245 2215 altero
1300 2153 1675 2232 appellativo,
1735 2154 1890 2233 quod
1949 2173 1982 2212 o
2051 2155 2309 2214 litteram
2380 2156 2437 2213 in
2496 2153 2752 2233 obliquis
2808 2156 3042 2215 casibus

482 2258 727 2325 amittit,
776 2257 919 2316 haec
965 2275 1102 2315 caro
1147 2258 1361 2316 carnis.
1424 2256 1525 2316 sed
1573 2257 1721 2315 duae
1768 2264 1905 2317 sunt
1948 2257 2103 2317 solae
2151 2264 2565 2324 consonantes,
2613 2273 2649 2332 g
2695 2262 2754 2314 et
2797 2257 2862 2327 d,
2904 2260 3038 2335 qui-

482 2356 591 2416 bus
657 2357 1151 2436 praecedentibus
1206 2378 1240 2415 o
1297 2358 1552 2417 litteram
1613 2360 1849 2418 nomina
1914 2361 2153 2435 generis
2210 2366 2346 2418 sunt
2404 2359 2703 2426 feminini,
2771 2365 2833 2417 ut
2898 2359 3039 2419 llaec

389 2448 456 2514 ¹20
483 2461 706 2536 imago,
756 2460 898 2519 haec
944 2460 1132 2535 caligo
1178 2458 1363 2535 fuligo
1409 2462 1577 2536 origo
1621 2478 1885 2538 propago
1917 2461 2171 2520 hirundo
2207 2459 2483 2539 [aerugo]
2519 2459 2785 2519 harundo
2815 2464 3039 2538 magni·

480 2559 621 2620 tudo
666 2560 915 2620 altitudo
962 2560 1192 2621 testudo
1237 2562 1491 2620 formido
1537 2561 1865 2622 similitudo
1910 2563 2213 2631 fortitudo,
2247 2581 2395 2641 quae
2441 2580 2475 2619 o
2522 2564 2582 2621 in
2627 2563 2647 2621 i
2692 2572 3040 2624 convertunt

480 2665 540 2721 in
587 2661 843 2740 obliquis
889 2662 1144 2724 casibus.
1235 2664 1612 2741 excipiuntur
1658 2666 1717 2722 in
1764 2672 2010 2744 utraque
2068 2666 2303 2741 generis
2358 2663 2667 2723 masculini
2713 2664 2883 2734 haec,
2943 2665 3039 2725 hic

479 2764 630 2842 ligo,
678 2764 775 2824 hic
821 2782 1062 2841 mang0,
1109 2764 1207 2826 hic
1251 2764 1499 2844 praede,
1559 2765 1654 2824 hic
1700 2766 1844 2836 ude,
1905 2766 2001 2825 hic
2054 2767 2261 2846 spado,
2309 2784 2457 2844 quae
2504 2787 2538 2824 o
2583 2765 2931 2844 producunt,
2980 2776 3040 2828 et

479 2867 574 2927 bic
620 2866 828 2936 cardo,
875 2867 970 2927 bic
1017 2867 1191 2937 ordo,
1250 2886 1398 2947 quae
1457 2869 1826 2946 superiorem
1870 2869 2185 2930 formulam
2228 2876 2575 2947 sequuntur.
2664 2875 2802 2928 sunt
2844 2878 3037 2929 autem

405 2985 455 3024 25
482 2976 758 3048 quattuor
811 2976 1040 3029 tantum
1094 2970 1266 3029 modo
1323 2989 1472 3048 quac
1530 2971 1821 3030 neutralia
1880 2990 2010 3031 esse
2056 2978 2330 3050 possunt,
2388 2989 2637 3049 quorum
2684 2990 2820 3049 pars
2864 2971 3035 3032 dimi·

483 3072 578 3130 dia
636 3072 1092 3130 declinationem
1147 3074 1398 3151 patitur,
1459 3078 1520 3130 ut
1577 3072 1692 3131 duo
1751 3079 1808 3132 et
1865 3070 2061 3131 ambo:
2144 3073 2338 3150 pondo
2395 3081 2591 3132 autem
2635 3079 2692 3131 et
2737 3081 2869 3132 octo
2914 3092 3035 3132 mo-

481 3180 717 3252 noptota
763 3179 900 3232 sunt
943 3180 1002 3231 et
1034 3179 1260 3233 tantum
1290 3173 1601 3252 pluraliter
1633 3173 1984 3243 efferuntur,
2033 3179 2097 3233 ιιι
2140 3173 2284 3234 haec
2328 3174 2521 3252 pondo
2566 3174 2774 3234 horum
2820 3175 3031 3254 pondo.

647 3377 714 3428 32
752 3391 780 3425 o
810 3376 970 3425 littera
1007 3377 1270 3426 terminata
1309 3376 1459 3427 clear.
1498 3375 1583 3440 63,
1622 3376 1669 3426 8.
1715 3392 1827 3427 exc.
1871 3375 2022 3428 Char.
2061 3375 2181 3436 543,
2211 3379 2243 3425 4
2271 3376 2426 3428 Prob.
2469 3376 2596 3426 cath.
2628 3376 2681 3441 9,
2719 3379 2785 3428 25

480 3501 696 3508 —u-—j
717 3500 802 3506 μμ

651 3565 675 3614 1
715 3565 848 3614 linita
886 3583 976 3616 om.
1011 3566 1054 3613 Ρ
1191 3566 1222 3614 2
1261 3573 1364 3614 rete
1399 3565 1517 3614 retis
1554 3581 1646 3616 om.
1677 3564 1725 3612 F
1857 3567 1889 3614 4
1928 3579 2102 3630 puram
2140 3578 2219 3628 93
2258 3579 2383 3629 pura
2428 3566 2472 3613 Ρ
2504 3580 2626 3630 pure
2664 3567 2713 3614 F
2844 3567 2876 3615 5
2905 3582 3032 3629 quae

480 3635 841 3685 nominativum
879 3646 925 3686 et
959 3637 1241 3685 vocativum
1276 3635 1437 3683 solum
1478 3635 1660 3683 habent
1689 3649 1781 3684 om.
1818 3636 1891 3683 P:
1928 3635 1996 3695 cf.
2033 3635 2285 3688 Priscian.
2318 3635 2380 3683 de
2412 3643 2597 3684 acc-ent.
2632 3652 2686 3699 p.
2712 3636 2830 3694 522,
2866 3637 2933 3686 30

480 3707 514 3755 8
552 3705 788 3769 gurgulio
826 3705 874 3753 F
1011 3703 1075 3754 10
1110 3706 1342 3754 anieanis
1381 3706 1429 3753 P
1459 3705 1680 3752 aniensis
1712 3705 1761 3752 F
1896 3705 1957 3754 12
1994 3701 2231 3768 hortatio]
2274 3706 2488 3770 portatio
2526 3705 2576 3753 F
2607 3706 2766 3768 pontio
2799 3706 2835 3768 s*
2968 3707 3031 3756 14

477 3775 765 3840 praeposita
815 3790 937 3823 uero
986 3789 1014 3822 o
1053 3775 1216 3824 littera
1253 3774 1471 3836 qualibet
1513 3775 1561 3822 P
1608 3774 1896 3839 praeposita
1931 3789 2050 3823 uero
2088 3775 2119 3822 b
2158 3775 2318 3822 littera
2351 3774 2430 3822 uel
2473 3773 2693 3837 qualibet
2730 3774 2825 3829 Fe
2970 3775 3033 3826 15

477 3840 626 3908 Libo]
662 3844 766 3908 ligo
804 3845 851 3893 F
983 3842 1126 3908 bufo]
1166 3845 1293 3892 bubo
1331 3845 1414 3899 Fe
1556 3843 1619 3892 18
1655 3844 1821 3892 caruis
1856 3858 1949 3895 om.
1984 3844 2032 3891 P
2166 3845 2233 3892 20
2271 3842 2449 3910 fuligo]
2490 3844 2627 3909 oligo
2664 3845 2714 3893 P
2818 3843 3031 3893 hirundo

476 3929 636 3979 erugo
663 3913 893 3962 harundo
928 3913 1138 3963 altitudo
1177 3914 1376 3963 testudo
1411 3912 1687 3962 similitudo
1727 3913 1967 3962 fortitudo
2005 3928 2132 3975 quae
2169 3915 2219 3962 F
2249 3913 2462 3964 hirundo
2499 3913 2625 3962 haee
2655 3914 2847 3962 arundo
2889 3930 3031 3980 mag-

481 3983 657 4032 nitudo
695 3982 905 4032 altitudo
944 3991 990 4032 et
1029 3983 1176 4033 studo
1214 3982 1429 4031 l'orrnido
1466 3998 1591 4044 quae
1623 3983 1672 4031 P
1807 3984 1875 4032 22
1912 3984 2229 4048 excipiuntur
2265 3985 2315 4032 in
2349 3994 2559 4046 utroque
2590 3998 2708 4047 gen.
2747 3984 2955 4034 mascul.
2987 3986 3036 4034 P

477 4054 727 4117 excipitur
754 4063 1032 4115 neutroque
1072 4054 1275 4119 generis
1313 4052 1577 4101 masculini
1605 4052 1653 4100 F
1687 4053 2005 4116 excipiuntur
2040 4054 2088 4100 in
2131 4060 2339 4115 utroque
2369 4067 2555 4118 genere
2591 4054 2867 4102 masculina
2899 4067 2931 4109 ς

475 4123 542 4174 23
581 4123 703 4187 udo]
741 4124 869 4173 cudo
908 4123 995 4178 Fe
1132 4124 1198 4172 24
1248 4133 1362 4170 sunt
1399 4129 1445 4170 et
1481 4131 1715 4183 quattuor
1743 4123 1891 4177 ΡΓς
1945 4132 2059 4171 sunt
2100 4131 2333 4184 quattuor
2359 4139 2394 4187 9
2533 4123 2599 4172 27
2636 4131 2825 4171 tantum
2861 4138 2951 4174 om.
2988 4124 3037 4172 P

616 4202 667 4242 ut
710 4193 835 4242 haee
873 4193 1040 4258 pondo
1088 4191 1264 4241 borum
1315 4191 1484 4257 pondo
1520 4192 1618 4240 duo
1655 4200 1821 4240 autem
1854 4193 1901 4240 P
1954 4202 2006 4240 ut
2051 4190 2171 4239 baec
2218 4192 2385 4257 pondo
2432 4190 2578 4254 (nam
2617 4192 2739 4244 add.
2775 4191 2832 4254 s)
2876 4207 3029 4240 unum

477 4264 643 4328 pondo
684 4278 780 4312 non
823 4263 1056 4316 di...ci.
1082 4278 1192 4310 mus
1228 4262 1512 4326 (supera-cr.
1552 4262 1627 4309 uel
1665 4262 1767 4310 dici
1806 4262 1990 4310 scimus
2017 4259 2072 4322 f)
2110 4261 2197 4308 sed
2242 4263 2291 4310 in
2348 4261 2523 4310 libram
2562 4261 2705 4309 efferi
2751 4260 2943 4323 (efferri
2978 4262 3031 4324 s)

476 4333 576 4382 duo
613 4335 745 4382 enim
787 4343 835 4382 et
870 4334 966 4380 tria
1004 4332 1172 4396 pondo
1213 4342 1261 4380 et
1298 4331 1536 4395 deinceps
1579 4371 1946 4384 ............
1989 4330 2252 4394 (deinceps
2289 4331 2455 4380 dicere
2502 4331 2830 4388 obseruamus
2862 4329 2916 4394 s)
2953 4331 3031 4378 uel

477 4403 710 4465 quotiens
744 4403 806 4454 de
837 4411 1019 4451 <neutro
1058 4401 1321 4464 loquamur
1356 4399 1634 4464 (loquimur
1657 4399 1713 4463 s)
1752 4407 1980 4463 correpte
2017 4401 2242 4448 dicamus
2288 4400 2458 4465 pando
2506 4400 2744 4462 (dicimus
2781 4401 2950 4464 pondo
2977 4401 3033 4462 Γ)

479 4488 504 4520 ι,
534 4473 781 4522 Aromilia
816 4486 1119 4522 παρετ-οἵω.
1166 4473 1182 4520 1
1223 4478 1430 4519 accentu
1468 4470 1600 4518 enini
1638 4469 1793 4535 longo
1832 4471 1901 4534 (s,
1933 4468 2146 4517 dicimus
2179 4469 2300 4518 add.
2322 4468 2376 4534 s')
2413 4470 2513 4518 duo
2540 4469 2770 4518 homines
2799 4480 2844 4518 et
2885 4470 3031 4519 ambo

477 4541 711 4592 homines
742 4543 871 4592 duae
901 4541 1137 4590 mulieres
1175 4540 1353 4589 borum
1394 4540 1668 4604 ponderum
1701 4541 1861 4602 (dnae
1895 4538 2132 4587 mulieres
2170 4548 2217 4586 et
2254 4539 2430 4587 ambae
2469 4538 2773 4601 mulieress‘)
2802 4539 2900 4589 duo
2940 4555 3028 4588 au-

478 4620 578 4658 tem
617 4611 667 4659 F
696 4623 749 4659 ut
786 4612 907 4660 baec
942 4611 1113 4676 pondo
1153 4626 1268 4660 nam
1308 4625 1460 4658 unum
1496 4609 1666 4674 pondo
1703 4624 1803 4658 non
1833 4609 2046 4657 dicimus
2084 4607 2173 4656 sed
2212 4611 2260 4655 in
2291 4608 2469 4657 libram
2512 4607 2677 4656 efferri
2713 4617 2877 4674 potest
2908 4609 3030 4672 (non

481 4680 579 4729 dici
618 4680 835 4732 sciamus
873 4682 962 4730 sed
997 4682 1046 4729 in
1086 4681 1240 4730 libros
1280 4679 1454 4728 referri
1483 4679 1545 4744 ῃ)
1582 4679 1681 4727 duo
1719 4682 1851 4728 enim
1886 4687 1933 4727 et
1969 4680 2064 4726 tria
2096 4678 2262 4741 pondo
2301 4687 2348 4726 et
2385 4678 2623 4742 deinceps
2656 4678 3030 4729 obseruabimus

481 4749 559 4798 nel
599 4752 828 4808 quotiens
862 4753 923 4799 de
956 4760 1130 4799 neutro
1168 4751 1418 4814 loquimur
1442 4757 1670 4813 correpte
1697 4750 1912 4797 dicimus
1946 4748 2112 4812 pondo
2150 4749 2199 4796 in
2229 4755 2433 4797 accentu
2463 4749 2615 4808 (enim
2651 4748 2771 4800 add.
2798 4747 2852 4811 f)
2879 4748 3030 4815 longo

481 4822 579 4867 duo
618 4820 845 4869 homines
879 4832 926 4870 et
961 4823 1107 4871 ambo
1145 4820 1372 4870 homines
1396 4819 1525 4870 duae
1553 4820 1788 4870 mulieres
1816 4828 1863 4868 et
1887 4818 2062 4867 ambae
2092 4817 2329 4868 mulieres
2360 4817 2594 4868 dicuntur
2629 4817 2728 4867 duo
2762 4828 2925 4868 autem
2951 4834 3030 4884 95
