3541 5564
955 362 1352 424 EXCERPTA
1400 360 1742 423 PARlSlNA
1794 362 2162 423 Xlll--XlV
2746 358 2870 423 613

2486 483 2529 523 p.
2556 469 2671 509 wo.
2699 470 2747 508 47
2775 467 2821 508 P.

296 545 847 631 περισπωμένων,
877 548 1019 629 βοῶ
1047 548 1336 630 βοιδμεν,
1379 549 1545 630 τιμῶ
1588 550 1904 631 τιμῶμεν,
1950 549 2123 611 modo
2154 568 2205 609 ω
2238 553 2298 611 in
2328 568 2414 610 ov
2443 549 2871 629 diphthongum

298 662 607 723 mutantes,
657 662 718 713 ut
764 655 826 713 in
873 655 1061 732 prima
1107 634 1169 712 et
1214 654 1387 713 tertia
1434 648 1989 733 περισπωμένων,
2034 651 2171 714 νοῶ
2215 651 2543 732 νοοῦμεν,
2597 651 2872 730 φανερῶ

297 756 763 835 φανεροῦμεν;
810 757 872 815 in
919 755 1168 834 reliquis
1211 761 1426 824 autem,
1474 754 1534 814 id
1582 763 1669 815 est
1716 754 2022 834 barytonis
2067 754 2344 815 omnibus
2388 754 2478 814 vel
2526 756 2703 814 etiam
2752 771 2873 813 πε·-

298 854 739 937 ρισπωμένων
783 858 1033 925 l'uturis,
1092 876 1143 916 ω
1190 859 1251 916 in
1297 876 1334 916 ο
1380 858 1834 926 uansserentes,
1883 852 2053 935 λέγω
2098 851 2412 936 λέγομεν,
2468 850 2677 935 τρέχω
2721 852 2873 935 τρέ-

242 975 268 1013 5
295 977 522 1038 χομεν,
565 953 927 1036 θεραπεύω
971 954 1475 1038 θεραπεύομεν,
1523 954 1790 1039 λαλήσω
1847 954 2257 1038 λαλήσομεν,
2328 953 2504 1018 ἐάσω
2558 953 2869 1037 ἐάσομεν,

293 1053 669 1138 άργυρώσω
726 1054 1233 1139 άργυρώσομεν.
1324 1060 1583 1120 secunda
1641 1060 1887 1139 pluralis
1945 1079 1976 1120 a
2022 1062 2198 1121 tertia
2242 1060 2528 1137 singulari
2576 1060 2868 1120 nascitur:

294 1164 524 1241 primae
570 1161 806 1241 quidem
853 1169 913 1221 et
957 1162 1250 1222 secundae
1298 1143 1567 1240 syzygiae
1614 1157 2144 1241 περισπωμένων
2189 1164 2431 1222 instanti
2465 1180 2539 1222 τε
2568 1161 2868 1231 addentes,

295 1269 477 1323 ποιεῖ
516 1269 787 1341 ποιεῖτε,
831 1262 961 1345 βοᾷ
1003 1262 1227 1342 βοᾶτε,
1275 1265 1336 1323 in
1381 1266 1557 1324 tertia
1602 1282 1741 1323 vero
1785 1264 2056 1325 ultimum
2103 1260 2266 1325 ἰῶτα
2320 1266 2380 1325 in
2427 1283 2472 1323 v
2517 1271 2810 1324 mutantes
2860 1259 2867 1343 Ι

295 1375 353 1426 et
399 1365 554 1426 idem
600 1384 673 1426 τε
717 1365 1029 1433 addentes,
1090 1371 1336 1444 χρυσοῖ
1383 1365 1749 1445 χρυσοῦτεε
1810 1373 1869 1427 at
1923 1368 1985 1426 in
2032 1365 2306 1427 omnibus
2360 1365 2664 1445 barytonis
2708 1377 2765 1426 et
2809 1368 2870 1425 in

222 1485 272 1523 ιο
298 1464 828 1548 περισπωμένων
883 1469 1105 1527 futuris
1160 1470 1352 1547 ipsum
1410 1464 1572 1528 ἰῶτα
1617 1468 1888 1528 ultimum
1936 1468 2314 1529 detrahentes
2370 1478 2427 1529 et
2476 1468 2726 1529 eandem
2770 1467 2869 1528 ad-

297 1570 504 1630 dentes
548 1569 830 1649 syllabam
876 1588 968 1647 τε,
1015 1564 1255 1648 πέμπει
1300 1565 1609 1650 πέμπετε,
1654 1564 1870 1648 τρέχει
1902 1565 2185 1649 τρέχετε,
2214 1558 2494 1631 άθλεύει
2524 1564 2869 1649 α’θλεύετε,

295 1667 561 1753 ποιήσει
606 1667 937 1752 ποιήσετε,
984 1663 1368 1749 άροτριάσει
1411 1663 1861 1752 άροτριάσετε,
1911 1666 2181 1752 ἱδρώσει
2227 1667 2566 1753 ἱδρώσετε.
2638 1675 2872 1734 tertiam

296 1792 527 1852 quoque
573 1792 877 1853 personam
924 1773 1216 1852 pluralem
1261 1774 1582 1834 eorundem
1612 1775 1931 1834 verborum
1976 1775 2048 1835 de
2095 1777 2285 1854 prima
2328 1776 2593 1836 eiusdem
2639 1777 2868 1835 numeri

298 1876 518 1935 l'aeiunt
561 1894 688 1955 μεν
732 1883 1031 1936 mutantes
1076 1877 1137 1935 in
1186 1888 1275 1954 σι,
1322 1883 1380 1935 et
1425 1879 1562 1956 quia
1619 1877 1872 1955 pluralis
1926 1878 2099 1937 tertia
2159 1896 2395 1957 semper
2451 1880 2634 1956 exigit
2688 1888 2870 1957 paen*

227 1995 273 2032 15
303 1976 575 2036 ultimam
621 1977 872 2056 longam,
921 1978 1055 2037 ideo
1099 1980 1182 2040 in.
1206 1978 1624 2056 praesentibus
1668 1981 2121 2058 perispomenis,
2169 1981 2229 2039 in
2264 1979 2482 2059 quibus
2512 1980 2621 2040 hoe
2654 1982 2870 2049 evenit,

296 2077 482 2138 solam
538 2079 681 2139 facit
724 2082 1104 2165 mutationem
1149 2078 1441 2158 syllabae,
1500 2089 1565 2140 ut
1610 2080 1897 2151 diximuS,
1966 2100 2091 2161 μεν
2135 2083 2196 2141 in
2245 2094 2333 2159 σι,
2380 2081 2713 2162 φιλοῦμεν
2757 2102 2872 2160 φι-

298 2178 522 2251 λοῦσι,
582 2180 876 2262 τιμῶμεν
929 2180 1199 2261 τιμῶσι,
1249 2181 1716 2262 στεφανοῦμεν
1760 2182 2193 2261 στεφανοῦσι.
2255 2190 2315 2243 at
2357 2184 2417 2243 in
2465 2182 2770 2263 barytonis
2815 2193 2875 2241 et

299 2284 361 2341 in
406 2278 936 2363 περισπωμένων
979 2285 1198 2343 futuris
1243 2283 1405 2344 addit
1447 2285 1844 2363 paenultimae
1890 2304 1956 2363 υ,
2003 2292 2067 2345 ut
2110 2284 2343 2363 longam
2377 2304 2450 2345 ex
2480 2285 2647 2346 brevi
2678 2286 2872 2353 faeiat,

297 2381 533 2464 ἔχομεν
587 2383 847 2463 ἔχουσι,
907 2381 1253 2466 πέμπομεν
1307 2382 1675 2467 πέμπουσι,
1723 2381 2100 2467 λαλήσομεν
2156 2382 2553 2466 λαλήσουσι;
2610 2406 2647 2448 o
2715 2390 2874 2448 enim

219 2507 272 2545 20
298 2486 526 2555 littera,
574 2505 707 2546 cum
755 2488 910 2567 apud
954 2488 1087 2549 illos
1131 2488 1481 2549 naturaliter
1525 2490 1868 2568 corripitur,
1926 2489 2154 2550 adiecta
2200 2509 2244 2550 v
2287 2489 2657 2570 producitur,
2703 2498 2770 2549 ut
2813 2490 2874 2548 in

297 2589 638 2649 nominibus
683 2584 850 2669 κόρη
896 2585 1117 2669 κόρος,
1162 2585 1376 2670 κούρη
1423 2591 1690 2671 κοῦρος,
1722 2583 2060 2672 Ὄλυμπος
2107 2583 2494 2671 Οὕλυμπος,
2550 2591 2873 2672 eademque

299 2699 553 2753 retracta
599 2693 939 2771 corripitur,
986 2687 1302 2771 βούλεται
1346 2688 1639 2772 βόλεται,
1687 2688 2057 2773 τετράπους
2099 2690 2437 2774 τέτραπος.
2515 2712 2686 2754 omne
2734 2711 2875 2770 ergo

299 2793 543 2855 verbum
589 2813 866 2873 graecum
924 2795 1080 2874 quod
1141 2798 1202 2855 in
1251 2808 1318 2856 σι
1362 2797 1708 2877 reppereris
1764 2799 2074 2857 terminari
2133 2799 2344 2858 tertiae
2411 2815 2698 2877 personae
2743 2797 2873 2876 plu·

302 2896 443 2956 ralis
489 2915 617 2956 esse
664 2899 979 2976 pronuntia
1026 2906 1273 2977 excepto
1320 2894 1487 2968 ε’σσί,
1535 2899 1688 2979 quod
1736 2899 1943 2968 solum,
1991 2917 2121 2958 cum
2169 2901 2254 2959 sic
2299 2899 2537 2970 desinit,
2584 2900 2874 2960 secundae

224 3014 276 3055 25
302 3005 409 3066 est,
457 2999 620 3058 cuins
664 3001 855 3077 prima
903 2996 1060 3080 ε’σμί
1099 3007 1158 3060 et
1211 2999 1458 3080 pluralis
1512 3003 1703 3081 prima
1761 2996 1985 3082 ἐσμέν.
2076 3004 2269 3062 omnia
2327 3010 2520 3062 autem
2573 3002 2752 3063 verba
2812 3004 2873 3061 in

299 3120 373 3179 μι
419 3107 645 3160 mutant
686 3121 758 3180 μι
802 3102 862 3160 in
909 3101 1110 3183 σίγμα
1157 3111 1218 3162 et
1262 3104 1484 3164 faciunt
1512 3104 1829 3165 secundam
1864 3122 2196 3182 personam,
2244 3100 2412 3183 φημὶ
2447 3099 2599 3184 φής,
2644 3102 2876 3183 τίθημι

301 3200 512 3281 τίθης.
579 3204 666 3262 sic
696 3201 983 3264 debuerat
1025 3200 1178 3284 ε’σμὶ
1219 3202 1358 3265 ἔσσ.
1408 3205 1512 3265 sed
1556 3208 1694 3284 quia
1739 3205 1901 3266 nulla
1948 3205 2171 3285 syllaba
2218 3208 2280 3265 in
2326 3207 2628 3284 geminum
2673 3205 2875 3285 σίγμα

301 3304 547 3373 desinit,
606 3304 869 3366 additum
928 3314 1019 3366 est
1063 3303 1249 3384 ἰῶτα,
1298 3302 1479 3384 ἐσσί,
1526 3313 1585 3366 et
1627 3316 1872 3387 propter
1925 3308 2317 3369 differentiani
2374 3327 2405 3368 a
2451 3308 2707 3369 secunda
2753 3311 2873 3368 sin-

298 3405 487 3482 gulari
544 3409 718 3467 tertia
776 3426 1055 3487 persona,
1115 3426 1263 3488 quae
1310 3409 1590 3469 similiter
1636 3404 1791 3470 ἐσσί
1829 3409 2115 3470 debuerat
2159 3410 2307 3479 fieri,
2367 3411 2684 3489 assumpsit
2726 3409 2873 3476 ταῦ,

222 3528 273 3566 30
303 3504 463 3568 ἐστί.
522 3507 701 3569 verba
747 3512 906 3570 enim
955 3512 1013 3570 in
1060 3531 1131 3590 μι
1176 3512 1491 3572 terminata
1548 3513 1785 3572 tertiam
1842 3530 2157 3591 personam
2214 3514 2274 3572 in
2334 3526 2402 3572 σι
2456 3513 2721 3580 mittunt,
2771 3509 2874 3572 δί-

300 3604 467 3669 δωσι
509 3605 747 3691 ἵστησι.
819 3631 990 3672 omne
1038 3607 1492 3692 παρατατικόν
1536 3611 1887 3675 naturaliter
1934 3616 1995 3674 in
2040 3633 2121 3674 ον
2165 3618 2518 3675 terminatur
2563 3622 2623 3675 et
2665 3633 2875 3675 secun-

299 3711 432 3771 dam
478 3729 792 3792 personam
839 3733 881 3773 ν
926 3717 987 3774 in
1034 3712 1236 3795 σίγμα
1280 3716 1561 3776 mutando
1592 3723 1652 3776 et
1690 3736 1726 3776 o
1756 3718 1822 3776 in
1855 3735 1885 3776 ε
1917 3716 2330 3777 transferendo
2361 3718 2596 3794 figurat,
2643 3714 2876 3795 ἔλεγον

299 3811 554 3892 ἔλεγες,
621 3812 863 3895 ἔφερον
930 3815 1191 3896 ἔφερες;
1248 3819 1423 3877 tertia
1483 3817 1555 3877 de
1612 3818 2167 3880 secunda-ultimae
2226 3819 2456 3880 litterae
2501 3818 2872 3880 'detractione

299 3916 588 3994 procedit.
678 3916 779 3976 sed
840 3918 994 3997 quod
1053 3921 1469 3999 perispomena
1526 3922 1585 3979 in
1633 3938 1759 3980 ουν
1805 3920 1896 3980 vel
1955 3922 2015 3981 in
2062 3940 2160 3980 ων
2204 3920 2510 3991 desinunt,
2583 3915 2877 3981 ἐκάλουν

219 4013 639 4096 εῡέχρύσουν
699 4014 978 4100 ἐτίμων,
1045 4020 1292 4082 duarum
1350 4021 1707 4101 syllabarum
1765 4024 1825 4082 in
1873 4041 2048 4084 unam
2095 4026 2424 4085 contractio
2489 4024 2651 4084 tecit.
2741 4041 2873 4083 nam

298 4122 595 4198 integrum
643 4130 770 4181 erat
803 4118 1083 4183 ἐκάλεον
1114 4118 1444 4203 ε’χρύσοον
1487 4121 1781 4205 ἐτίμαον,
1827 4143 1899 4184 ex
1945 4143 2060 4203 quo
2105 4143 2238 4185 eum
2287 4126 2496 4187 breves
2541 4127 2690 4187 duae
2736 4144 2874 4185 con-

301 4222 642 4292 trahuntur,
700 4225 760 4283 in
808 4243 986 4286 unam
1032 4225 1266 4304 longam
1309 4228 1664 4288 coalescunt.
1752 4227 1887 4286 ideo
1933 4245 1963 4286 ε
2009 4234 2069 4286 et
2112 4247 2148 4287 ο
2192 4235 2252 4288 et
2293 4247 2329 4288 o
2373 4235 2433 4288 et
2475 4247 2510 4288 ο
2554 4231 2618 4289 in
2663 4247 2746 4288 ov
2790 4229 2874 4288 sa-

433 4447 465 4494 2
502 4453 770 4504 mutantes,
800 4461 900 4510 pro
926 4462 1022 4511 qno
1045 4446 1360 4497 scribendum
1385 4454 1501 4497 erat
1525 4458 1762 4504 mutatur,
1798 4463 1869 4497 ecc
1903 4450 2213 4511 neyleqentt‘a
2237 4451 2560 4513 eoecerptort's
2582 4455 2740 4500 ortum
2765 4465 2876 4498 ease

299 4512 523 4570 videtum·
558 4516 674 4563 item
699 4514 842 4577 infra
866 4514 1256 4577 transferentes,
1282 4516 1548 4576 addentes,
1574 4526 1826 4564 mutantes
1852 4522 1946 4566 ete.
2088 4518 2119 4565 5
2145 4516 2357 4568 λαλεσω
2384 4519 2694 4583 λαλεσομεν
2719 4518 2769 4566 Ρ

301 4587 333 4630 9
367 4591 417 4629 at
450 4584 498 4630 in
523 4598 569 4660 p
602 4593 692 4631 ant
725 4584 774 4631 in
803 4583 853 4631 P
987 4585 1047 4631 11
1081 4574 1386 4647 α’θλεύετε]
1421 4583 1738 4634 αθλευεται
1764 4584 1812 4631 P
1948 4586 2009 4631 12
2043 4577 2336 4650 ποιήσετε]
2369 4599 2670 4650 ποιήσεται
2694 4586 2745 4634 P

301 4641 649 4717 άροτριασει]
678 4664 1035 4713 ατρορειασει
1062 4651 1112 4699 Ρ
1247 4653 1308 4701 19
1344 4641 1662 4715 λαλήσομεν
1693 4644 2000 4715 λαλήσουσι
2030 4651 2186 4701 [arms
2220 4653 2537 4718 αλλησομεν
2572 4653 2873 4719 αλλησουσι

307 4718 352 4764 Ρ
484 4719 549 4766 23
620 4717 791 4768 lnralis
824 4727 875 4768 et
909 4719 1003 4770 ltoc
1037 4723 1147 4770 Ioco
1185 4726 1235 4768 et
1269 4719 1411 4782 infra
1445 4722 1511 4769 29
1548 4727 1597 4768 et
1641 4722 1707 4769 30
1751 4722 1931 4768 delevit
1970 4719 2128 4769 Ianus
2263 4723 2329 4770 29
2376 4718 2618 4787 persona]
2667 4722 2874 4787 pluralis

306 4785 349 4832 Ρ
484 4788 550 4835 30
611 4786 704 4837 στί
732 4787 893 4836 Ianus
925 4801 1075 4838 εσσιτ
1100 4789 1150 4836 P
1283 4784 1579 4854 personam]
1619 4787 1825 4853 pluralis
1855 4788 1901 4835 P
2033 4791 2099 4837 36
2125 4779 2397 4854 ἕχρύσουν
2421 4783 2582 4838 'Ianus
2608 4803 2875 4854 εχρυσεον

302 4854 351 4905 Ρ
483 4855 547 4903 37
576 4869 600 4905 ε
627 4865 729 4905 eto
755 4866 904 4920 atque
930 4872 960 4906 ο
986 4869 1035 4906 et
1059 4873 1088 4907 ο
1115 4859 1161 4906 ἰη
1190 4871 1258 4906 ου
1285 4856 1445 4905 lanus
1472 4871 1497 4907 ε
1523 4870 1571 4905 et
1598 4872 1627 4907 ο
1652 4857 1699 4905 in
1729 4872 1797 4907 ου
1825 4855 1872 4904 P
