3541 5564
1553 341 1694 402 Ans
2839 345 2918 407 37

2537 466 2577 505 p.
2608 456 2718 493 1892.
2745 456 2795 494 93
2823 452 2868 492 Ρ.

343 533 521 591 strior
577 530 1003 609 comparativus
1059 527 1198 610 est].
1272 563 1355 573 —
1429 530 1509 590 Vt
1571 536 1787 610 pater
1850 530 2117 591 frater:
2194 530 2266 591 ad
2337 531 2556 611 aliquid
2615 551 2734 593 non
2792 535 2920 594 sine
2945 547 3122 607 374,9

284 644 290 654 ·
342 652 540 707 causa,
584 631 595 714 Ι
645 633 779 710 quia
826 639 884 692 et
925 638 1095 711 pater
1139 650 1169 692 a
1218 630 1333 691 filio
1377 630 1742 710 intellegitur
1789 640 1846 692 et
1889 630 2044 692 filius
2089 651 2119 692 a
2164 641 2361 712 patre,
2408 634 2593 695 frater
2637 654 2668 695 a
2715 636 2916 697 fratre.

358 770 420 780 -
465 736 549 796 Vt
595 735 856 796 dexter
901 735 1243 795 sinister:
1290 734 1423 813 quia
1470 751 1540 794 ex
1586 733 1798 795 dextro
1843 736 2148 795 sinistrum
2192 735 2611 815 intellegimuS,
2661 757 2728 798 ex
2775 739 2918 798 sini-

336 845 458 899 stro
503 837 797 899 dextrum.
843 869 930 881 —-
971 836 1161 898 Ilaec
1206 837 1783 915 comparativum
1841 837 2269 898 admittunt:
2338 841 2471 916 quia
2530 839 2669 901 facit
2712 840 2914 902 dexte·
2944 855 3008 902 10

285 943 485 1010 srior,
534 940 896 1008 sinisterior;
955 938 1140 999 frater
1183 939 1426 1000 fratrior
1469 938 1664 999 facere
1711 957 1828 998 non
1876 947 2087 1017 potest.
2133 972 2218 983 —
2262 940 2444 1002 Sunt
2496 942 2639 1002 alia
2694 961 2918 1021 gene·
2946 957 3004 1004 11

336 1041 553 1102 ralia:
631 1048 696 1101 ut
750 1043 811 1101 in
857 1039 1173 1102 rhetoricis
1218 1042 1498 1119 generale
1545 1049 1601 1101 et
1645 1042 1906 1120 speciale
1950 1048 2059 1111 est,
2108 1041 2212 1102 sed
2259 1046 2488 1121 species
2530 1044 2799 1123 pendens
2844 1044 2917 1105 de

333 1162 569 1222 genere.
630 1178 715 1188 —-
771 1141 871 1223 [de
926 1141 1138 1224 verbo]
1194 1142 1354 1203 Alia
1408 1144 1435 1202 s
1444 1151 1602 1204 acta
1659 1142 1743 1203 de
1799 1143 2060 1204 verbo:
2135 1144 2283 1206 haec
2349 1147 2585 1206 nomina
2640 1146 2915 1208 verbialia
2945 1161 3006 1208 12

334 1245 640 1315 dicuutur,
699 1264 851 1326 quae
895 1246 967 1307 de
1013 1244 1208 1306 verbis
1253 1247 1419 1306 liunt.
1512 1244 1731 1326 [dictor
1777 1246 1916 1305 facit
1973 1246 2212 1316 dictrix,
2272 1245 2459 1308 lector
2504 1249 2642 1307 facit
2686 1247 2912 1318 lectrix,

331 1356 534 1409 auctor
579 1367 702 1410 non
746 1348 883 1408 lacit
926 1350 1185 1416 auctrix,
1243 1349 1381 1428 quia
1436 1356 1527 1407 est
1582 1350 1911 1409 communis
1967 1348 2260 1430 generis]
2310 1357 2450 1409 tunc
2492 1332 2911 1429 intellegimus,

259 1466 306 1504 ιο
332 1451 566 1531 quando
612 1452 896 1512 feminina
942 1450 1190 1520 faciunt,
1240 1449 1476 1530 quando
1521 1452 1858 1511 communia
1888 1458 2052 1512 sunt:
2101 1452 2153 1511 si
2195 1467 2235 1510 α
2265 1450 2462 1512 verbis
2492 1453 2782 1530 originem
2812 1452 2916 1514 ha·

330 1552 585 1623 buerint,
636 1552 794 1614 unde
840 1551 1232 1622 descendunt,
1280 1553 1506 1614 faciunt
1549 1553 1929 1624 femininum,
1978 1562 2044 1614 ut
2087 1562 2293 1614 cantor
2326 1554 2461 1615 ideo
2491 1552 2632 1615 facit
2661 1556 2911 1626 cantrix,

329 1657 462 1732 quia
508 1656 651 1717 facit
694 1653 938 1716 verbum
995 1663 1199 1723 canto;
1261 1664 1496 1725 auctor,
1546 1657 1681 1733 quia
1730 1655 1986 1716 verbiale
2041 1674 2162 1716 non
2209 1662 2329 1725 est,
2381 1653 2391 1737 Ι
2440 1656 2575 1717 ideo
2620 1666 2708 1718 est
2752 1675 2912 1717 com-

328 1776 521 1828 mune,
554 1758 697 1819 licet
726 1756 1019 1837 aliquanta
1046 1765 1248 1818 contra
1272 1757 1536 1835 regulam
1566 1759 1915 1818 auctoritate
1947 1760 2066 1818 sint
2087 1766 2387 1838 usurpata.
2430 1792 2518 1807 --
2550 1761 2630 1818 vt
2673 1758 2915 1819 dictor

329 1861 594 1921 lector:
652 1859 903 1937 gerundi
960 1860 1164 1920 ultimo
1212 1867 1478 1938 tempore
1524 1859 1786 1921 ultimam
1833 1859 2117 1941 syllabam
2164 1861 2223 1919 in
2269 1879 2339 1920 or
2384 1866 2598 1927 vertet,
2658 1868 2717 1920 et
2774 1860 2912 1920 saci—

226 1973 301 2016 015
326 1981 458 2023 mus
503 1980 742 2022 nomeu.
833 1970 1026 2022 amatu
1071 1961 1341 2023 ultimum
1390 1970 1622 2042 tempus
1668 1971 1785 2031 est,
1834 1970 2090 2032 amator,
2148 1969 2384 2023 cantatu
2430 1970 2715 2031 cantator,
2767 1981 2914 2023 cano

326 2065 485 2125 canis
527 2060 556 2146 Η
599 2065 756 2125 canit
810 2072 983 2125 cantu
1041 2072 1246 2125 cantor
1302 2065 1472 2135 facit,
1532 2066 1730 2126 nutrio
1788 2067 2063 2125 nutritor.
2142 2098 2222 2108 —
2303 2062 2597 2144 [Qualitas
2642 2084 2673 2125 a
2720 2064 2968 2127 tribus4

326 2167 577 2227 trahitur
622 2166 822 2235 rebuS,
851 2165 942 2226 -ab
988 2168 1212 2234 animo,
1260 2175 1323 2227 ut
1369 2166 1579 2257 doctus
1624 2168 1870 2235 stultuS,
1920 2184 1953 2226 a
1997 2184 2276 2245 corpore,
2326 2174 2390 2226 ut
2419 2165 2669 2246 pulcher
2700 2169 2909 2245 turpis,

327 2270 724 2339 extrinsecus,
773 2274 837 2327 ut
882 2268 1045 2328 dives
1088 2267 1451 2337 fortunatum
1499 2271 1797 2349 quantitas
1842 2287 1981 2329 vero
2028 2287 2060 2328 a
2107 2286 2384 2348 corpore,
2446 2276 2510 2329 ut
2563 2268 2717 2329 altus
2772 2287 2908 2347 par·

323 2368 478 2450 vus]
555 2404 640 2412 -
708 2370 870 2432 Alia
928 2369 1177 2431 verbis
1237 2370 1541 2431 similia:
1616 2373 1729 2432 ista
1790 2372 2028 2432 nomina
2074 2388 2191 2430 non
2236 2370 2423 2432 solum
2471 2372 2710 2431 nomina
2754 2378 2908 2442 sunt,
2939 2387 3002 2435 13

250 2486 299 2527 zo
325 2472 426 2534 sed
476 2480 537 2533 et
568 2471 746 2532 verba
791 2490 924 2533 nam
958 2474 1210 2534 dicimus
1240 2472 1490 2533 comedo
1535 2472 1811 2534 comedis·
1840 2472 2097 2534 comedit
2143 2471 2234 2554 [et
2264 2495 2302 2531 -x
2346 2475 2500 2534 sicut
2529 2472 2639 2533 edo
2672 2490 2735 2533 es
2767 2472 2906 2553 est],

325 2583 382 2636 et
433 2575 576 2634 facit
633 2574 729 2635 bic
786 2574 1031 2635 comedo
1089 2575 1261 2636 buius
1318 2574 1677 2637 comedonis.
1768 2578 1853 2636 sic
1900 2585 1958 2635 et
2000 2574 2176 2655 palpo
2221 2575 2424 2656 palpas
2467 2574 2666 2655 palpat
2712 2582 2771 2636 et
2811 2573 2911 2635 hic

322 2676 494 2756 palpo
552 2675 730 2737 huius
784 2676 1082 2756 palponis;
1159 2680 1244 2738 sic
1302 2687 1361 2739 et
1415 2678 1665 2739 verbero
1727 2677 2007 2739 verberas
2065 2676 2337 2739 verberat
2393 2685 2451 2738 et
2505 2678 2603 2738 hic
2658 2678 2906 2739 verbero

322 2779 494 2841 liuius
537 2778 903 2841 verberonis.
977 2781 1062 2840 sic
1108 2791 1166 2841 et
1210 2782 1642 2860 contemplator
1688 2789 1781 2842 est
1825 2780 2069 2842 verbum
2112 2779 2377 2842 futurum
2416 2777 2425 2862 1
2465 2782 2680 2860 passivi
2722 2784 2905 2862 impc-

322 2884 521 2952 rativi‚
555 2890 622 2944 ut
663 2881 1093 2962 contemplator
1139 2883 1598 2963 contempletur;
1644 2891 1732 2945 est
1763 2891 1821 2943 et
1851 2900 2067 2943 nomen
2114 2882 2210 2943 hic
2254 2885 2686 2962 contemplator
2731 2884 2906 2945 huius

250 3000 296 3041 2⁵
322 2984 821 3063 contemplatoris
914 2986 999 3045 sic
1044 2993 1104 3046 et
1148 2985 1483 3065 speculator
1529 2995 1618 3047 est
1660 2986 1907 3047 verbum
1954 2985 2216 3046 futurum
2263 2985 2642 3064 deponentis,
2690 3005 2904 3066 specu-

323 3086 472 3147 lator
515 3085 893 3165 speculetur;
953 3096 1043 3148 est
1086 3094 1145 3147 et
1187 3106 1404 3147 nomen
1450 3088 1546 3148 hic
1588 3088 1924 3167 speculator
1967 3087 2142 3148 huius
2196 3086 2603 3166 speculatoris.
2694 3087 2905 3148 similia

319 3189 496 3250 verba
541 3205 585 3266 ᾳ
628 3188 968 3249 nominibus
1008 3191 1089 3249 ita
1135 3189 1571 3258 discernuntur,
1620 3190 1776 3268 quod
1824 3191 2062 3250 nomina
2105 3189 2342 3250 casibus
2386 3191 2678 3259 serviunt,
2726 3189 2902 3251 verba

320 3288 688 3370 temporibus
734 3289 1125 3351 declinantur.
1216 3293 1522 3371 participia
1569 3311 1600 3352 a
1647 3291 1985 3352 nominibus
2028 3300 2086 3352 et
2115 3312 2146 3353 a
2180 3291 2375 3353 verbis
2419 3292 2505 3352 sic
2548 3292 2901 3354 discernun-

320 3399 444 3461 tur,
491 3391 651 3471 quod
699 3393 938 3453 nomina
983 3391 1217 3454 casibus
1260 3395 1613 3472 iunguntur,
1660 3393 1839 3455 verba
1885 3392 2270 3473 temporibus

248 3511 296 3553 ω
490 3493 1081 3573 Conparationis
1123 3495 1425 3573 gradus:
1472 3515 1764 3566 ¹ascensus
1809 3496 2044 3575 quidam
2089 3494 2162 3557 ad
2210 3496 2677 3576 amplificandam
2723 3499 2900 3576 signi·
2931 3512 2992 3560 15

322 3597 654 3657 ficationem
712 3596 932 3674 gradus
988 3605 1127 3658 sunt
1180 3597 1341 3658 dicti.
1423 3631 1499 3642 —-
1576 3600 1655 3660 Vt
1721 3597 2053 3659 demens:
2129 3599 2237 3658 ista
2296 3600 2535 3660 nomina
2578 3601 2903 3679 participiis
2932 3616 2992 3662 13

322 3699 651 3777 praesentis
696 3700 980 3778 temporis
1025 3698 1234 3760 similia
1278 3709 1431 3762 sunt.
1506 3700 1611 3761 sed
1656 3701 1968 3780 participia
1998 3708 2055 3760 et
2087 3701 2323 3760 nomina
2372 3728 2407 3762 a
2454 3701 2688 3778 quando
2718 3704 2900 3780 signi-

322 3800 624 3860 ficationes
669 3818 807 3861 suas
851 3808 1113 3871 servant,
1173 3803 1477 3881 participia
1523 3808 1687 3869 sunt;
1760 3802 1997 3884 quando
2044 3803 2543 3881 comparationem
2590 3804 2899 3883 recipiunt,

323 3904 577 3963 nomina.
633 3899 643 3983 Ι
691 3903 743 3962 si
787 3910 875 3962 est
917 3920 1088 3963 casus
1132 3905 1474 3976 accusativi,
1532 3906 1864 3984 praesentis
1916 3905 2201 3983 temporis
2244 3912 2334 3965 est
2377 3905 2782 3990 participium;
2851 3907 2900 3967 si

456 4107 582 4159 0011.
619 4104 782 4156 Ber-n.
827 4106 896 4154 Vl
936 4105 1116 4158 3—5.
1309 4113 1342 4161 4
1386 4110 1721 4160 admittuntur
1877 4109 1911 4160 6
1957 4109 2185 4159 retoricis
2338 4109 2587 4175 speciales
2633 4110 2728 4160 sed
2865 4111 2900 4160 8

322 4175 461 4244 finnt]
508 4177 703 4228 faciunt
820 4175 941 4225 facit
976 4178 1133 4228 dictix
1172 4178 1290 4228 facit
1326 4180 1480 4230 lectur
1514 4180 1637 4230 facit
1671 4180 1822 4229 lectix
1966 4178 2031 4230 10
2066 4178 2252 4229 femina
2367 4176 2593 4244 quando]
2642 4180 2761 4243 quia

322 4247 365 4296 si
402 4247 573 4296 uerbis
711 4244 945 4295 babuerit
1086 4248 1151 4299 12
1185 4264 1476 4299 communes
1511 4251 1622 4300 lieet
1660 4249 1907 4313 aliquanti
1949 4258 2124 4298 contra
2159 4247 2337 4315 regula
2375 4250 2688 4299 auctoritatis
2724 4263 2900 4300 susur-

322 4320 455 4382 patio
600 4317 666 4366 15
701 4326 895 4366 amator
930 4318 1160 4368 ultimum
1197 4326 1399 4385 tempus
1435 4330 1511 4370 est
1553 4330 1747 4369 amator
1783 4328 1984 4368 cantatu
2033 4328 2293 4369 cantaturo
2332 4333 2458 4368 cano
2601 4318 2666 4369 16
2700 4318 2895 4382 cantor]

322 4395 541 4438 cantator
579 4401 718 4439 corr.
756 4387 824 4437 al.
860 4404 991 4439 man.
1029 4397 1201 4438 cantor
1342 4391 1556 4440 nutritur
1700 4391 1759 4440 17
1807 4403 1838 4437 a
1881 4404 2092 4453 corpore
2138 4404 2168 4437 a
2215 4388 2426 4453 pulcher
2601 4388 2665 4439 19
2700 4389 2869 4438 verbis

323 4458 483 4509 uersis
628 4453 698 4506 23
732 4455 850 4507 buis
991 4461 1059 4510 24
1094 4469 1148 4507 ut
1182 4459 1569 4526 contemplator]
1607 4469 1659 4509 ut
1686 4460 1999 4525 contemplor
2138 4467 2214 4508 est
2251 4456 2319 4524 et]
2365 4466 2470 4507 este
2609 4458 2676 4509 26
2706 4467 2783 4510 eat
2820 4387 2894 4522 et}

323 4536 426 4577 este
528 4526 615 4576 hic
651 4527 942 4592 speculatur
1047 4531 1112 4579 27
1144 4544 1173 4578 a
1198 4544 1289 4580 om,
1431 4529 1498 4580 28
1532 4530 1859 4579 ‹lisernuntur
1997 4527 2064 4579 3⁴
2097 4529 2300 4578 nomina
2337 4529 2381 4577 si
2418 4542 2661 4593 praesens
2699 4538 2898 4594 tempus

323 4605 398 4647 est
431 4596 760 4663 participium
795 4607 870 4647 est
905 4613 1055 4649 casus
1091 4600 1368 4650 accusatibi
1403 4602 1449 4650 si
1488 4599 1710 4667 genetiui

321 4839 353 4891 d
454 4770 521 4823 32
573 4774 763 4821 lacaena
814 4788 959 4842 quam
1006 4773 1226 4823 indicavi
1264 4771 1390 4822 haec
1434 4772 1553 4837 fere
1600 4772 1853 4822 excidisse
1905 4772 2163 4832 videntur,
2200 4771 2403 4821 casibus
2452 4780 2500 4819 et
2542 4771 2899 4839 conparatione

355 4852 672 4892 tacernuntur
