3541 5564
634 341 712 409 18
1735 348 2084 414 CLEDONIl

682 470 722 510 p.
754 457 864 497 1871.
894 459 942 497 τε
970 456 1014 497 1‘.

631 537 916 607 ostendit,
964 538 1067 598 sed
1115 537 1260 599 velle
1307 556 1510 616 agere,
1559 548 1622 599 ut
1666 539 1941 600 lecturio:
1989 542 2274 619 significat
2307 542 2461 600 enim
2495 559 2610 600 non
2645 538 2806 616 lego,
2855 539 2958 599 sed
3004 536 3204 618 legere

630 640 779 700 volo.
843 639 1169 700 inchoativa
1215 640 1472 710 ealese0,
1522 641 1714 702 calere
1760 643 1993 721 incipio.
2053 642 2378 702 inchoativa
2437 650 2628 702 autem
2675 643 2864 702 forma
2910 641 3055 702 haec
3099 641 3203 701 ba-

629 741 774 803 bere
830 742 1036 812 debet,
1084 753 1148 803 ut
1192 744 1416 803 oriatur
1455 740 1464 825 l
1504 762 1535 803 a
1567 742 1818 804 neutrali
1863 744 2045 804 verbo
2091 754 2149 806 et
2193 754 2361 805 exeat
2403 746 2465 804 in
2512 764 2612 804 sco
2659 741 2958 822 syllabam,
3009 752 3206 804 careat

629 854 898 925 tempore
956 847 1277 925 praeterito
1322 847 1588 924 perfecto
1636 854 1694 907 et
1737 846 2345 927 plusquamperfecto,
2404 853 2602 907 careat
2659 847 2834 905 etiam
2878 846 3204 925 participiis

629 948 810 1008 futuri
864 936 1148 1027 temporis
1205 958 1264 1008 et
1320 949 1528 1009 tertiae
1586 968 1822 1029 semper
1879 951 1954 1009 sit
2007 949 2432 1027 coniugationis
2491 956 2820 1029 correptae.
2909 949 2959 1008 si
3004 955 3199 1007 autem
3229 964 3252 1003 5

629 1051 821 1110 minus
867 1051 1069 1119 suerit,
1119 1068 1238 1110 non
1285 1051 1397 1110 erit
1441 1052 1629 1111 forma
1673 1052 2034 1121 inchoativa,
2083 1051 2185 1112 sed
2231 1051 2524 1130 perfecta,
2573 1057 2637 1110 ut
2682 1067 2994 1129 compesco
3041 1067 3203 1110 com-

629 1154 852 1231 pescis:
900 1160 1132 1232 tempus
1163 1154 1547 1231 praeteritum
1581 1155 1909 1230 perfectum
1944 1155 2281 1233 compescui
2305 1153 2498 1227 facit,·
2541 1151 2764 1212 ideirco
2810 1169 2930 1212 non
2975 1152 3204 1212 videtur

627 1254 958 1314 inchoativa
989 1254 1196 1314 forma.
1258 1255 1689 1332 frequentativa
1737 1264 1906 1317 canto
1939 1264 2168 1331 εαηίαε,
2203 1259 2424 1317 cantito
2468 1256 2742 1323 caumas:
2790 1255 3017 1333 primae
3065 1259 3204 1313 sunt

629 1357 1073 1433 coniugationiS.
1129 1392 1214 1400 —
1275 1356 1592 1418 Sciendum
1649 1360 1879 1419 tertiam
1938 1359 2409 1436 coniugationem
2456 1356 2596 1417 binc
2640 1356 2856 1418 distare
2897 1376 2933 1416 a
2977 1365 3202 1435 quarta,

628 1457 783 1534 quod
829 1465 1033 1537 quarta
1079 1460 1412 1537 coniugatio
1460 1462 1722 1521 futurum
1767 1460 2060 1540 duplicem
2106 1459 2335 1528 babeat,
2383 1461 2555 1521 tertia
2600 1458 2943 1539 simplicem.
3008 1467 3204 1518 tamen
3234 1476 3279 1513 ιο
3368 1528 3372 1535 ὁ

628 1560 838 1620 melius
895 1562 1255 1638 coniugatio,
1318 1556 1440 1622 sive
1498 1570 1773 1642 correpta
1831 1564 1906 1623 sit
1950 1564 2071 1623 sive
2117 1561 2431 1642 producta,
2489 1561 2716 1622 infinito
2771 1560 2947 1627 modo
2992 1559 3204 1638 depre-

630 1661 938 1731 henditur,
986 1663 1085 1722 ubi
1131 1665 1304 1724 etiam
1353 1664 1563 1725 melius
1607 1663 1961 1743 syllabarum
1991 1673 2198 1725 natura
2231 1665 2624 1741 cognoscitur.
2690 1662 3010 1723 notandum
3041 1660 3199 1741 quod

627 1766 819 1843 prima
864 1772 924 1824 et
968 1766 1225 1827 secunda
1271 1768 1604 1844 coniugatio
1649 1785 1885 1846 semper
1927 1768 2187 1828 futurum
2228 1766 2239 1848 Ι
2278 1768 2339 1825 in
2384 1765 2460 1826 bo
2509 1767 2700 1835 mittit,
2749 1766 2922 1826 tertia
2968 1782 3204 1843 semper

627 1868 687 1927 in
733 1886 845 1937 am,
893 1873 1102 1946 quarta
1146 1868 1430 1947 producta
1480 1875 1538 1929 et
1580 1871 1641 1929 in
1687 1889 1780 1952 am
1828 1877 1887 1929 et
1930 1871 1990 1929 in
2037 1867 2128 1929 bo.
2195 1866 2498 1928 sciendum
2532 1866 2687 1946 quod
2719 1869 2909 1946 prima
2943 1864 3202 1928 secunda

631 1975 690 2028 et
732 1977 941 2048 quarta
987 1971 1320 2048 coniugatio
1369 1972 1659 2032 inlinitum
1702 1971 2057 2052 productum
2102 1971 2323 2051 habent
2367 1977 2425 2030 et
2470 1971 2643 2031 tertia
2701 1975 3061 2048 correptum.
3123 1965 3205 2047 [et
3231 1985 3279 2023 ιτ»

630 2071 955 2150 inperative
1010 2074 1205 2132 nutrio
1275 2071 1548 2153 nutriris]
1610 2076 1846 2134 tertiam
1906 2081 2237 2151 correptam
2291 2071 2379 2132 vel
2439 2071 2788 2152 productam
2846 2071 2919 2131 de
2973 2071 3204 2149 passivo

632 2175 1048 2251 cognoscimus
1093 2173 1167 2234 de
1209 2174 1528 2254 penultima
1577 2174 1797 2255 syllaba
1829 2176 2038 2236 infiniti
2059 2174 2256 2242 modi:
2303 2174 2598 2252 colligitur
2630 2181 2688 2234 et
2730 2173 2803 2234 de
2833 2173 3201 2253 imperativo,

629 2276 731 2353 qui
775 2294 807 2335 a
852 2283 1066 2336 neutro
1113 2277 1333 2337 veniat:
1383 2276 1456 2337 ab
1500 2278 1847 2356 imperativo
1894 2296 1926 2337 e
1971 2284 2276 2357 correpto,
2326 2276 2547 2345 scribe:
2598 2276 2668 2337 ab
2715 2276 2963 2343 infinito,
3010 2273 3068 2333 id
3116 2280 3205 2333 est

629 2385 946 2457 perpetuo,
993 2378 1201 2438 scribi:
1250 2380 1391 2439 item
1435 2379 1508 2440 ab
1553 2380 1900 2460 imperativo
1931 2381 1951 2439 i
1984 2380 2302 2457 producto,
2335 2380 2531 2447 muni:
2581 2378 2653 2439 ab
2685 2378 2930 2448 infinito,
2964 2377 3202 2437 muniri.

392 2492 511 2554 359,
537 2493 602 2540 29
630 2512 712 2523 —-
736 2478 819 2538 Et
849 2474 876 2562 ss
906 2480 1246 2540 infinito:
1282 2483 1390 2541 tria
1424 2480 1599 2542 verba
1631 2483 1692 2541 in
1724 2483 2073 2561 imperativo
2106 2487 2350 2560 excepta
2379 2489 2533 2549 sunt,
2569 2479 2700 2540 dico
2732 2480 2884 2540 duco
2916 2479 3085 2548 facio,
3109 2477 3201 2537 die
3225 2496 3278 2535 20

629 2580 742 2641 due
798 2581 919 2651 l'ac,
979 2601 1095 2642 non
1155 2582 1315 2651 dice,
1375 2602 1495 2643 non
1557 2582 1736 2655 duce,
1795 2602 1912 2644 non
1972 2585 2115 2644 sace.
2205 2582 2359 2663 quod
2406 2584 2456 2643 si
2500 2583 2927 2652 invenerimuS,
2977 2580 3201 2640 comice

629 2682 851 2744 dictum
896 2692 1001 2744 est.
1091 2684 1251 2744 modi
1297 2703 1436 2763 ergo
1480 2687 1812 2764 imperativi
1857 2687 2143 2765 temporis
2199 2687 2527 2765 praesentis
2572 2684 2866 2746 secundae
2909 2699 3202 2761 personae

629 2806 694 2847 re
726 2786 945 2866 syllaba
977 2787 1201 2848 adiecta
1233 2789 1297 2848 fit
1340 2788 1550 2849 modus
1596 2794 1916 2868 perpetuus
1960 2818 1996 2853 κ
2041 2785 2051 2872 Ι
2088 2798 2152 2849 ut
2181 2788 2383 2849 dicere
2426 2788 2644 2848 ducere
2688 2789 2904 2857 facere,
2955 2792 3201 2864 excepto

632 2907 776 2956 uno,
838 2889 993 2966 quod
1051 2889 1225 2950 modo
1281 2891 1508 2951 infinito
1565 2891 1693 2951 sine
1752 2909 1819 2951 re
1877 2890 2094 2969 syllaba
2144 2892 2522 2960 terminatur,
2573 2898 2636 2950 ut
2681 2888 2810 2950 volo
2855 2887 3033 2958 velle,
3081 2906 3199 2947 non

626 2989 872 3060 vellere,
922 2997 981 3050 et
1020 3010 1139 3051 uno
1185 2991 1504 3062 defective,
1554 3011 1699 3053 esse.
3226 3007 3275 3046 εἰ»

537 3105 598 3154 31
796 3092 1093 3168 Quando
1139 3096 1395 3154 tertia:
1462 3097 1636 3156 tertia
1682 3096 2014 3172 coniugatio
2060 3094 2343 3174 producta
2391 3092 2704 3173 aliquando
2749 3095 2809 3154 in
2854 3094 2930 3154 bo
2975 3099 3201 3154 tantum

631 3195 832 3265 mittit,
881 3194 1192 3275 aliquando
1239 3205 1296 3256 et
1338 3198 1399 3256 in
1448 3214 1538 3258 am
1587 3206 1645 3259 et
1686 3198 1744 3257 in
1794 3197 1899 3258 bo:
1947 3206 2086 3257 tunc
2115 3198 2178 3256 in
2210 3195 2284 3256 bo
2329 3203 2581 3266 tantum,
2628 3195 2861 3275 quando
2905 3194 3202 3255 indicativi

630 3295 788 3356 modi
832 3297 1022 3375 prima
1067 3315 1319 3376 persona
1367 3319 1399 3359 e
1444 3298 1623 3359 habet
1667 3309 1804 3359 ante
1849 3318 1883 3358 o
1928 3298 2190 3359 ultimam
2239 3295 2538 3376 syllabam,
2588 3311 2651 3359 ut
2682 3316 2827 3357 exeo
2856 3298 2998 3357 facit
3026 3296 3200 3356 exibo

629 3405 882 3467 tantum3
945 3407 1082 3459 tunc
1130 3408 1188 3460 et
1229 3402 1292 3460 in
1337 3418 1430 3460 am
1478 3408 1537 3460 et
1578 3402 1637 3460 in
1686 3399 1792 3471 bo,
1855 3400 2087 3480 quando
2130 3402 2192 3459 in
2238 3405 2418 3478 suipra
2463 3398 2616 3460 dicta
2661 3418 2915 3478 persona
2959 3401 2979 3458 i
3024 3397 3205 3459 habet

626 3508 763 3560 ante
819 3499 1087 3561 ultimam
1142 3521 1205 3571 o,
1268 3509 1332 3562 ut
1389 3503 1616 3561 nutrio:
1678 3502 1817 3563 l'acit
1873 3504 2030 3563 enim
2088 3510 2146 3562 et
2200 3504 2453 3562 nutriam
2512 3512 2568 3562 et
2613 3502 2871 3562 nutribo·
2962 3520 3096 3562 nam
3142 3510 3274 3561 etao

629 3602 912 3681 Vergilius
957 3602 1102 3663 dixit

626 3765 634 3776 ,
930 3705 1256 3774 audiam,
1306 3714 1375 3765 et
1418 3705 1598 3765 haee
1642 3722 1898 3767 manes
1943 3707 2192 3767 veniet
2235 3704 2407 3766 mihi
2454 3707 2638 3767 lama
2684 3704 2815 3765 sub
2859 3707 3072 3774 imoS,

629 3814 686 3866 et
730 3806 1046 3867 Terentius
1093 3807 1238 3866 dixit
1284 3808 1585 3868 ‘matris
1628 3806 1927 3868 servibo
1975 3808 2422 3869 commodis'.
2512 3807 2610 3868 ille
2654 3809 2717 3868 in
2761 3826 2854 3867 am
2901 3815 2958 3867 et
3000 3807 3095 3868 hic
3138 3809 3200 3869 in

536 3923 601 3972 33
629 3908 703 3968 bo
750 3910 935 3977 misit,
981 3909 1139 3968 unde
1184 3917 1429 3988 apparet
1474 3917 1785 3988 utramque
1832 3927 1961 3970 esse
2007 3909 2289 3987 regulam.
2339 3945 2421 3955 —-
2467 3911 2755 3971 Genera
2801 3909 3198 3970 verborum

627 4029 807 4090 quae
868 4019 936 4072 et
992 4011 1643 4087 significationes:
1703 4012 1885 4073 activa
1942 4020 2080 4072 sunt
2134 4030 2284 4091 quae
2338 4030 2402 4072 se
2456 4011 2674 4090 aliquid
2731 4029 2907 4089 agere
2954 4010 3271 4072 demon-³5

626 4119 830 4182 strant,
877 4113 1104 4191 passiva
1151 4130 1299 4190 quae
1342 4114 1493 4192 pati,
1540 4121 1749 4174 neutra
1781 4131 1932 4191 quae
1952 4111 2106 4190 ,nihil
2150 4114 2395 4174 horum:
2448 4114 2799 4192 deponentia
2843 4130 2953 4192 pei·
2997 4120 3193 4173 catan-

606 4197 886 4284 ¹til'rasin,
941 4212 950 4293 Ι
1001 4214 1115 4274 hoe
1172 4223 1258 4274 est
1312 4234 1420 4295 per
1474 4216 1979 4285 contrarietatem,
2044 4217 2195 4276 sieut
2238 4216 2484 4286 Parcae,
2533 4214 2686 4294 quod
2732 4214 2875 4275 nulli
2918 4205 3192 4296 parchi&

626 4324 728 4376 aut
771 4324 933 4377 certe
975 4316 1110 4377 ideo
1155 4315 1375 4377 dictum
1422 4325 1510 4378 est
1553 4317 1874 4397 deponenS,
1922 4316 2076 4396 quod
2111 4316 2366 4397 deponat
2400 4319 2886 4395 significationem
2917 4319 3193 4377 activam:

764 4489 884 4539 God.
921 4487 1080 4539 Bern.
1116 4490 1161 4538 11
1199 4485 1424 4538 7*—-111
1453 4488 1498 4538 1.
1607 4488 1639 4538 3
1676 4489 1727 4537 in
1759 4502 1845 4538 sco
1877 4487 2069 4554 syllaba
2166 4489 2201 4537 4
2235 4489 2450 4552 tempori
2553 4489 2584 4537 7
2623 4488 2931 4553 compescuit
2963 4487 3042 4552 (id
3069 4487 3191 4541 add.

624 4560 691 4611 al.
732 4563 889 4620 man.)
928 4560 1060 4610 circo
1164 4559 1196 4608 8
1236 4556 1554 4621 frequentina
1590 4570 1733 4608 canto
1772 4560 1990 4608 canticas
2024 4557 2186 4624 (corr.
2225 4557 2356 4621 ·tas)
2387 4558 2578 4622 primae
2675 4559 2739 4609 15
2772 4558 2921 4607 habet
3031 4558 3091 4608 17
3131 4558 3194 4607 de

626 4630 1010 4694 penesultimam
1045 4627 1289 4693 syllabam
1398 4629 1463 4679 23
1499 4629 1657 4678 eiecta
1764 4631 1832 4679 24
1858 4627 2067 4678 imssnito
2171 4627 2238 4678 28
2274 4625 2322 4693 e]
2361 4638 2410 4677 et
2514 4627 2581 4678 29
2620 4637 2738 4677 tunc
2773 4629 2922 4678 etiam
2958 4636 3005 4676 et
3043 4628 3092 4675 in
3132 4627 3193 4676 bo

762 4699 830 4751 33
855 4700 1133 4751 commodis
1157 4715 1292 4753 corr,
1324 4698 1592 4762 quomodis
1690 4698 1756 4750 35
1780 4699 1957 4762 aliquit
2060 4696 2127 4748 36
2154 4696 2279 4746 nihil
2303 4714 2444 4748 orum
2550 4698 2616 4748 38
2645 4695 2924 4763 deponens]
2968 4696 3194 4761 depones

760 4854 825 4907 31
867 4852 1145 4923 Vergilius]
1196 4855 1321 4905 Aen.
1360 4854 1447 4903 llll
1483 4852 1584 4904 387
1725 4852 1794 4904 33
1820 4850 2109 4917 Terentius]
2147 4852 2276 4906 Hec.
2318 4852 2461 4918 1115,
2489 4854 2554 4905 45
