3541 5564
1416 368 1812 431 EXCERPTA
2793 364 2931 436 597*

343 565 502 636 crat,
557 555 997 640 Hieronymus
1047 551 1364 617 Columna
1419 553 1486 615 in
1544 553 1798 617 duobus
1852 552 2050 615 Ennii
2105 551 2487 634 fragmentis
2534 574 2595 635 p.
2650 551 2766 613 173
2823 551 2922 614 ed.

347 657 541 721 Vind.
589 658 671 721 ab
715 654 826 720 illo
872 656 1155 741 primum
1201 654 1392 718 editis
1440 654 1609 718 Enn.
1656 654 1888 738 fragm.
1937 651 2211 738 Neapoli
2266 675 2322 716 a.
2380 653 2540 716 1590
2584 675 2643 736 p.
2701 652 2813 714 101
2862 661 2926 714 et

343 760 486 822 234.
532 760 676 844 ipsa
721 767 1032 841 excerpta
1075 780 1242 842 quae
1274 758 1417 820 dixi
1463 768 1526 820 et
1571 779 1653 820 ex
1699 756 1820 820 hoc
1865 755 2088 820 codice
2133 763 2200 817 et
2243 776 2325 817 ex
2372 754 2705 839 superiore
2752 753 2926 816 edita

344 872 494 925 sunt
547 860 616 923 in
672 859 986 924 analectis
1042 861 1484 942 grammaticis
1543 857 1827 921 Vindob.
1886 880 1944 921 a.
1997 857 2153 921 1837
2212 879 2274 941 p.
2339 856 2457 918 145
2502 877 2641 940 sqq.
2701 866 2926 940 postea

349 962 540 1026 lanus
587 960 813 1025 eadem
860 982 989 1024 una
1032 981 1178 1023 cum
1225 960 1538 1024 Parisinis
1586 961 1908 1045 excerptis
1954 958 2049 1022 ita.
2092 957 2312 1037 edidit,
2358 967 2428 1021 ut
2472 966 2778 1043 excerpta
2823 978 2922 1020 co-

345 1064 505 1126 dicis
555 1063 631 1126 16
676 1085 869 1151 saepe
915 1085 1060 1126 cum
1105 1061 1235 1126 illis
1268 1062 1737 1126 consentientia
1782 1060 2076 1125 subiecta
2120 1058 2539 1123 adnotatione
2585 1058 2717 1122 suis
2764 1057 2921 1122 locis

345 1165 780 1245 adscriberet,
838 1163 1104 1228 alterius
1162 1176 1377 1229 autem
1432 1164 1673 1227 codicis
1739 1172 2087 1227 tractatum
2134 1161 2213 1224 de
2258 1161 2459 1226 verbo
2506 1161 2572 1222 in
2619 1160 2745 1223 fine
2791 1159 2923 1223 edi·

345 1267 538 1332 tionis
584 1265 935 1342 exhiberet.
972 1255 976 1260 ⁴

509 1369 809 1454 Denique
853 1391 1064 1453 pauca
1092 1379 1402 1453 excerpta
1432 1366 1747 1431 Macrobii
1800 1366 2103 1450 leguntur
2150 1365 2215 1427 in
2248 1365 2470 1429 codice
2501 1363 2922 1428 Laudunensi

341 1471 466 1532 444
511 1453 682 1534 saec.
730 1469 862 1547 IX,
912 1471 958 1532 f.
1004 1471 1044 1532 ἵ)
1093 1475 1389 1549 Exempla
1432 1475 1858 1548 barytonorum
1903 1474 2227 1531 secundum
2272 1473 2634 1530 macrobium
2681 1471 2920 1530 theodo-

339 1579 489 1636 sium
537 1599 700 1635 emm
747 1577 970 1635 tribulo
1014 1581 1159 1636 etc.:
1224 1574 1306 1638 cf.
1361 1569 1704 1655 catalogue
1758 1567 2023 1654 general
2069 1569 2184 1632 des
2230 1591 2549 1632 manuscr.
2597 1567 2711 1631 des
2759 1566 2915 1632 bibl.

345 1672 458 1737 des
505 1673 649 1759 dep.
685 1674 718 1736 I
762 1696 826 1758 p.
859 1673 1002 1753 234,
1051 1671 1461 1737 Ilildebrand
1506 1670 1779 1756 glossar.
1825 1669 1938 1735 lat.
1984 1670 2143 1735 bibl.
2178 1672 2385 1734 Paris.
2435 1674 2630 1755 praes.
2668 1694 2729 1756 p.
2764 1669 2919 1749 VII,

345 1775 634 1840 Rudorff.
683 1775 763 1838 de
807 1774 1004 1858 glosa.
1041 1774 1383 1840 Philoxeni
1428 1785 1493 1838 et
1524 1772 1754 1860 Cyrilli
1801 1793 2030 1836 comm.
2079 1772 2371 1836 academ.
2403 1771 2721 1836 Berol.=a.
2758 1772 2921 1835 1865

343 1899 406 1961 p.
453 1878 598 1940 213.
658 1877 870 1961 prima
913 1876 1117 1940 verba
1160 1877 1226 1939 in
1285 1876 1720 1963 descriptione
1762 1875 2004 1938 codicis
2050 1872 2484 1939 exhibuerunt
2527 1872 2921 1938 Hildebran-

343 1979 462 2041 dus
511 1988 574 2041 et
619 1977 1030 2060 Rudorffius3
1074 1978 1215 2063 ipse
1261 1978 1496 2042 librum
1544 2000 1668 2042 non
1699 1978 1859 2042 vidi.
1950 1975 2064 2039 sed
2109 1975 2335 2040 eadem
2383 1976 2680 2062 quamvis
2726 1974 2920 2040 valde

345 2091 648 2165 corrupte
706 2080 949 2163 scripta
1012 2079 1233 2143 inveni
1289 2080 1357 2141 in
1401 2078 1622 2144 codice
1667 2080 1960 2144 Parisino
2007 2078 2173 2142 7499
2217 2077 2283 2141 in
2328 2076 2589 2143 scholiis
2636 2076 2920 2162 Eutychi

345 2204 406 2266 p.
448 2182 607 2260 452,
648 2181 731 2248 24
769 2179 1151 2266 adscriptis,
1202 2185 1529 2258 ferculum.
1592 2187 1903 2261 Excerpta
1950 2206 2258 2249 uiprantem«,
2300 2207 2463 2241 ωΛιΒω
2502 2217 2559 2223 ·—
2604 2201 2918 2255 empnam

349 2290 523 2347 uinco
567 2289 667 2347 uel
708 2290 897 2347 nimio
942 2290 1264 2347 uinculum.

513 2386 590 2449 In
646 2384 916 2448 edendis
972 2386 1293 2471 excerptis
1349 2386 1417 2449 id
1473 2386 1573 2469 egi
1642 2397 1715 2449 ut
1774 2383 2176 2469 singulorum
2242 2407 2551 2470 generum
2622 2393 2918 2449 naturam

346 2487 664 2567 integram
719 2509 1085 2566 servarein,
1143 2497 1459 2567 ceterum,
1521 2499 1832 2573 quantum
1880 2487 2019 2552 fieri
2064 2498 2309 2574 posset,
2355 2488 2661 2552 brevitati
2707 2486 2919 2551 stude·

345 2610 498 2651 rem.
589 2589 807 2674 itaque
865 2587 1125 2652 diversa
1191 2601 1638 2674 excerptorum
1697 2612 1967 2674 genera,
2027 2595 2319 2676 quamvis
2378 2611 2570 2672 saepe
2624 2589 2793 2652 inter
2850 2612 2920 2653 se

344 2690 775 2770 consentiant,
824 2700 1050 2775 utpote
1095 2713 1179 2754 ex
1224 2691 1448 2755 eodem
1492 2691 1672 2756 fonte
1719 2693 1954 2775 petita,
2002 2703 2213 2755 tamen
2259 2692 2609 2777 separatim
2651 2691 2918 2755 exhibui

343 2792 626 2855 numeris
673 2790 979 2874 locorum,
1025 2794 1139 2857 ubi
1184 2792 1450 2857 eaedem
1494 2817 1597 2857 res
1643 2792 1748 2858 vel
1794 2797 1860 2858 in
1891 2795 2203 2858 Parisinis
2236 2792 2339 2858 vel
2386 2796 2451 2857 in
2481 2792 2917 2858 Bobiensibus

345 2895 668 2980 excerptis
731 2903 1125 2977 tractantur,
1183 2897 1249 2957 in
1303 2895 1709 2978 marginibus
1767 2896 2147 2983 adscriptis,
2194 2896 2317 2959 nisi
2365 2896 2537 2982 quod
2582 2918 2710 2959 uno
2756 2895 2917 2978 loc0,

346 2995 454 3080 qui
501 2996 727 3059 eodem
782 2996 973 3061 modo
1026 2997 1092 3059 in
1135 2996 1442 3061 Bobiensi
1509 2996 1730 3062 codice
1777 3007 1969 3084 atque
2012 2999 2080 3060 in
2124 2998 2423 3061 Parisino
2469 2998 2750 3083 scriptus
2796 3010 2916 3079 est,

343 3119 425 3160 ne
470 3095 698 3160 eadem
743 3097 844 3161 bis
888 3109 1302 3183 ponerentur,
1347 3098 1521 3163 illius
1554 3098 2062 3185 discrepantiam
2093 3100 2417 3184 excerptis
2451 3098 2761 3163 Parisinis
2808 3099 2917 3163 ad-

345 3199 599 3285 scripsi.
671 3208 1012 3284 praeterea
1054 3199 1517 3266 declinationes
1563 3202 1911 3266 verborum
1958 3200 2303 3265 latinorum
2351 3203 2415 3263 in
2460 3202 2768 3265 Bobiensi
2812 3224 2915 3265 co-

345 3302 488 3365 dice
533 3309 682 3385 post
726 3312 1084 3387 temporum
1142 3313 1205 3367 et
1248 3303 1584 3368 modorum
1639 3304 2094 3368 tractationem
2138 3304 2445 3388 repetitas
2491 3303 2716 3387 paucis
2763 3303 2917 3367 locis

346 3403 633 3488 exceptis
679 3402 887 3467 omisi.
975 3405 1270 3470 codicum
1315 3416 1529 3471 autem
1576 3407 1962 3490 scripturam
2009 3405 2075 3467 in
2104 3404 2419 3468 Parisinis
2466 3405 2789 3490 excerptis
2835 3428 2919 3468 ex

348 3503 488 3566 Iani
534 3503 841 3586 editione,
887 3505 957 3568 in
999 3506 1430 3572 Bobiensibus
1476 3529 1560 3572 ex
1603 3508 2093 3572 vindobonensi
2137 3507 2360 3594 petivi.
2450 3529 2656 3592 neque
2700 3516 2917 3570 tamen

344 3627 784 3692 quaecumque
836 3607 906 3670 in
960 3612 1212 3691 graecis
1269 3608 1603 3674 vocabulis
1661 3610 1897 3674 vitiose
1964 3632 2003 3673 a
2068 3608 2351 3673 librariis
2406 3610 2648 3694 scripta
2712 3617 2916 3688 erant,

343 3729 510 3793 quae
555 3710 1044 3773 accuratissime
1090 3733 1129 3774 a
1158 3711 1775 3777 Vindobonensibus
1822 3710 2303 3780 editoribus.ex
2334 3710 2769 3774 Bobiensibus
2815 3732 2917 3774 co-

345 3810 633 3892 dinibus,
690 3813 903 3875 minus
962 3823 1294 3893 accurate,
1350 3823 1423 3877 ut
1482 3813 1744 3879 videtur
1799 3836 1838 3876 a
1892 3812 2208 3878 Presselio
2276 3835 2310 3875 e
2368 3813 2657 3876 Parisino
2713 3810 2919 3876 relata

301 3923 546 3993 crant,
591 3913 898 3977 indicavi.
970 3936 1120 3978 nam
1151 3937 1299 3978 cum
1328 3914 1608 3999 plurima
1653 3915 1718 3977 in
1761 3914 1881 3979 boc
1925 3938 2160 3997 genere
2206 3938 2239 3978 e
2286 3937 2595 4001 perversa
2638 3937 2915 4000 pronun-

343 4015 547 4079 tiandi
594 4025 658 4078 et
701 4015 1028 4080 scribendi
1074 4016 1323 4080 ratione
1367 4026 1513 4080 orta
1566 4039 1709 4081 esse
1751 4026 2033 4098 constet,
2080 4028 2152 4081 ut
2197 4040 2226 4079 ε
2273 4028 2335 4081 ot
2379 4040 2446 4079 αι
2490 4015 2596 4080 vel
2640 4041 2680 4099 η
2695 4066 2713 4098 ,
2772 4038 2808 4078 o
2854 4025 2918 4080 et

344 4141 417 4197 ω,
467 4139 523 4180 ει
569 4128 634 4181 et
679 4140 733 4198 ι,
779 4123 831 4180 θ
874 4127 939 4180 et
981 4140 1017 4180 τ
1062 4140 1254 4203 saepe
1309 4128 1703 4202 permutata,
1760 4118 1922 4183 haec
1967 4119 2185 4183 omnia
2228 4118 2607 4203 scrupulosa
2650 4116 2916 4202 diligen-

343 4221 434 4282 tia
498 4219 789 4283 indicare
844 4219 912 4282 in
966 4217 1066 4282 his
1122 4219 1384 4304 quidem
1440 4218 1624 4284 libris
1685 4243 1814 4284 non
1873 4222 2081 4283 minus
2139 4220 2367 4283 inutile
2421 4230 2546 4298 est,
2603 4241 2793 4306 quam
2848 4219 2916 4282 in

343 4318 688 4384 latinorum
752 4319 1218 4386 vocabulorum
1288 4320 1746 4407 orthographia
1814 4323 2074 4385 morari.
2165 4321 2399 4385 deinde
2459 4322 2527 4384 in
2591 4321 2670 4384 iis
2736 4321 2913 4404 lociS,

343 4422 575 4507 quibus
619 4423 915 4487 codicum
961 4422 1398 4509 discrepantia
1442 4424 1773 4510 adscripta
1815 4434 1944 4503 est,
1991 4446 2121 4488 non
2167 4432 2543 4489 constanter
2586 4422 2915 4503 adnotavi,

345 4524 489 4609 quis
549 4523 948 4588 levissimum
1003 4548 1320 4613 quemque
1377 4524 1793 4590 librariorum
1850 4546 2133 4589 errorem
2186 4526 2436 4612 primus
2502 4527 2910 4601 correxisset,

345 4625 460 4688 sed
479 4636 661 4708 ,tum,
705 4650 850 4690 cum
895 4627 1088 4713 paulo
1134 4627 1399 4711 gravior
1442 4650 1584 4691 esse
1628 4628 1979 4692 videbatur
2021 4629 2383 4692 emendatio
2427 4626 2533 4692 vel
2578 4627 2832 4712 longius
2878 4651 2917 4690 a

347 4725 530 4791 libris
576 4751 770 4792 manu
815 4730 1072 4814 scriptis
1119 4730 1490 4811 recedebat,
1537 4730 1799 4793 nomina
1844 4752 2064 4794 eorum
2108 4730 2217 4817 qui
2264 4752 2484 4793 veram
2528 4730 2914 4815 scripturam

345 4830 795 4914 restituerant,
861 4833 915 4896 si
981 4833 1172 4897 modo
1230 4833 1313 4896 ab
1380 4830 1526 4895 aliis
1595 4832 1861 4897 inventa
1921 4841 2092 4914 erat,
2159 4832 2498 4917 adscripsi.
2556 4831 2916 4919 3Opsopoei
