3541 5564
1406 370 1547 432 ARS
1607 370 1734 430 VIII
1782 372 1968 432 2——7
2849 368 2975 433 433

453 490 497 532 p.
527 477 640 519 1⁷14.
668 478 717 518 15
740 475 788 518 Ρ.
2616 491 2657 532 p.
2684 480 2775 521 340.
2803 481 2852 521 47
2879 478 2924 519 L.

399 560 671 627 mittunt,
730 577 882 637 quae
942 560 1003 619 in
1059 560 1361 638 praesenti
1419 565 1686 638 tempore
1743 559 2048 620 indicativi
2104 560 2260 620 modi
2317 578 2356 619 u
2417 568 2551 620 ante
2599 562 2975 621 novissimam

402 660 660 721 litteram
705 659 943 729 habent,
990 667 1057 720 ut
1099 658 1299 722 tribuo
1344 660 1560 730 tribui,
1609 668 1803 722 statuo
1847 663 2058 730 statui,
2105 663 2307 722 minuo
2352 662 2566 731 minui,
2616 662 2819 723 imbuo
2863 664 2974 722 im-

403 760 538 832 bui,
584 761 779 822 adnuo
825 763 1037 832 adnui,
1085 763 1241 824 diluo
1288 762 1462 832 dilui,
1510 762 1697 823 obruo
1743 763 1948 833 obrui,
1997 763 2178 823 induo
2222 764 2420 823 indui:
2466 765 2529 823 in
2561 764 2656 824 his
2688 764 2803 824 duo
2849 772 2973 823 tan-

403 871 554 933 tum,
612 883 762 944 quae
818 866 883 924 in
935 866 994 924 xi
1052 866 1294 926 mittunt
1346 867 1770 945 praeteritum,
1830 866 1949 926 ssuo
1992 865 2166 935 fluxi,
2214 872 2377 927 struo
2421 868 2632 926 struxi.
2723 873 2783 925 et
2826 884 2973 944 quae

349 968 463 1028 sin
510 966 567 1026 lo
613 964 896 1047 syllabam
952 975 1171 1028 exeunt
1226 969 1287 1027 in
1344 970 1676 1047 praesenti,
1724 968 1914 1028 nihilo
1960 970 2156 1028 minus
2199 968 2585 1046 praeteritum
2629 968 2687 1027 in
2733 969 2792 1027 ui
2842 968 2973 1027 mit-

401 1076 561 1138 tunt,
622 1075 688 1129 ut
742 1068 871 1128 volo
928 1069 1117 1138 volui,
1180 1069 1316 1130 nolo
1370 1069 1565 1139 nolui,
1626 1070 1756 1130 colo
1815 1070 2002 1139 colui,
2060 1070 2305 1131 consulo
2349 1069 2650 1138 consului,
2697 1068 2788 1129 alo
2834 1070 2973 1129 alui.

398 1189 586 1252 pauca
630 1178 944 1251 praeterea
990 1173 1051 1232 in
1097 1171 1345 1232 eandem
1391 1173 1829 1233 extremitatem
1875 1173 2115 1233 mittunt
2159 1174 2575 1251 praeteritum,
2619 1189 2973 1251 quamquam

400 1291 683 1353 praesens
739 1273 931 1334 simile
989 1273 1405 1353 superioribus
1459 1292 1575 1334 non
1633 1273 1921 1343 habeant,
1980 1282 2169 1334 tremo
2228 1275 2473 1342 tremui,
2531 1290 2701 1350 gemo
2757 1275 2973 1351 gemui,

398 1376 590 1436 fremo
633 1376 872 1446 fremui,
920 1378 1086 1455 rapio
1136 1378 1325 1456 rapui,
1374 1394 1684 1455 compesco
1727 1378 2098 1456 compescui,
2146 1383 2318 1436 necto
2350 1377 2547 1446 nexui,
2594 1382 2779 1436 sterto
2824 1383 2974 1435 ster·

327 1480 519 1547 10101,
565 1485 738 1558 pecto
782 1481 992 1557 peimi,
1040 1485 1174 1538 texo
1219 1481 1409 1547 texui,
1457 1497 1701 1539 senesco
1733 1480 1935 1547 senui,
1982 1480 2161 1557 gigno
2190 1479 2399 1556 genui,
2449 1485 2509 1537 et
2551 1480 2719 1557 siqua
2767 1496 2836 1538 ex
2883 1478 2976 1537 his

400 1585 852 1658 componuntur.
941 1582 995 1639 vi
1060 1580 1280 1661 syllaba
1338 1583 1733 1641 terminantur
1800 1581 1859 1640 in
1927 1582 2251 1659 praeterito
2317 1581 2465 1640 baec
2531 1580 2683 1649 sola,
2758 1598 2975 1659 sperno

399 1682 629 1760 sprevi,
693 1688 895 1742 sterno
960 1685 1173 1752 stravi,
1241 1699 1423 1744 cerno
1489 1684 1685 1751 crevi,
1751 1701 1887 1743 sero
1942 1685 2095 1751 sevi,
2165 1690 2294 1742 tero
2359 1683 2530 1750 trivi,
2589 1700 2765 1760 pasco
2819 1683 2973 1762 pavi,

399 1801 621 1862 quaero
666 1785 960 1863 quaesivi,
1008 1785 1130 1845 lino
1174 1784 1308 1853 livi,
1356 1787 1597 1865 quiesco
1642 1786 1873 1864 quievi,
1909 1783 1936 1866 Η
1971 1786 2148 1864 00010
2193 1785 2420 1863 cupivi,
2468 1801 2792 1844 consuesco
2836 1802 2974 1843 con-

400 1886 598 1951 suevi,
645 1891 784 1964 peto
826 1888 1039 1964 petivi,
1088 1888 1253 1965 sapio
1297 1889 1505 1966 sapivi.
1580 1889 1644 1948 in
1689 1889 1709 1947 i
1754 1888 2095 1967 praeposita
2140 1891 2499 1947 consonante
2544 1887 2606 1945 in
2651 1887 2976 1964 praeterito

328 2011 378 2051 15
403 1985 710 2055 desinunt,
758 2006 907 2067 quae
954 1990 1014 2048 in
1061 1991 1360 2068 praesenti
1407 1988 1482 2050 do
1526 1987 1749 2068 syllaba
1797 1992 2192 2049 terminantur
2234 1987 2626 2067 praecedente
2674 2006 2711 2047 0
2756 1987 2973 2055 littera,

401 2095 468 2148 ut
509 2088 728 2149 scando
773 2090 1006 2159 scandi,
1067 2090 1320 2151 ascendo
1366 2091 1635 2161 ascendi,
1695 2090 1954 2151 accendo
2011 2090 2286 2160 accendi,
2334 2088 2628 2150 descendo
2673 2088 2973 2157 descendi,

402 2189 635 2249 offendo
690 2190 939 2261 offendi,
999 2193 1193 2271 pando
1251 2193 1462 2272 pandi,
1521 2193 1748 2272 prendo
1803 2192 2045 2272 prendi,
2103 2192 2318 2253 mando
2363 2191 2593 2251 mandi:
2671 2191 2784 2250 tria
2829 2209 2867 2251 n
2914 2194 2975 2251 in

401 2294 728 2371 praeterito
773 2294 1080 2363 amittunt,
1127 2294 1311 2355 fundo
1356 2295 1513 2364 ludi,
1560 2295 1765 2374 linquo
1809 2295 1988 2374 liqui,
2037 2294 2244 2355 scindo
2290 2293 2469 2354 scidi:
2530 2294 2616 2353 sic
2660 2291 2934 2353 Lucanus

705 2401 828 2454 aut
873 2395 1106 2455 scidit
1149 2404 1221 2456 et
1266 2397 1542 2457 medias
1587 2397 1773 2457 iecit
1816 2396 1965 2456 sibi
1998 2396 2239 2457 litora
2286 2400 2570 2454 terras:

323 2522 374 2562 ω
401 2504 462 2556 01
490 2514 640 2576 quae
671 2497 867 2557 minus
897 2516 1011 2558 una
1042 2496 1262 2576 syllaba
1293 2500 1708 2577 proferuntur,
1741 2498 2031 2578 producta
2061 2491 2253 2577 prima
2283 2495 2505 2575 syllaba
2536 2498 2598 2556 in
2628 2498 2974 2576 praeterito,

401 2616 551 2679 quae
583 2600 646 2659 in
676 2601 978 2677 praesenti
1011 2601 1364 2678 corripitur,
1415 2609 1478 2661 ut
1508 2604 1677 2681 capio
1708 2603 1870 2680 cepi,
1905 2602 2058 2661 iacio
2089 2602 2234 2668 ieci,
2283 2600 2436 2660 facio
2467 2599 2604 2668 leci,
2637 2600 2800 2676 fugio
2832 2599 2973 2676 fugi,

400 2700 561 2761 fodio
615 2701 759 2762 rodi.
847 2718 1033 2780 pauca
1088 2710 1399 2781 praeterea
1454 2700 1719 2787 eanldem
1777 2702 2097 2764 clausulam
2153 2700 2374 2763 habent
2418 2702 2735 2761 novissima
2778 2701 2975 2761 littera

400 2806 734 2883 praesentis
789 2806 1073 2884 temporis
1125 2806 1189 2863 10
1241 2805 1262 2864 1
1316 2823 1628 2875 conversa,
1685 2807 1855 2866 vinco
1913 2808 2057 2875 vici,
2116 2822 2326 2883 rumpo
2382 2805 2545 2882 rupi,
2603 2802 2763 2862 solvo
2808 2804 2973 2872 solvi,

403 2906 568 2966 volvo
624 2906 804 2975 volvi,
859 2906 1014 2966 cudo
1067 2906 1224 2967 cudi.
1314 2909 1375 2968 in
1431 2911 1481 2969 si
1539 2911 1929 2988 praeteritum
1985 2910 2227 2969 mittunt
2280 2907 2375 2967 illa
2432 2904 2647 2974 verba,
2704 2923 2855 2984 quae
2913 2907 2975 2964 in

326 3034 378 3074 25
406 3007 705 3085 praesenti
749 3007 824 3067 do
868 3008 960 3068 vel
1003 3027 1099 3068 mo
1144 3008 1386 3089 syllabis
1429 3013 1854 3080 terminantur,
1901 3011 1952 3070 si
1999 3012 2081 3069 sit
2124 3016 2332 3068 natura
2377 3008 2547 3085 longa
2592 3007 2973 3086 paenultima,

405 3116 470 3168 ut
524 3108 663 3169 ludo
718 3107 862 3178 lusi,
921 3109 1089 3169 laedo
1150 3110 1321 3180 laesi,
1380 3113 1525 3172 cedo
1581 3114 1765 3181 cessi,
1824 3110 2038 3191 plaudo
2093 3110 2313 3189 plausi,
2373 3109 2548 3171 trudo
2593 3109 2775 3177 trusi,
2834 3108 2976 3168 rado

403 3212 552 3280 rasi,
610 3209 796 3270 inlido
851 3210 1044 3280 inlisi,
1104 3211 1300 3272 adlido
1356 3213 1559 3283 adlisi‚
1619 3209 1827 3294 promo
1894 3214 2188 3292 prompsi,
2247 3230 2416 3273 sumo
2482 3212 2738 3289 sumpsi,
2805 3210 2977 3270 demo

404 3311 663 3390 dempsi,
719 3330 956 3373 resumo
1014 3315 1330 3393 resumpsi.
1421 3322 1482 3375 et
1533 3333 1769 3394 premo,
1827 3315 2096 3394 quamvis
2155 3321 2426 3394 correpta
2470 3313 2550 3373 sit
2593 3310 2973 3392 paenultima,

402 3415 466 3473 in
512 3413 760 3475 eandem
805 3413 1089 3494 syllabam
1135 3417 1292 3490 exit,
1338 3423 1400 3476 et
1441 3417 1725 3496 quicquid
1757 3435 1829 3476 ex
1860 3435 1931 3476 eo
1975 3416 2366 3495 componitur,
2414 3422 2479 3475 ut
2507 3431 2714 3493 premo
2757 3415 2971 3494 pressi,

325 3541 377 3583 30
404 3517 670 3595 exprimo
714 3518 1001 3595 expressi,
1051 3519 1379 3596 comprimo
1423 3520 1773 3597 compressi.
1830 3524 1896 3581 et
1938 3535 2088 3597 quae
2131 3518 2194 3577 in
2241 3516 2317 3577 bo
2362 3517 2450 3577 vel
2497 3517 2557 3576 in
2602 3534 2679 3594 po
2723 3513 2977 3595 syllabas

405 3617 715 3687 desinunt,
763 3620 1154 3697 praeteritum
1199 3619 1473 3680 similiter
1516 3623 1578 3680 10
1625 3621 1675 3679 si
1720 3619 2004 3700 syllabam
2052 3621 2320 3688 mittunt,
2382 3625 2448 3678 ut
2492 3615 2691 3679 scribo
2735 3618 2973 3696 scripsi,

541 3803 575 3854 3
607 3804 776 3854 adnuo
815 3832 883 3842 —
919 3803 1043 3854 dilui
1078 3812 1129 3856 ee
1162 3806 1317 3856 induo
1347 3807 1487 3855 indui
1514 3823 1603 3856 om.
1632 3808 1722 3862 Ρς
1861 3807 1912 3855 10
1951 3807 1966 3855 1
2002 3803 2083 3855 1110
2121 3806 2222 3855 duo
2259 3812 2451 3855 1001010
2482 3811 2739 3854 mutantur
2773 3803 2978 3865 (notan-

403 3884 486 3924 tur
515 3875 570 3937 s)
603 3884 797 3924 1001010
835 3876 885 3924 F
912 3889 977 3923 cx
1013 3872 1095 3923 his
1129 3875 1229 3925 (100
1268 3885 1526 3927 mutantur
1556 3885 1750 3925 1001010
1773 3892 1811 3941 9
1844 3892 1909 3925 ex
1946 3875 2027 3926 his
2058 3876 2159 3925 duo
2196 3884 2428 3925 notantur
2449 3884 2643 3925 tantum
2670 3887 2705 3928 ς
2798 3871 2832 3923 6
2862 3872 2978 3922 0010

405 3944 542 3995 00101
566 3959 660 3998 om.
699 3944 747 3992 P
880 3942 915 3993 8
952 3944 1117 3994 simile
1152 3943 1334 4008 (simili
1359 3946 1433 4008 F)
1471 3947 1823 4011 superioribus
1858 3946 2072 4002 babeant
2106 3946 2195 4001 Fe
2228 3944 2475 3995 dissimile
2512 3943 2858 4010 superioribus
2888 3942 2980 3991 ha-

406 4016 613 4080 1100019
733 4022 787 4063 ut
825 4024 981 4064 tremo
1021 4017 1202 4064 tremui
1238 4030 1387 4082 gemo
1425 4017 1586 4066 fremo
1626 4031 1757 4081 pono
1791 4017 1871 4065 sui
1905 4025 2076 4080 strepo
2114 4015 2202 4080 pui
2239 4029 2361 4079 rapo
2402 4026 2667 4079 compesco
2707 4021 2851 4062 necto
2889 4013 2979 4061 xui

404 4091 558 4135 sterto
605 4085 677 4135 tui
724 4091 871 4150 pecto
916 4084 1006 4132 xui
1054 4093 1172 4134 texo
1222 4086 1312 4135 xui
1357 4087 1515 4152 gigno
1558 4087 1715 4152 genui
1747 4101 1785 4151 9
1955 4083 1989 4135 9
2027 4086 2168 4151 rapio
2207 4083 2376 4150 rapui]
2411 4086 2553 4149 pario
2592 4083 2738 4150 parui
2772 4083 2821 4130 P
2855 4096 2978 4146 paro

405 4155 590 4220 (pareo
620 4153 676 4217 f)
712 4155 858 4218 parui
895 4155 956 4213 F,
993 4170 1086 4207 om.
1124 4169 1159 4211 ς
1301 4155 1367 4205 10
1402 4157 1563 4222 gigno
1603 4156 1785 4223 gignni
1820 4156 1871 4204 P
1903 4169 2074 4220 gygno
2112 4156 2305 4220 gygnui
2339 4155 2391 4203 F
2425 4155 2582 4220 gigno
2622 4153 2778 4218 genui
2816 4154 2979 4201 incre-

404 4226 554 4274 besco
589 4224 834 4275 increbui.
874 4238 989 4272 0010
1025 4224 1228 4273 inci-ebo
1261 4240 1359 4274 000
1399 4226 1654 4276 inuenitur
1691 4239 1726 4282 ς
1870 4226 1934 4276 12
1973 4240 2086 4274 sero
2122 4223 2259 4272 serui
2290 4231 2394 4272 tero
2432 4224 2559 4274 tei-ui
2600 4223 2647 4271 F
2784 4222 2848 4272 13
2876 4222 2978 4271 lino

406 4294 508 4343 1001
543 4296 624 4345 001
664 4295 807 4344 110101
836 4309 871 4359 9
907 4294 1021 4343 leno
1059 4294 1191 4343 10001
1226 4295 1278 4344 F
1378 4296 1442 4346 14
1479 4297 1624 4361 00010
1662 4296 1812 4359 sapui
1851 4295 1900 4343 F
1932 4295 2078 4359 sapio
2113 4295 2260 4358 sapui
2291 4294 2435 4357 sepio
2467 4292 2612 4358 sepui
2642 4306 2675 4355 9
2804 4291 2870 4344 18
2904 4292 2979 4340 sic

405 4365 594 4418 Lucan,
636 4365 688 4414 in
730 4364 789 4413 lll
828 4364 1125 4414 Putscleiust
1163 4364 1235 4413 sic
1265 4364 1478 4414 lucanus
1516 4367 1585 4414 011
1615 4364 1778 4414 Scidit
1810 4371 1858 4413 et
1895 4364 1944 4412 in
1972 4363 2164 4411 medias
2202 4361 2320 4411 fecit
2343 4362 2570 4412 sibilator
2608 4372 2800 4410 uteri-as
2834 4376 2867 4417 ς
2904 4361 2978 4410 0ἰο

406 4434 618 4483 lucanus
654 4435 804 4483 scidit
840 4445 890 4484 et
927 4434 979 4482 in
1020 4434 1213 4483 medias
1247 4432 1385 4495 (rell.
1416 4434 1533 4499 om.)
1557 4450 1619 4501 9:
1657 4434 1900 4484 Phar-sat.
1935 4433 2000 4481 lll
2042 4431 2106 4482 61
2248 4432 2312 4482 21
2365 4431 2495 4482 facio
2532 4430 2628 4481 feci
2665 4447 2756 4482 om.
2797 4432 2847 4480 F
3001 4473 3007 4483 ,

405 4504 472 4552 22
522 4502 671 4553 fodeo
726 4502 834 4554 lodi
889 4518 1000 4553 0100
1053 4504 1151 4552 0101
1200 4503 1249 4552 F
1417 4505 1485 4556 23
1517 4505 1661 4555 soluo
1698 4502 1833 4553 solui
1889 4503 2020 4552 cudo
2074 4502 2189 4550 cudi
2229 4501 2379 4551 00100
2410 4497 2649 4566 (uoloF)
2686 4500 2824 4549 uolui
2860 4501 2978 4555 Fe:

407 4572 538 4621 cudo
574 4574 853 4624 secundum
892 4573 1168 4623 Diomeden
1207 4580 1257 4621 et
1289 4573 1574 4626 Chai-isium
1609 4584 1657 4623 01
1691 4572 1908 4623 Phocam
1941 4572 2083 4632 cusi,
2119 4572 2397 4620 secundum
2436 4572 2565 4620 alios
2601 4570 2717 4619 cudi
2752 4570 2979 4620 Priscia-

406 4658 499 4692 nus
527 4643 564 4694 l.
600 4642 647 4692 X
681 4658 733 4705 p.
763 4644 883 4705 515,
921 4645 1001 4695 16.
1044 4643 1110 4694 de
1146 4641 1374 4693 Char-isio
1409 4645 1495 4709 (p.
1533 4643 1665 4703 246,
1701 4644 1758 4706 5)
1795 4651 1846 4692 et
1884 4644 2053 4694 Phoco
2084 4656 2291 4692 etv-asse
2326 4642 2522 4692 videtur
2553 4641 2867 4691 Priscianus.
2916 4638 2979 4689 ab

404 4713 763 4774 interpolatore
807 4721 1094 4778 corruptum
1132 4728 1244 4763 esse
1286 4713 1501 4764 Phocum
1531 4713 1745 4776 putabat
1767 4711 2057 4763 Bondamus
2094 4726 2206 4764 var.
2244 4714 2357 4764 lece.
2396 4727 2451 4774 p.
2488 4701 2615 4760 270·
2764 4711 2831 4760 24
2870 4706 2978 4774 1110]

407 4781 600 4844 syllaba
637 4784 688 4833 F
709 4781 954 4848 syllabam
986 4797 1020 4840 ς
1160 4797 1261 4846 qua
1298 4793 1347 4833 et
1383 4784 1636 4852 praesenti
1678 4784 1723 4833 P
1860 4784 1929 4834 25
1965 4783 2118 4848 longa
2157 4796 2224 4847 00
2269 4781 2546 4847 penultima
2581 4781 2629 4828 P
2765 4780 2834 4830 28
2869 4794 2977 4829 cor—

407 4860 557 4918 rupta
590 4853 640 4902 Ρ
777 4852 840 4902 31
879 4852 1079 4920 syllaba
1117 4854 1163 4905 P
2565 4862 2575 4873 ’
