3541 5564
585 336 713 401 320
1741 342 2016 405 IVLlANl

639 460 680 499 p.
714 449 785 487 109
813 446 866 486 R.

756 526 899 589 Item
944 529 1340 588 interiectioni
1386 538 1530 608 quot
1572 529 1886 590 accidunt?
1931 530 2182 590 Tantum
2229 531 2594 609 significatio.
2672 532 3032 611 Significatio
3077 534 3167 593 in-

588 629 951 691 teriectionis
1009 632 1067 691 in
1129 650 1247 709 quo
1306 633 1432 691 est?
1505 631 1652 702 Quia
1700 638 1802 692 aut
1860 630 2138 692 laetitiam
2198 616 2625 709 signilicamuS,
2673 642 2737 694 ut
2782 653 2955 701 evax,
3005 634 3165 712 quod

588 740 676 793 est
719 733 1051 793 interiectio
1095 733 1436 809 gaudentis;
1486 741 1584 794 aut
1627 731 1922 798 dolorem.
1967 741 2034 793 ut
2076 734 2221 804 heu,
2268 734 2326 794 id
2372 742 2460 795 est
2504 736 2834 796 interiectio
2881 734 3163 814 lugentis;

585 841 684 895 aut
729 835 1203 907 admirationem,
1252 842 1318 895 ut
1360 854 1578 915 papae,
1626 838 1779 897 sicut
1823 836 2060 914 quidam
2119 835 2325 897 scribit
2379 839 2674 917 ‘papae,
2724 840 2973 898 vivere
3019 858 3161 899 non

586 935 801 1007 licet,
849 942 920 996 et
963 938 1331 997 fornicari
1389 936 1680 1008 libet?’;
1744 947 1845 999 aut
1891 946 2142 1008 metum,
2203 939 2358 998 sicut
2401 946 2548 1008 atat,
2595 939 2750 999 sicut
2793 938 3028 1000 solitum
3076 947 3216 999 ests,

584 1037 826 1118 parvulo
860 1037 973 1099 dici
1009 1048 1183 1108 totto,
1232 1039 1467 1119 quando
1498 1039 1853 1118 prohibetur
1885 1040 2200 1102 comedere
2233 1048 2472 1101 terram.
2512 1076 2583 1084 -
2620 1041 2703 1101 Et
2735 1042 2942 1121 siqua
2991 1049 3166 1101 sunt

585 1140 892 1201 similia:
945 1149 1000 1201 et
1046 1160 1195 1221 quae
1241 1150 1379 1249 sunt
1421 1141 1671 1203 similia?
1715 1141 1926 1213 Multa,
1975 1162 2123 1222 quae
2157 1141 2226 1202 ad
2259 1144 2748 1221 significationem
2780 1144 2961 1222 partis
2993 1143 3164 1203 istius

582 1245 902 1323 pertinent.

633 1372 677 1412 Ρ·
701 1359 728 1400 ⁵
755 1358 805 1400 Β·
1641 1382 1736 1443 DE
1782 1380 2104 1443 Ll'rTEaA

751 1498 954 1559 Partes
1009 1501 1423 1577 grammaticae
1479 1502 1622 1561 artis
1677 1509 1821 1580 quot
1877 1501 2051 1561 sunt?
2117 1500 2313 1560 Prima
2375 1518 2510 1579 pars
2556 1509 2647 1560 est
2692 1518 2842 1579 quae
2888 1500 3163 1562 scribitur
3192 1523 3241 1560 ιο

583 1620 691 1680 per
736 1600 1141 1679 metaphoram
1190 1608 1246 1661 et
1290 1601 1692 1680 antiphoram,
1739 1602 1800 1662 id
1848 1610 1934 1662 est
1981 1621 2087 1681 per
2142 1604 2662 1679 interrogationem
2721 1610 2782 1663 et
2823 1605 3161 1683 responsio-

583 1721 749 1772 nem,
800 1721 947 1782 quae
992 1702 1124 1762 data
1173 1712 1262 1763 est
1306 1702 1588 1782 parvuliS,
1637 1724 1753 1783 quo
1787 1703 1961 1764 modo
1992 1704 2249 1763 debeant
2292 1688 2637 1781 intellegere
2675 1711 2732 1763 et
2777 1706 3157 1783 respondere,

585 1803 727 1865 nihil
787 1796 1016 1865 habens
1074 1804 1452 1866 difficultatis.
1546 1807 1807 1867 secunda
1865 1815 1952 1867 est
2010 1804 2250 1866 uberior
2309 1814 2367 1865 et
2430 1806 2612 1875 utilis,
2675 1824 2825 1882 qnae
2883 1805 3014 1867 data
3073 1813 3163 1866 est

583 1906 901 1968 maioribus
948 1914 1008 1965 et
1052 1907 1409 1977 minoribns,
1458 1909 1751 1968 modicum
1798 1896 2025 1968 habens
2071 1908 2461 1977 difficultatis,
2512 1926 2629 1985 quo
2675 1908 2867 1969 modo·
2906 1910 3160 1968 interro·
3212 1944 3217 1959 ·

545 2060 550 2065 ,
586 2026 726 2087 gare
774 2016 833 2068 et
876 2010 1241 2089 respondere
1287 2010 1540 2089 possint,
1590 2018 1647 2071 et
1691 2011 1899 2089 incipit
1943 2029 1975 2070 a
2019 2010 2231 2071 littera.
3190 2030 3238 2067 15

1222 2102 1231 2110 ‘
1690 2113 1726 2151 as
1854 2108 1890 2146 2:
2013 2108 2049 2146 a

632 2256 672 2297 “-
704 2246 765 2284 ¹⁴·
795 2244 843 2283 ¹⁵
870 2244 918 2284 ¹³·
1411 2266 1507 2326 DE
1552 2264 1941 2326 i‘lnatlssvs
1987 2264 2338 2327 vaLAssts

748 2384 996 2454 Quando
1055 2386 1448 2445 nominativus
1501 2385 1819 2461 singularis
1880 2403 1935 2444 m
1985 2386 2365 2453 terminatur,
2414 2383 2627 2463 longus
2673 2392 2763 2444 est
2806 2403 2879 2445 an
2927 2383 3158 2443 brevis?

581 2485 782 2545 Brevis
830 2494 945 2555 est;
993 2485 1134 2546 dicit
1178 2494 1373 2546 tamen
1423 2486 1682 2546 Donatus
1727 2485 2015 2546 ‘arduum
2063 2494 2152 2545 est
2196 2486 2366 2546 huius
2413 2489 2496 2547 rei
2554 2483 2821 2565 exempla
2868 2487 3155 2565 reperire,

579 2607 649 2646 eo
697 2587 853 2664 quod
901 2588 1048 2647 haec
1094 2587 1285 2647 littera
1331 2606 1506 2665 saepe
1551 2590 1707 2648 inter
1753 2585 1983 2647 vocales
2028 2588 2216 2666 posita
2262 2586 2515 2646 delicit'.
2589 2605 2704 2664 quo
2750 2587 2962 2646 modo?
3010 2589 3155 2659 Quia
3184 2610 3237 2647 20

579 2686 817 2748 difficile
864 2695 953 2748 est
997 2697 1061 2749 ut
1105 2688 1440 2766 exemplum
1486 2696 1716 2750 certum
1763 2690 2126 2758 inveniatur,
2178 2688 2387 2750 exinde
2434 2696 2631 2749 utrum
2681 2687 2888 2765 longus
2931 2691 3007 2747 sit
3054 2707 3159 2748 no-

577 2793 892 2851 minativus
937 2809 1010 2851 an
1057 2791 1252 2852 brevis
1298 2791 1509 2870 [quare
1555 2810 1612 2851 m
1658 2793 1814 2852 inter
1862 2790 2087 2851 vocales
2129 2792 2318 2871 posita
2366 2790 2662 2871 delicit?],
2710 2794 3000 2851 incertum
3049 2799 3154 2850 est.
3238 2823 3258 2834 ·

745 2897 832 2955 An
878 2894 1076 2953 finitus
1121 2894 1512 2953 nominativus
1558 2892 1874 2970 singularis
1919 2891 2108 2973 qualis
2155 2895 2276 2954 est?
2322 2893 2587 2971 LonguS,
2637 2901 2702 2954 ut
2745 2893 2936 2954 Titan.
3000 2892 3155 2962 Qua-

578 2996 646 3055 lis
690 3014 887 3056 sermo
934 3003 1023 3056 est
1051 2995 1263 3055 Titan?
1308 2994 1590 3055 Graecus».
1650 2992 1800 3063 Quid
1847 3001 2018 3054 sonat
2061 2995 2120 3053 in
2166 2993 2382 3054 latino?
2429 2994 2529 3055 Sol
2577 3002 2665 3054 est
2710 2994 2862 3074 apud
2897 2994 3152 3054 Latinos,

576 3098 718 3158 dicit
764 3099 1028 3158 Donatus
1072 3095 1356 3158 ‘latinum
1412 3113 1550 3155 vero
1609 3097 1667 3154 in
1714 3095 1825 3155 hac
1871 3094 2089 3174 syllaba
2137 3114 2253 3156 non
2301 3103 2499 3174 potest
2540 3114 2758 3155 nomen
2803 3097 3108 3156 inveniri’.
3182 3120 3234 3158 25»

745 3199 991 3271 Quando
1048 3217 1121 3260 en
1177 3201 1560 3266 terminatur,
1620 3197 1830 3274 longus
1888 3205 1977 3258 est
2022 3216 2096 3258 an
2145 3197 2373 3258 brevis?
2448 3197 2511 3256 ln
2569 3199 2794 3257 neutris
2837 3196 3157 3274 generibus

579 3300 772 3362 brevis
819 3311 932 3372 est,
981 3308 1043 3360 ut
1087 3320 1355 3366 carmen:
1420 3301 1478 3359 iu
1527 3298 1656 3359 aliis
1701 3309 1896 3359 autem
1944 3299 2264 3376 generibus
2308 3298 2465 3377 apud
2510 3299 2747 3360 Latinos
2792 3298 3001 3376 longus
3046 3307 3151 3370 est,

575 3403 730 3482 apud
777 3406 1040 3465 Graecos
1084 3403 1280 3463 brevis
1326 3410 1444 3469 est,
1505 3409 1566 3460 ut
1608 3410 1821 3481 pecten
1867 3400 2079 3461 flamen
2125 3401 2245 3460 lien
2290 3399 2516 3479 pollen,
2576 3403 2709 3479 quia
2756 3409 2966 3477 pecten
3013 3419 3151 3478 pec-

577 3507 755 3565 tinem
802 3504 1047 3574 dicitur‚
1095 3505 1308 3564 flamen
1356 3503 1684 3572 flaminem,
1742 3502 1861 3563 lien
1909 3500 2152 3571 lienem,
2202 3500 2399 3579 pollen
2445 3501 2747 3581 pollinem.

746 3606 991 3677 Quando
1038 3625 1115 3666 on
1162 3606 1542 3674 terminatur,
1590 3604 1805 3682 longus
1851 3612 1941 3664 est
1983 3623 2057 3664 an
2105 3603 2332 3664 brevis?
2380 3605 2629 3682 Semper
2671 3603 2885 3681 longus
2931 3611 3038 3672 est,
3087 3612 3231 3666 uteo

572 3709 868 3770 Memnon.

741 3810 988 3880 Quando
1047 3811 1441 3890 nominativus
1496 3807 1811 3886 singularis
1870 3809 2219 3869 terminatur
2266 3825 2362 3876 ar,
2409 3806 2623 3884 longus
2669 3817 2757 3868 est
2799 3826 2873 3868 an
2921 3807 3150 3868 brevis?

574 3914 636 3973 In
683 3912 1103 3993 monosyllabis
1151 3913 1364 3989 longus
1408 3920 1524 3978 est,
1573 3919 1635 3970 ut
1679 3927 1786 3969 nar
1832 3910 1940 3970 sar.
2028 3909 2180 3980 Quid
2229 3910 2373 3970 nar?
2432 3908 2491 3969 ld
2539 3918 2626 3969 est
2671 3911 2859 3978 naris,
2906 3910 2996 3969 far
3041 3928 3150 3988 pro

573 4017 778 4075 farina.
871 4016 935 4076 ln
990 4013 1370 4095 polysyllabis
1426 4012 1615 4090 qualis
1659 4013 1783 4072 est?
1851 4012 2110 4072 Donatus
2155 4011 2297 4071 dicit
2341 4011 2513 4070 ‘licet
2554 4013 2616 4069 in
2662 4010 2753 4070 his
2799 4010 3011 4088 longus
3055 4011 3147 4078 sit,

571 4136 720 4196 quae
767 4135 799 4175 a
843 4119 903 4177 in
949 4119 1219 4196 genetivo
1266 4124 1401 4176 ante
1435 4113 1697 4174 ultimam
1735 4113 2101 4193 producunt,
2151 4121 2345 4173 tamen
2378 4115 2727 4174 auctoritate
2772 4114 3143 4192 corripitur'.
3176 4135 3228 4174 35

572 4221 701 4290 Quo
747 4218 958 4278 modo?
1004 4219 1279 4290 Quamvis
1309 4217 1500 4284 dieas,
1551 4217 1611 4277 in
1643 4217 1914 4293 genetivo
1945 4234 2087 4275 casu
2133 4214 2492 4295 paenultimo
2538 4213 2669 4274 loco
2714 4212 2894 4273 habet
2936 4232 3145 4273 accen-

573 4329 724 4388 tum,
771 4322 869 4399 qui
918 4329 1007 4381 est
1053 4318 1297 4379 ultimus
1342 4320 1401 4379 in
1448 4319 1836 4386 nominativo,
1884 4324 1950 4377 nt
1980 4319 2056 4377 sit
2084 4318 2213 4395 ipse
2245 4318 2640 4377 nominativus
2683 4315 2913 4394 longus
2948 4322 3144 4375 tamen

703 4561 736 4609 4
775 4556 959 4626 papae]
1004 4559 1291 4622 Ilieronym.
1334 4561 1478 4622 epist.
1512 4559 1584 4607 ad
1618 4558 1866 4608 Rusticum
1896 4555 2176 4608 monachum
2210 4571 2288 4620 ep.
2324 4555 2438 4616 125,
2480 4555 2541 4606 13
2577 4557 2673 4606 vol.
2716 4555 2733 4603 l
2773 4556 2794 4605 l
2831 4570 2883 4616 p.
2925 4554 3019 4605 941
3061 4554 3144 4605 ed.

578 4631 811 4679 Vultur-s.
993 4628 1054 4677 19
1094 4625 1328 4693 arduum]
1373 4628 1528 4680 Mam.
1579 4630 1772 4680 Victor.
1808 4627 1870 4675 de
1889 4628 2033 4690 final.
2063 4642 2122 4689 p.
2154 4627 2255 4676 459
2293 4626 2371 4674 ed.
2407 4625 2620 4676 Vindob.
2799 4625 2866 4674 25
2909 4622 3138 4689 latinum]

567 4701 638 4763 ef.
674 4699 830 4752 Mam.
879 4701 1070 4750 Victor.
1111 4701 1147 4749 Ι.
1179 4715 1222 4749 c.
1365 4698 1435 4749 28
1475 4707 1653 4764 pecten
1695 4698 1896 4763 pertine
1948 4698 2128 4746 dicitur
2177 4697 2356 4744 flamen
2410 4695 2614 4743 flamine
2664 4694 2762 4743 lien
2804 4693 2935 4743 liene
2973 4693 3143 4760 pollen

569 4785 661 4836 pro
700 4771 886 4836 polline
918 4770 980 4823 11.
1020 4770 1350 4819 accusaeeee'vum
1385 4769 1722 4832 adscripsisse
1752 4769 1948 4818 videtur·
1980 4769 2333 4832 grammaticus
2359 4767 2430 4815 ad
2465 4781 2624 4830 ,qenus
2650 4767 2889 4816 nominum
2920 4765 3145 4828 proban-

568 4841 707 4892 dum:
735 4841 806 4905 cf.
846 4841 1045 4893 Charis.
1076 4855 1134 4905 p.
1172 4841 1258 4904 87,
1302 4840 1362 4890 15
1504 4838 1569 4891 34
1611 4835 1744 4906 licet]
1795 4847 1845 4888 ut
1876 4838 1955 4889 R:
1992 4838 2061 4903 es.
2102 4837 2256 4887 Max.
2305 4837 2498 4889 Victor.
2541 4837 2571 4890 1.
2615 4850 2657 4890 c,
