3541 5564
1541 363 1682 429 ARS
2827 362 2911 430 35

2525 487 2567 528 p.
2597 476 2712 517 1890.
2738 476 2789 516 91
2817 474 2863 514 P.

336 555 589 634 quidem,
616 564 682 615 ut
713 554 844 615 dico
870 555 1052 615 Roma
1079 553 1361 636 Tiberis]
1397 554 1551 634 apud
1586 561 1816 615 veteres
1848 553 1992 615 haec
2024 562 2151 616 erat
2180 554 2459 617 discretio
2487 537 2645 615 inter
2675 555 2912 615 nomina

337 666 392 717 et
436 656 752 727 vocabula:
798 656 1139 718 nominibus
1180 676 1276 717 res
1319 655 1606 718 animales
1648 654 2126 735 appellabantur,
2171 655 2470 717 vocabulis
2500 674 2597 716 res
2626 656 2913 716 inanima-

334 757 435 818 leS.
497 758 602 819 sed
649 759 762 820 hoc
806 778 950 820 usus
996 757 1263 820 confudit
1306 765 1366 843 et
1408 759 1725 837 usurpavit.
1774 792 1858 801 —
1906 757 2135 817 Terni
2147 777 2207 819 s:
2252 760 2387 837 quia
2433 764 2711 838 quattuor
2755 757 2908 819 litte·
2937 768 3057 830 373,
3086 767 3142 815 11

334 863 413 922 ris
470 864 662 923 notari
719 879 1079 942 praenomen
1139 860 1353 929 noluit,
1424 879 1499 920 ne
1556 861 1794 920 nomina
1851 860 2152 920 faciamus,
2199 895 2281 904 --
2326 860 2557 921 Primae
2600 861 2916 939 positionis
2943 871 3004 920 13

284 978 308 1017 5
334 966 568 1025 nomina
612 972 751 1025 sunt
796 981 948 1041 quae
995 963 1157 1024 dedit
1203 970 1427 1024 natura.
1476 996 1560 1005 —-
1604 961 2108 1041 Appellativorum
2157 965 2461 1023 nominum
2506 965 2734 1042 species
2777 970 2918 1023 sunt
2943 972 3001 1019 11

332 1068 529 1144 viginti
576 1074 823 1145 septem.
919 1063 1090 1144 [item
1136 1064 1290 1126 aliud
1338 1066 1489 1125 ‘cui
1534 1063 1842 1125 Remulo
1888 1083 2298 1142 cognomen
2345 1064 2578 1146 erat']
2631 1100 2706 1109 —
2739 1065 2973 1126 Prae-9

331 1169 563 1228 nomina
621 1175 760 1228 sunt
812 1187 965 1247 quae
1022 1175 1159 1228 ante
1216 1169 1459 1227 nomina
1514 1174 1845 1245 ponuntur,
1904 1168 2145 1227 nomina
2192 1173 2327 1227 sunt
2370 1168 2637 1246 propria,
2695 1184 2913 1244 cogno-

328 1280 522 1330 menta
573 1265 582 1351 Ι
634 1269 921 1342 familiae,
991 1279 1343 1347 agnomenta
1401 1270 1648 1329 virtutis
1741 1268 2049 1329 sciendum
2105 1286 2247 1329 vero
2286 1268 2452 1346 ‘quod
2498 1267 2645 1330 haec
2689 1275 2917 1329 veteres

329 1372 569 1432 confuse
629 1372 956 1450 proferant.
1060 1391 1196 1433 nam
1257 1380 1315 1431 et
1370 1372 1605 1431 nomina
1665 1372 2018 1449 cognomina
2073 1369 2389 1444 vocabant,
2452 1377 2510 1430 et
2566 1371 2918 1448 cognomina

256 1475 564 1534 10nomina
622 1472 926 1543 dicebant,
996 1473 1110 1534 hoc
1157 1473 1456 1552 exemplo,
1531 1481 1593 1533 ut
1654 1474 1808 1533 ‘cui
1869 1491 2062 1533 nunc
2123 1489 2530 1550 cognomen
2599 1472 2792 1532 Iulo'
2861 1481 2920 1533 et

332 1581 630 1653 ‘magno
690 1558 1091 1635 demissum
1152 1593 1413 1635 nomen
1458 1571 1671 1653 Iulo’.
1763 1593 1902 1634 ecce
1947 1574 2124 1635 modo
2171 1592 2417 1643 nomen,
2476 1573 2653 1634 modo
2700 1592 2917 1652 cogno-

326 1696 459 1738 men
516 1678 677 1737 dixit.
726 1712 813 1722 ·—-
857 1677 1046 1737 Sunt
1112 1679 1362 1749 etiam:
1437 1678 1589 1736 sicut
1643 1675 1740 1735 illa
1799 1679 2108 1755 superiora
2151 1675 2225 1736 ab
2272 1678 2502 1754 origine
2549 1675 2918 1737 descendunt
2946 1679 3007 1727 16

326 1779 773 1860 principalium,
821 1797 852 1838 a
884 1786 1085 1839 monte
1122 1786 1435 1839 montanus
1467 1777 1853 1846 monticulus,
1901 1781 1981 1838 ita
2027 1778 2174 1839 haec
2207 1778 2494 1856 originem
2527 1796 2646 1838 non
2679 1776 2915 1849 habent,

326 1880 485 1942 unde
526 1880 909 1942 descendant.
1004 1899 1075 1941 ex
1120 1899 1185 1941 se
1228 1879 1506 1940 videntur
1549 1899 1681 1941 esse
1725 1879 2099 1959 principalia,
2171 1899 2242 1941 ex
2296 1899 2361 1941 se
2406 1880 2768 1941 diminutiva.
2833 1916 2920 1927 --

250 1998 299 2037 15
328 1985 410 2043 Vt
453 1983 873 2044 Themisto:
951 1983 1099 2043 haec
1143 1982 1479 2052 Themisto,
1538 1982 1714 2042 huius
1761 1981 2130 2051 Themistus,
2188 1982 2327 2043 huic
2373 1970 2706 2053 Themisto‘,
2766 1983 2918 2045 hanc
2947 1994 3007 2042 18

322 2085 658 2155 Themisto,
709 2104 744 2144 o
786 2084 1119 2145 Themisto:
1177 2086 1435 2164 quinque
1493 2102 1661 2145 casus
1716 2083 1937 2145 habent
1993 2084 2223 2144 Graeci.
2311 2082 2493 2145 latine
2538 2085 2616 2146 ita
2660 2085 2917 2147 declina·

320 2194 449 2255 tur,
517 2187 662 2247 haec
706 2185 1043 2257 Themisto,
1114 2187 1286 2247 huius
1333 2184 1762 2255 ThemistoniS,
1838 2192 1901 2247 ut
1945 2185 2148 2246 Cicero
2195 2184 2527 2257 Ciceronis,
2584 2186 2725 2247 huic
2763 2186 2917 2248 The-

325 2290 593 2357 mistoni‚
653 2288 805 2348 hanc
849 2288 1324 2358 Themistonem,
1384 2306 1418 2348 o
1463 2287 1796 2356 Themisto,
1845 2286 1920 2349 ab
1962 2283 1992 2370 ΙΙ
2031 2286 2142 2348 hac
2185 2287 2586 2350 Themistone.
2679 2291 2763 2351 sic
2809 2290 2916 2351 Ca-

306 2390 522 2471 lypso,
592 2392 676 2450 sic
720 2390 947 2460 Manto,
1000 2387 1008 2470 Ι
1056 2392 1143 2451 sic
1190 2389 1336 2452 Dido
1404 2388 1555 2449 hanc
1614 2388 1791 2450 Dido:
1839 2388 2162 2467 Vergilius,
2222 2393 2330 2450 ‘et
2394 2393 2689 2452 nomine
2735 2391 2915 2452 Dido

244 2509 294 2549 eo
321 2493 497 2573 saep
517 2512 548 2552 e
596 2509 771 2553 voca
791 2501 1025 2552 turum
1045 2497 1082 2552 '.
1116 2527 1200 2537 —-
1232 2491 1442 2553 Omnia
1473 2493 1710 2552 nomina
1742 2509 1895 2571 quae
1924 2493 1986 2551 in
2019 2510 2096 2552 on
2124 2494 2521 2554 terminantur
2551 2493 2708 2573 apud
2732 2495 2912 2555 Grae·
2939 2506 3006 2555 20

321 2614 425 2656 cos
493 2593 756 2673 perdunt
818 2612 855 2653 n
930 2593 1197 2655 ultimam
1260 2601 1318 2655 et
1360 2593 1539 2654 latina
1583 2595 1760 2669 liunt,
1831 2599 1894 2654 ut
1952 2601 2091 2673 puta
2136 2593 2386 2673 Apollon
2440 2594 2581 2655 dicit
2636 2595 2913 2666 Graecus,

320 2697 572 2757 Latinus
612 2695 820 2775 Apollo
866 2696 1026 2756 dicit.
1070 2731 1152 2740 —
1200 2694 1509 2776 Calypso
1554 2697 1741 2755 Pan:
1786 2695 1883 2755 hic
1913 2695 2035 2756 Pan
2080 2696 2272 2757 Panos
2315 2697 2460 2758 Pani
2504 2697 2663 2759 Pana
2706 2718 2741 2758 o
2771 2698 2911 2768 Pan,
2942 2711 3005 2760 18

318 2799 642 2861 ablativum
689 2818 809 2859 non
851 2798 1030 2860 habet
1074 2801 1211 2876 quia
1255 2817 1465 2875 graeca
1514 2806 1601 2859 est
1645 2796 1978 2859 declinatio.
2070 2799 2249 2860 latine
2295 2799 2473 2861 Inuus
2517 2800 2649 2862 Inui
2680 2799 2912 2871 dicitur,

318 2904 379 2964 id
428 2909 519 2963 est
558 2901 781 2962 Panos:
845 2900 1135 2979 Vergilius
1182 2901 1593 2962 ‘Pometios
1639 2908 2115 2982 castrumque
2161 2901 2377 2962 Inui'.
2469 2901 2568 2963 alii
2613 2902 2774 2963 illum
2820 2903 2915 2963 In-

238 3004 621 3065 zscubonem
672 3002 903 3073 dicunt,
951 3002 1044 3064 hic
1091 3001 1311 3064 Incubo
1357 3003 1533 3066 huius
1577 3001 1921 3072 IncuboniS,
1969 3003 2109 3063 huic.
2155 3002 2379 3064 Incubo
2424 3005 2584 3066 hunc
2627 3004 2912 3066 Incubum

314 3127 350 3167 o
396 3104 626 3166 Incubo
670 3104 745 3165 ab
791 3105 904 3166 hoc
946 3105 1276 3175 Incubone,
1347 3107 1500 3166 sicut
1543 3103 1654 3176 hic,
1685 3094 1900 3166 botruo
1945 3103 2120 3166 huius
2164 3104 2473 3167 botruonis
2517 3105 2655 3167 huic
2699 3107 2913 3169 botruo

313 3209 389 3269 ab
442 3208 558 3268 hoc
606 3206 919 3267 botruone.
967 3240 1051 3252 -—-
1098 3206 1181 3267 Vt
1223 3205 1718 3288 Polydeuces:
1767 3225 2011 3285 graece,
2080 3206 2260 3268 latine
2315 3207 2550 3280 Pollux,
2620 3207 2914 3289 Odysseus
2942 3224 3005 3272 19

312 3328 585 3389 graece,
627 3307 811 3368 latine
855 3307 1066 3368 Vlixes
1132 3343 1213 3352 —-
1269 3306 1459 3378 Quae
1516 3309 1738 3371 notha
1795 3307 2303 3389 appellantur:
2361 3319 2670 3390 corrupta,
2721 3312 2909 3371 media
2935 3301 3034 3375 20³

313 3415 478 3474 inter
524 3429 736 3489 graeca
785 3418 843 3470 et
886 3409 1090 3480 latina,
1140 3418 1206 3471 ut
1235 3409 1470 3490 Apollo,
1519 3422 1583 3471 ut
1606 3410 1863 3471 Achilles
1895 3428 2019 3488 pro
2046 3410 2363 3483 Achilleus,
2409 3414 2772 3490 Agamemno
2801 3432 2912 3492 pro

234 3509 753 3593 so'Agamemnou.
795 3509 804 3593 Ι
871 3544 955 3555 -—-
989 3505 1191 3595 [unum
1235 3511 1419 3573 multa
1458 3513 1794 3589 significant
1835 3512 1984 3592 non]
2033 3509 2220 3574 Sunt
2262 3514 2406 3575 alia
2452 3515 2909 3595 homonyma:
2936 3528 2999 3577 21

312 3617 753 3693 homonymum
821 3620 910 3674 est
978 3615 1131 3690 quod
1201 3632 1318 3675 una
1385 3615 1812 3708 significatione
1857 3614 2078 3676 multos
2120 3615 2459 3678 intellectus
2502 3617 2707 3687 habet,
2777 3619 2912 3697 quia

2999 1566 3046 1598 ἢ

461 3803 589 3854 God.
624 3803 789 3853 Bet-n.
826 3802 864 3848 V
897 3800 1127 3851 8⁴¹-v1
1164 3802 1214 3855 2.
1327 3802 1349 3851 l
1386 3815 1507 3867 aput
1641 3801 1673 3852 3
1711 3802 1868 3851 ternis
1904 3818 1996 3852 om.
2108 3805 2139 3853 5
2176 3805 2345 3854 omnia
2383 3814 2501 3854 sunt
2535 3819 2673 3856 corr.
2703 3806 2911 3855 nomina

311 3884 435 3924 sunt
548 3867 837 3935 nominum]
870 3872 1165 3920 nominatim
1305 3875 1337 3922 6
1375 3868 1512 3937 sunt]
1552 3887 1664 3920 sum
1772 3873 1898 3921 aliut
2036 3874 2067 3922 7
2114 3876 2472 3940 cognominata
2506 3891 2642 3927 corr.
2673 3877 2742 3928 al.
2779 3892 2909 3926 man.

312 3954 665 4011 cognomenta
842 3939 875 3991 8
911 3938 1055 4006 haec]
1098 3957 1189 3990 nec
1360 3941 1393 3990 9
1425 3942 1686 3991 comsusae
1723 3942 2045 4008 praefereant
2217 3946 2282 3996 10
2317 3944 2414 3994 hoc
2451 3945 2703 4011 exemplu'
2739 3956 2791 3995 ut
2827 3947 2911 4008 qui

461 4014 530 4064 12
576 4011 830 4062 decedunt
974 4011 1039 4062 14
1091 4011 1447 4062 descendentia
1493 4029 1631 4065 corr.
1681 4012 1991 4062 descendant
2132 4029 2196 4063 ex
2231 4012 2308 4080 se]
2363 4030 2458 4064 exe
2494 4031 2629 4065 corr.
2667 4016 2739 4064 al.
2777 4031 2910 4068 man.

310 4100 378 4133 ex
409 4099 469 4134 se
593 4097 658 4131 ex
688 4079 767 4147 se]
804 4096 897 4129 exe
1041 4082 1105 4132 16
1136 4081 1317 4131 latinae
1460 4082 1520 4132 17
1560 4082 1712 4131 huius
1748 4082 2128 4133 themistndinis
2245 4084 2362 4134 huic
2394 4083 2740 4134 themistudini
2779 4085 2912 4135 hunc

312 4145 745 4204 tliemistudinem
889 4151 955 4202 18
996 4151 1088 4201 hac
1125 4151 1490 4202 themistudine
1633 4151 1700 4201 20
1738 4167 1970 4217 quaeuon
2112 4163 2234 4218 aput
2373 4154 2438 4205 21
2472 4153 2616 4221 fiunt]
2659 4163 2774 4203 suut

310 4225 380 4274 22
418 4223 641 4288 calypso
678 4221 763 4270 hic
798 4224 921 4286 patin
957 4238 1117 4288 panos
1155 4220 1223 4284 (2²)
1328 4237 1459 4286 pana
1494 4236 1522 4270 o
1562 4237 1694 4289 pana
1803 4222 1867 4272 ‘23
1900 4221 2084 4272 latinae
2120 4225 2252 4273 inios
2281 4223 2444 4289 ipsius
2489 4226 2575 4275 det
2608 4224 2659 4274 id
2698 4235 2776 4274 est

309 4295 380 4344 24
412 4289 699 4358 Pometios]
734 4294 967 4357 panetios
1071 4292 1212 4341 illum
1251 4292 1493 4341 cubonem
1570 4335 1577 4344 .
1605 4294 1673 4344 26
1708 4291 1864 4342 huius
1897 4308 1990 4345 om.
2100 4293 2168 4344 28
2203 4304 2436 4358 correpta
2574 4295 2643 4345 29
2675 4310 2766 4360 pro
2797 4302 2917 4357 post

313 4362 553 4413 Achilles
588 4378 681 4412 om.
853 4361 921 4412 30
959 4378 1049 4426 pro
1087 4376 1409 4428 agamnenon
1561 4376 1831 4426 omonyma
1871 4377 2194 4428 omonymum
2366 4363 2429 4415 31
2469 4365 2772 4431 significatio

453 4522 490 4569 ὅ
531 4516 638 4584 cni]
688 4521 847 4582 Ver-9.
890 4521 1021 4571 Aen.
1061 4517 1199 4567 Vllll
1237 4516 1355 4569 593.
1396 4521 1673 4582 exemplum
1699 4518 1916 4582 Vergilii
1942 4519 2016 4566 acl
2035 4533 2097 4567 ea
2122 4534 2252 4584 quae
2277 4520 2418 4577 infra
2455 4536 2498 4568 υ.
2530 4519 2612 4569 10.
2651 4520 2913 4582 adscripta

309 4598 431 4640 seme
457 4591 686 4652 pertinet
833 4588 895 4638 10
932 4588 1011 4636 cui
1048 4583 1202 4653 nunc]
1254 4589 1411 4651 Vera.
1447 4588 1580 4638 Aen.
1625 4589 1638 4635 l
1677 4590 1776 4637 267
1925 4588 1981 4638 ll
2024 4587 2233 4654 magno]
2285 4590 2439 4654 Ver-9.
2476 4588 2604 4639 Aen.
2652 4592 2668 4639 l
2708 4590 2810 4639 288

316 4663 380 4711 12
408 4659 740 4709 descendunt
778 4659 1045 4707 Putsclzius
1161 4657 1225 4708 19
1262 4655 1541 4723 Vergilius]
1596 4659 1756 4721 Ver-9.
1794 4657 1925 4706 Aen.
1969 4658 2056 4706 llll
2092 4657 2192 4708 383
2315 4660 2383 4711 23
2421 4661 2574 4708 latine
2616 4660 2769 4708 Inuus
2802 4661 2911 4708 luni

311 4730 588 4780 Pam-laius
764 4729 831 4778 24
868 4729 1148 4794 Vergilius]
1198 4729 1355 4792 Ver-9.
1391 4731 1520 4777 Aen.
1564 4729 1629 4776 VI
1662 4727 1763 4777 776
1940 4727 2006 4776 25
2037 4726 2156 4778 huic
2195 4730 2380 4779 Incubo
2412 4729 2547 4779 hunc
2581 4729 2822 4778 Incubum
2863 4738 2914 4780 ee

312 4799 435 4849 huic
473 4800 661 4849 botruo
688 4801 765 4848 sic
794 4805 849 4847 uc
878 4800 929 4847 in
964 4798 1133 4847 codice
1166 4801 1361 4861 scripta
1400 4806 1514 4848 sune
1552 4798 1751 4862 reliqui.
1796 4814 1908 4847 num
1941 4797 2034 4847 hoc
2062 4800 2291 4850 docuisse
2325 4802 2522 4851 videtur
2544 4802 2911 4864 yranunaticus,

315 4869 397 4920 hic
426 4869 625 4919 Incubo
663 4874 715 4918 et
748 4866 831 4917 hic
868 4868 1081 4918 Ineubus
1116 4867 1233 4931 dici,
1268 4869 1395 4918 sicut
1430 4867 1511 4918 hie
1548 4870 1731 4917 botruo
1768 4875 1818 4917 et
1854 4867 1934 4916 hic
1969 4867 2177 4920 botruus

2419 4952 2509 5016 3*
