3541 5564
543 357 664 422 102
719 377 728 386 ·
1675 352 1981 415 ΡΟΜΡΕΙΙ

590 481 633 522 p.
664 471 727 508 15.
757 469 805 508 16
834 465 875 505 L.
3013 519 3016 520 γ

539 556 663 610 tres
706 555 871 616 sunt,
920 565 1070 626 quae
1115 547 1236 606 sive
1281 544 1491 605 breves
1531 545 1654 604 sive
1698 541 1908 620 longae
1954 541 2218 602 eiusdem
2265 542 2425 603 modi
2467 553 2619 614 sunt,
2667 562 2698 603 a
2742 544 2763 602 i
2809 561 2872 603 u:
2919 541 3119 602 simili-

541 660 632 710 ter
676 649 898 710 habent
940 650 1062 709 sive
1107 648 1320 726 longae
1366 648 1486 707 sive
1534 645 1759 707 breves».
1825 664 1860 705 0
1905 663 2046 706 vero
2091 653 2151 705 et
2194 664 2226 705 e
2274 665 2391 707 non
2437 654 2651 708 sonant
2695 644 2924 706 breveS.
2987 663 3121 706 nam

541 751 774 831 quando
832 751 1002 828 longa
1061 759 1154 810 est
1208 749 1442 830 quando
1502 748 1755 809 dicimus
1803 767 1837 807 0
1881 746 2055 825 longa
2103 755 2191 807 est
2233 757 2298 808 ut
2340 749 2390 808 si
2436 748 2598 810 dicas
2643 755 2813 809 sonat
2856 768 2891 808 0
2936 755 3122 809 sonat.

542 858 592 915 si
639 854 800 915 dicas
846 852 1003 923 obit,
1052 871 1086 911 o
1130 851 1330 912 brevis
1374 857 1492 919 est;
1540 852 1589 911 si
1633 850 1794 910 dicas
1840 857 2068 918 orator,
2118 869 2151 909 0
2184 851 2355 930 longa
2389 859 2494 911 est.
2560 850 2831 911 similiter
2878 871 2910 911 e
2955 851 3125 911 aliter

541 959 746 1034 longa,
794 955 962 1017 aliter
1006 954 1201 1015 brevis
1243 962 1434 1014 sonat.
1522 944 1695 1030 lo'nga
1742 961 1856 1022 est,
1903 955 1954 1012 si
2000 952 2158 1013 dicas
2204 955 2406 1022 evitat;
2456 972 2487 1013 e
2529 960 2715 1014 sonat.
2779 952 2976 1014 brevis
3019 960 3121 1022 est,
3149 964 3174 1002 5

541 1058 774 1139 quando
805 1057 954 1118 dicis
986 1075 1200 1135 equus;
1236 1074 1268 1116 e
1297 1063 1483 1125 sonat,
1518 1054 1870 1134 simpliciter
1900 1063 2086 1115 sonat.
2137 1063 2194 1116 et
2225 1072 2402 1132 quem
2434 1056 2504 1116 ad
2539 1055 2776 1116 modum
2811 1074 3125 1135 expressae

541 1169 679 1222 sunt
733 1162 880 1220 istae
936 1159 1204 1220 litterae?
1260 1159 1312 1218 si
1366 1156 1511 1217 velis
1566 1155 1767 1216 dicere
1826 1156 2135 1218 ‘sedebam
2190 1157 2366 1218 hodie
2422 1160 2482 1218 in
2530 1176 2683 1238 equo
2729 1161 2919 1226 meo',
2971 1165 3033 1218 ut
3077 1159 3125 1218 si

541 1263 703 1324 dicas
748 1261 938 1323 ‘bene
984 1259 1223 1321 olebant
1263 1261 1325 1320 in
1371 1258 1628 1339 hospitio
1674 1278 1808 1320 meo
1855 1277 2025 1321 rosae
2042 1258 2076 1333 ⁹,
2126 1259 2239 1320 hoc
2292 1261 2633 1321 vilissimum
2680 1270 2796 1331 est,
2843 1263 2998 1339 siqui
3042 1263 3127 1321 sic

542 1366 837 1443 loquatur.
921 1381 1064 1442 ergo
1111 1382 1229 1442 quo
1273 1362 1449 1423 modo
1496 1362 1918 1442 exprimendae
1964 1371 2103 1422 sunt
2147 1364 2294 1424 istae
2351 1362 2616 1424 litterae?
2684 1363 2826 1423 dicit
2882 1365 2961 1425 ita
3017 1363 3126 1423 Te-

542 1469 854 1529 rentianus
903 1464 1044 1546 [hoc
1088 1463 1263 1544 dixit]
1313 1465 1878 1545 ‘quotienscumque
1924 1483 1956 1524 e
2002 1463 2236 1543 longam
2292 1465 2560 1527 volumus
2600 1467 2888 1546 proferri,
2937 1467 3124 1526 vicina
3156 1484 3204 1521 10

544 1572 622 1630 sit
665 1570 735 1629 ad
783 1571 801 1628 i
847 1568 1160 1629 litteram'.
1221 1568 1350 1645 ipse
1395 1585 1576 1627 sonus
1620 1568 1704 1626 sic
1750 1564 1928 1626 dehet
1972 1584 2204 1636 sonare,
2253 1586 2368 1646 quo
2415 1567 2590 1628 modo
2636 1576 2808 1629 sonat
2849 1570 2868 1628 i
2913 1568 3125 1630 littera.

543 1671 777 1749 quando
827 1667 835 1748 Ι
884 1670 1032 1733 dicis
1076 1669 1282 1737 evitat,
1329 1670 1517 1728 vicina
1564 1667 1740 1729 debet
1786 1687 1940 1738 esse,
1988 1670 2072 1729 sic
2117 1688 2350 1748 pressa,
2398 1672 2483 1730 sic
2527 1679 2804 1748 angusta,
2851 1677 2915 1732 ut
2941 1672 3131 1732 vicina

542 1776 619 1834 sit
663 1773 733 1834 ad
781 1775 800 1832 i
845 1772 1117 1833 litteram.
1162 1775 1167 1780 “
1209 1769 1446 1850 quando
1503 1771 1587 1830 vis
1646 1770 1845 1830 dicere
1903 1769 2141 1832 brevem
2201 1790 2261 1839 e,
2321 1771 2669 1850 simpliciter
2723 1781 2910 1834 sonat.
2982 1800 3020 1836 3
3095 1795 3129 1835 0

545 1875 718 1953 longa
762 1876 837 1935 sit
880 1891 952 1934 an
1002 1872 1215 1934 brevis„
1284 1874 1336 1932 si
1380 1871 1553 1950 longa
1602 1880 1716 1942 est,
1765 1871 1942 1932 debet
1987 1890 2168 1933 sonus
2213 1875 2338 1953 ipse
2383 1875 2536 1934 intra
2583 1873 2844 1953 palatum
2893 1896 3126 1947 sonare,

542 1986 607 2038 ut
648 1979 696 2038 si
743 1977 903 2037 dicas
947 1983 1174 2044 orator,
1224 1975 1392 2054 quasi
1437 1977 1591 2035 intra
1637 1982 1825 2044 sonat,
1873 1975 2027 2036 intra
2072 1974 2350 2054 palatum.
2442 1978 2491 2037 si
2537 1977 2731 2038 brevis
2776 1983 2890 2049 est,
2952 1979 3131 2041 debet
3156 1995 3206 2034 15

542 2080 750 2160 primis
794 2078 979 2139 labris
1024 2095 1263 2146 sonare,
1326 2078 1491 2153 quasi
1538 2078 1818 2137 extremis
1861 2075 2072 2145 labris»,
2128 2086 2190 2137 ut
2245 2088 2384 2157 puta
2431 2080 2481 2140 si
2525 2077 2686 2140 dicas
2732 2080 2872 2141 obit.
2949 2082 3133 2144 habes

544 2184 715 2242 istam
748 2179 1011 2258 regulam
1047 2197 1386 2259 expressam
1421 2180 1482 2239 in
1512 2179 1894 2239 Terentiano.
1965 2179 2199 2258 quando
2247 2182 2330 2241 vis
2374 2183 2710 2260 exprimere
2754 2185 2887 2262 quia
2932 2183 3132 2245 brevis

546 2292 661 2354 est,
710 2284 919 2363 primis
961 2281 1147 2342 labris
1190 2287 1387 2349 sonat;
1435 2281 1669 2361 quando
1716 2282 1999 2361 exprimis
2043 2280 2310 2358 longam,
2356 2285 2509 2344 intra
2557 2283 2816 2363 palatum
2863 2294 3050 2346 sonat.

316 2401 519 2452 421.21
719 2385 868 2444 Sunt
912 2384 1143 2445 vocales
1187 2385 1476 2462 quinque,
1534 2382 1636 2442 sed
1684 2400 1804 2443 non
1864 2401 2070 2443 omnes
2120 2385 2346 2445 vocales
2391 2394 2530 2446 sunt
2574 2406 2827 2466 semper.
2918 2407 3054 2449 nam
3101 2409 3131 2449 a

320 2471 521 2526 520,31
552 2495 611 2547 et
655 2506 686 2547 e
735 2497 793 2548 et
838 2506 872 2545 0
912 2504 1149 2565 semper
1195 2484 1425 2546 vocales
1468 2493 1619 2546 sunt.
1696 2487 1716 2544 i
1764 2504 1903 2546 vero
1950 2495 2007 2546 et
2052 2505 2089 2546 u
2137 2489 2322 2547 varias
2366 2487 2588 2548 habent
2634 2497 2982 2566 potestates:
3033 2511 3131 2550 vo·
3160 2505 3210 2544 20

547 2587 704 2651 cales
762 2596 927 2658 sunt,
984 2586 1368 2648 semivocales
1424 2594 1587 2658 sunt,
1647 2588 1879 2648 mediae
1937 2597 2106 2655 sunt,
2164 2588 2310 2649 nihil
2366 2597 2531 2659 sunt,
2591 2590 2930 2668 digammon
2975 2602 3130 2661 sunt,

547 2691 816 2772 duplices
860 2697 1016 2751 sunt.
1106 2691 1298 2751 varias
1354 2689 1577 2750 habent
1621 2696 1978 2770 potestates:
2039 2688 2334 2752 habentur
2379 2711 2487 2771 pro
2533 2690 2861 2762 vocalibus,
2910 2694 3133 2756 haben-

549 2803 641 2855 tur
687 2813 796 2874 pro
842 2792 1318 2863 semivocalibuS‚
1369 2792 1662 2853 habentur
1705 2812 1816 2872 pro
1862 2792 2103 2864 mediis,
2152 2792 2448 2855 habentur
2492 2813 2602 2873 pro
2648 2795 2859 2866 3111110,
2909 2797 3132 2858 1131133-

549 2906 643 2957 131·
689 2915 796 2974 pro
843 2895 1169 2973 digammo‚
1230 2895 1521 2956 habentur
1577 2913 1685 2974 pro
1732 2894 2083 2974 duplicibus.
2174 2895 2277 2956 sed
2324 2895 2434 2956 1133
2479 2915 2582 2990 sex
2628 2899 2872 2958 virtutes
2915 2900 3133 2977 signifi·

549 2999 795 3059 cationis
826 3016 942 3058 non
977 2999 1288 3076 utriusque
1319 3004 1475 3057 sunt.
1538 3016 1671 3059 nam
1721 3004 1843 3057 tres
1888 2999 2351 3074 significationes
2396 3016 2744 3059 communes
2787 3009 2938 3070 sunt,
2986 3000 3133 3062 aliae
3162 3017 3214 3056 2⁵

549 3120 667 3161 non
712 3108 848 3160 sunt
892 3118 1256 3161 communes,
1344 3101 1487 3159 istae
1536 3108 1655 3160 tres
1699 3107 2023 3178 potestates
2068 3101 2510 3177 significationis
2566 3110 2704 3162 sunt
2748 3110 2865 3163 tam
2911 3105 2932 3162 i
2977 3102 3131 3165 litte-

553 3340 670 3375 303.
692 3332 874 3372 sonant
910 3324 1090 3373 breues
1122 3321 1206 3372 B:
1235 3328 1497 3387 praeterea
1522 3321 1584 3371 de
1610 3322 1724 3372 istis
1751 3321 1974 3386 quinque
2005 3321 2183 3371 litteris
2218 3330 2320 3371 tres
2359 3330 2475 3372 sunt
2513 3337 2642 3385 0333
2672 3324 2782 3373 siue
2816 3324 2995 3373 breues
3026 3327 3136 3375 siue

556 3396 738 3459 longae
772 3393 1049 3455 (eiusmodi
1086 3408 1116 3441 3
1150 3393 1163 3440 1
1204 3406 1235 3439 3
1273 3390 1507 3441 similiter
1543 3391 1730 3440 11311331
1766 3392 1878 3441 siue
1909 3391 2057 3457 longe
2091 3392 2201 3442 siue
2238 3393 2421 3441 breues
2454 3406 2481 3441 ο
2513 3407 2634 3443 uero
2673 3403 2722 3442 31
2758 3409 2784 3443 3
2822 3409 2920 3444 3011
2953 3407 3137 3445 sonant

555 3466 738 3513 breues
778 3478 891 3511 33111
928 3462 1130 3525 quando
1176 3461 1329 3526 longa
1365 3470 1441 3509 est
1474 3461 1676 3523 quando
1711 3461 1929 3510 dicimus
1959 3477 1986 3512 ο
2024 3461 2177 3527 longa
2207 3472 2283 3511 est
2313 3472 2368 3512 ut
2405 3462 2449 3510 si
2488 3462 2629 3512 dicas
2665 3473 2810 3512 sonat
2843 3480 2871 3512 0
2908 3476 3057 3516 sonat
3091 3470 3134 3515 si

554 3535 693 3583 dicas
733 3534 856 3585 add.
904 3548 932 3582 c
974 3534 1025 3581 in
1064 3534 1255 3597 marg.)
1303 3532 1407 3579 obit
1452 3532 1505 3581 G.
1556 3533 1619 3581 de
1661 3533 2068 3594 pronuntiatione
2118 3548 2144 3580 e
2187 3542 2236 3582 et
2269 3546 2298 3580 0
2336 3534 2572 3582 vocalium
2610 3534 2779 3583 eadem
2807 3539 3138 3600 praecepisse

551 3606 747 3654 videtur
779 3603 1149 3667 yrammaticus.
1187 3616 1315 3667 quae
1352 3603 1641 3651 accuratius
1669 3604 1906 3666 exposita
1940 3612 2052 3652 eunt
2087 3605 2134 3652 in
2170 3602 2337 3651 Servii
2370 3610 2422 3650 et
2454 3601 2625 3667 Seryii
2645 3608 3019 3662 commentariis.
3053 3610 3138 3671 qni

553 3676 804 3732 dicuntur,
842 3678 875 3724 l.
915 3690 960 3723 e.
993 3677 1161 3737 itaque
1191 3673 1239 3721 ai
1262 3671 1468 3734 scripsit
1493 3673 1627 3736 quod
1654 3673 1702 3720 in
1738 3672 1884 3721 libris
1916 3680 2011 3733 est,
2051 3688 2078 3720 0
2109 3681 2207 3720 ete
2246 3686 2344 3719 303
2381 3684 2563 3722 sonant
2604 3674 2800 3734 breve3‚
2838 3673 2930 3724 hoc
2963 3678 3133 3735 voluit,

555 3761 584 3793 0
622 3750 671 3793 et
708 3762 735 3792 e
772 3743 950 3793 breves
987 3744 1263 3792 naturalem
1302 3756 1471 3790 sonum
1508 3758 1603 3791 non
1637 3742 1841 3792 habere.
1892 3757 2052 3806 quare
2088 3757 2216 3806 quae
2254 3745 2350 3792 iam
2389 3751 2664 3808 sequuntnr
2692 3743 2755 3792 de
2797 3760 2825 3791 0
2869 3748 3034 3797 vocali
3060 3750 3136 3796 sic

549 3816 665 3876 sere
705 3815 777 3864 ad
811 3813 1121 3878 yrammatici
1162 3813 1355 3877 quidem
1389 3820 1591 3862 mentem
1631 3815 1814 3877 refinyi
1850 3821 2086 3875 possunt.
2132 3826 2244 3860 33111
2288 3826 2316 3861 0
2361 3814 2564 3875 0333ᾶο
2599 3814 2765 3863 brevis
2801 3823 2893 3871 est,
2932 3817 3135 3879 penitus

555 3899 653 3934 1103
690 3893 839 3933 sonat
869 3898 927 3945 ος
969 3882 1171 3945 quando
1214 3882 1365 3947 longa
1403 3890 1506 3941 est,
1541 3883 1614 3931 sic
1653 3892 1830 3943 30331,
1879 3891 1931 3929 31
1966 3883 2009 3930 ei
2042 3882 2183 3929 dicas
2222 3897 2251 3929 o
2283 3893 2430 3930 sonat
2570 3882 2601 3934 3
2635 3894 2688 3932 31
2724 3884 2770 3932 si
2808 3884 2949 3934 dicas
2986 3898 3136 3936 sonat

555 3971 691 4004 corr.
728 3958 795 4004 al.
835 3969 965 4004 man.
1004 3963 1058 4001 31
1091 3952 1134 4000 si
1172 3953 1312 4001 dicas
1351 3952 1565 4002 01130331
1600 3952 1645 4000 Β
1819 3954 1850 4001 4
1889 3951 1930 4000 si
1968 3952 2110 3999 dicas
2149 3952 2253 3999 obit
2290 3951 2384 4000 Ba
2430 3952 2527 4002 sibi
2563 3953 2667 4002 obit
2701 3954 2750 4002 A
2785 3954 2884 4003 sibi
2923 3956 3044 4004 obiit
3084 3958 3133 4007 L

693 4021 927 4072 similiter
952 4039 979 4071 e
1006 4023 1151 4071 aliter
1188 4022 1341 4088 longa
1375 4022 1523 4071 aliter
1560 4021 1732 4070 breuis
1770 4030 1917 4071 sonat
1953 4021 2108 4088 longa
2142 4031 2220 4071 est
2254 4023 2296 4069 si
2339 4022 2479 4071 BCa
2511 4023 2743 4072 similiter
2781 4040 2808 4073 e
2847 4026 2989 4074 aliter
3023 4028 3134 4076 bre·

558 4094 636 4141 uis
679 4104 751 4141 est
791 4094 936 4142 aliter
984 4092 1135 4157 longa
1173 4101 1249 4142 est
1299 4092 1403 4156 (331
1442 4108 1534 4146 om,
1573 4091 1653 4155 A)
1691 4092 1734 4140 si
1772 4092 1854 4141 A?
1883 4091 1926 4139 L
2100 4092 2129 4138 7
2167 4101 2223 4141 111
2258 4088 2323 4157 ei]
2372 4103 2457 4141 331
2495 4093 2536 4141 si
2571 4091 2738 4144 ABG
2771 4108 2829 4143 30
2866 4097 2909 4144 si
2951 4095 2998 4143 L

554 4162 588 4214 8
624 4161 787 4224 siquis
826 4163 920 4212 1100
959 4162 1190 4225 10033131·
1225 4161 1275 4211 Β
1310 4162 1354 4210 si
1392 4162 1506 4225 quis
1542 4162 1640 4212 hoc
1678 4161 1899 4225 loquitur
1931 4162 2041 4211 AL
2075 4161 2119 4210 si
2157 4161 2245 4224 031
2281 4163 2356 4211 sic
2392 4161 2615 4225 loquitur
2648 4177 2682 4210 a
2710 4165 2756 4212 si
2793 4166 2906 4235 quis
2940 4164 3022 4214 hic
3059 4166 3133 4215 lo-

556 4247 737 4295 querer
775 4232 816 4282 G
951 4233 986 4282 9
1016 4233 1137 4282 dicit
1164 4232 1235 4281 ita
1271 4231 1422 4281 BGa
1458 4232 1587 4281 dicis
1617 4233 1687 4280 ita
1718 4232 1765 4280 A
1801 4231 1927 4280 dixit
1968 4233 2035 4280 113
2072 4232 2119 4280 L
2261 4233 2597 4281 terrentianus
2638 4233 2776 4283 BL:
2818 4235 2883 4284 de
2910 4251 3134 4298 pronun-

554 4304 754 4352 tiatione
792 4318 819 4351 e
869 4309 918 4352 et
954 4317 983 4352 o
1017 4303 1256 4352 vocalium
1295 4302 1431 4351 dixit
1472 4301 1805 4351 Terentianus
1839 4317 1884 4349 v.
1926 4302 2024 4352 116
2054 4319 2166 4368 sqq.
2187 4338 2199 4356 .
2239 4318 2530 4367 quamquam
2568 4318 2663 4352 non
2696 4318 2914 4366 prorsus
2947 4320 3011 4354 ea
3047 4307 3134 4355 do·

554 4375 672 4435 cuit,
711 4388 840 4437 quae
873 4374 1139 4437 Pompeius
1173 4374 1221 4421 ei
1247 4372 1418 4421 tribuit
1554 4370 1619 4421 10
1659 4371 1888 4436 proferre
1938 4372 2311 4422 Linde-mannus
2453 4374 2517 4423 12
2554 4383 2608 4421 31
2641 4388 2731 4422 om.
2773 4375 2940 4426 ABG
2953 4375 2998 4423 L

562 4444 623 4495 123
665 4441 750 4510 sit]
798 4442 852 4491 tit
899 4443 941 4490 L
1082 4442 1250 4490 dicere
1296 4442 1501 4490 breuem
1543 4442 1738 4499 (bren-s
1778 4456 1914 4492 corr.
1960 4458 2060 4491 -em
2100 4441 2165 4506 C)
2208 4458 2234 4489 e
2270 4441 2570 4507 simpliciter
2601 4453 2806 4492 sonato
2844 4444 2901 4508 (0
2936 4461 3029 4496 om.
3059 4446 3132 4507 B)

563 4516 717 4579 longa
751 4514 815 4561 sit
849 4512 955 4562 BC
990 4513 1158 4562 dicere
1196 4513 1398 4560 breuem
1443 4511 1597 4576 longa
1634 4513 1701 4561 sit
1742 4515 1785 4558 Α
1807 4512 1882 4560 L.-
1918 4512 2099 4579 laeana
2143 4528 2287 4577 quam
2319 4513 2539 4563 indicavi
2571 4512 2697 4563 Ilaec
2727 4515 2843 4575 sere
2882 4515 3136 4565 excidisse

557 4583 805 4643 videntur,
847 4583 963 4632 item
1003 4582 1262 4644 quaeritur
1297 4594 1327 4630 0
1361 4582 1516 4647 longa
1549 4582 1613 4632 sit
1723 4582 1786 4632 15
1825 4583 1971 4644 quasi
2010 4584 2138 4633 intra
2170 4582 2313 4633 BGa
2341 4583 2543 4649 quaudo
2585 4583 2714 4632 intra
2751 4585 2798 4633 A
2937 4587 3007 4635 24
3041 4586 3132 4634 sed

558 4653 657 4703 hae
686 4667 777 4702 sex
806 4654 1022 4702 uirtutes
1057 4650 1443 4715 significationis
1475 4651 1541 4709 A,
1571 4659 1625 4701 ut
1658 4652 1872 4710 videtur,
1912 4653 2000 4701 sed
2032 4652 2158 4702 11330
2185 4652 2248 4703 Ul
2287 4653 2498 4702 uirtutes
2534 4651 2921 4719 significationis
2964 4657 3010 4704 L
3041 4656 3131 4704 sed

562 4724 772 4772 uirtutes
810 4721 1198 4787 significationis
1228 4722 1277 4771 B
1313 4721 1400 4770 sed
1442 4719 1534 4770 hae
1560 4722 1948 4787 significationis
1984 4722 2058 4772 ab
2096 4724 2188 4773 sed
2224 4721 2318 4771 1133
2355 4722 2754 4787 significatione·
2790 4724 2831 4773 C
2932 4724 3001 4775 26
3032 4740 3132 4775 303

560 4801 678 4841 sunt
708 4806 1001 4842 communes
1037 4793 1165 4840 istae
1201 4799 1302 4839 tres
1334 4790 1439 4840 AL
1476 4806 1576 4841 non
1611 4801 1728 4841 sunt
1757 4806 2052 4843 communes
2085 4804 2207 4858 puta
2243 4800 2296 4841 31
2327 4792 2390 4841 sit
2428 4793 2618 4842 uocalis
2656 4800 2708 4843 31
2745 4795 2812 4844 sit
2848 4796 3135 4846 seminece-

561 4862 625 4911 113
662 4870 715 4911 31
751 4862 917 4911 media
954 4871 1057 4911 tres
1090 4862 1218 4910 istae
1247 4860 1393 4911 Bca
