3541 5564
1282 416 1378 477 DE
1426 415 1672 477 DVBllS
1723 415 2133 478 NoMthssvs
2867 411 2989 478 587

2637 523 2936 576 lass—941³.

589 601 799 662 Perdix
857 605 1098 679 generis
1154 606 1458 672 seminini,
1520 613 1584 663 ut
1644 606 1827 666 Varro
1885 603 2152 682 ‘garrula
2222 603 2427 664 limoso
2483 606 2770 684 prospicit
2839 604 2988 664 elice

417 705 679 785 perdix'.

587 805 597 889 )
653 807 1020 867 Parsimonia
1081 809 1322 883 generis
1380 810 1668 869 seminini.
1761 808 1864 868 sed
1922 808 2204 886 Virgilius
2275 810 2701 887 parsimonium
2758 815 2993 887 tempus

416 907 532 969 sibi
579 910 747 969 dixit.

364 1023 388 1063 5
583 1011 960 1072 Praetextum
1017 1014 1254 1089 generis
1319 1015 1534 1072 neutri.
1627 1013 1728 1072 sed
1785 1013 1921 1072 vicit
1979 1013 2373 1081 consuetudo,
2443 1031 2593 1092 quae
2661 1020 2992 1092 praetextas

415 1113 584 1183 dicit,
635 1116 912 1192 quoniam
960 1121 1090 1192 toga
1138 1124 1464 1193 praetexta.

582 1214 804 1275 Puteus
857 1219 1098 1292 generis
1155 1217 1497 1284 masculini,
1559 1217 1661 1277 sed
1720 1220 1883 1295 putei
1954 1220 2010 1277 in
2069 1216 2372 1294 evangelio
2429 1219 2577 1300 mira
2634 1218 2695 1276 in
2765 1217 2993 1297 reliquo

413 1317 768 1377 differentia.
861 1325 1034 1396 putea
1093 1321 1250 1378 enim
1311 1338 1598 1399 aquarum
1666 1319 1829 1379 Italis
1897 1321 2166 1379 fontanas
2231 1318 2516 1398 appellari
2583 1326 2812 1379 certum
2879 1327 2984 1379 est.

414 1419 569 1479 unde
614 1421 674 1479 in
721 1420 1025 1497 evangelio
1074 1421 1183 1498 (Io.
1229 1417 1318 1489 4,·
1345 1418 1439 1500 11)
1489 1423 1621 1482 sons
1664 1420 1840 1481 Iacob
1886 1428 1948 1480 et
1992 1422 2241 1500 eputeus
2285 1421 2468 1482 altus’
2517 1421 2755 1482 dieitur.

340 1537 386 1574 10
582 1521 829 1581 Pilleum
874 1523 1112 1598 generis
1160 1525 1386 1590 neutri,
1444 1530 1508 1582 ut
1553 1522 1737 1582 Varro
1795 1525 1922 1582 ‘est
1966 1521 2086 1582 ibi'
2147 1524 2365 1602 inquit,
2416 1524 2502 1583 esi
2548 1525 2829 1591 festinaS‚
2878 1522 2989 1602 pil-

413 1624 626 1695 leum’.
716 1622 873 1702 quod
920 1622 1213 1683 Homerus
1257 1619 1477 1701 gene‘re
1526 1625 1850 1685 masculino
1895 1626 2062 1685 dixit.

579 1725 846 1802 Pugnum
907 1723 1146 1785 Plautus
1207 1723 1388 1804 (capt.
1439 1711 1545 1785 llll
1589 1723 1660 1794 2,
1715 1724 1809 1808 16)
1868 1745 2087 1804 genere
2135 1735 2345 1787 neutro
2391 1727 2565 1793 dixit,
2626 1728 2803 1787 ‘mihi
2847 1726 2991 1787 haec

414 1825 624 1886 balista
673 1844 937 1905 pugnum
986 1828 1127 1886 est’.
1221 1829 1321 1888 sed
1374 1827 1584 1888 melius
1630 1827 2024 1888 masculinum
2069 1834 2174 1888 est.

580 1927 686 1987 Pix
732 1931 971 2004 generis
1015 1929 1318 1998 seminini,
1369 1938 1429 1990 ut
1476 1931 1659 1990 Varro
1706 1930 2059 2010 ‘Idaeasque
2106 1932 2324 2008 pices’.

339 2048 385 2086 ιε)
583 2026 830 2106 Pelagus
875 2033 1114 2107 generis
1160 2034 1390 2101 neutri,
1442 2040 1505 2092 ut
1538 2031 1817 2110 Virgilius
1862 2033 1953 2111 (A.
1990 2033 2033 2090 V
2064 2029 2122 2111 8)
2174 2032 2453 2111 ‘pelagus
2498 2041 2742 2093 tenuere
2775 2034 2987 2092 rates’.

579 2130 894 2209 Praesepia
943 2140 1138 2192 vetant
1182 2135 1552 2210 grammatici
1619 2134 2007 2210 singulariter
2052 2136 2205 2202 dici;
2265 2142 2323 2193 et
2370 2134 2440 2193 de
2492 2132 2497 2215 Ι
2546 2151 2764 2211 genere
2812 2153 2987 2213 quae-

410 2234 583 2291 ritur.
675 2234 777 2292 sed
827 2233 1008 2293 Varro
1066 2233 1210 2292 haee
1270 2239 1574 2315 praesepis
1621 2244 1680 2295 et
1724 2234 1864 2295 alibi
1909 2236 2020 2295 hoe
2068 2254 2375 2314 praesepe.
2469 2236 2635 2296 Cotta
2681 2237 2871 2296 enune
2917 2236 2986 2295 ad

410 2336 752 2413 praesepia’
788 2354 1028 2413 prop...
1067 2337 1216 2395 ‘non
1252 2345 1386 2396 sunt
1419 2339 1476 2396 in
1513 2337 1902 2416 praesepibus
1931 2337 2162 2406 boves',
2199 2345 2256 2396 et
2290 2336 2572 2414 Virgilius
2621 2336 2696 2413 (9.
2732 2336 2809 2396 nl
2838 2333 2981 2415 495)

411 2436 613 2513 ‘plena
682 2436 752 2495 ad
822 2440 1129 2515 praesepia
1203 2440 1480 2516 ponunt’.
1573 2439 1678 2498 sed
1744 2440 2169 2498 consuetudine
2245 2447 2458 2499 neutro
2520 2457 2739 2516 genere
2816 2457 2984 2518 prae-

307 2518 381 2595 ’ρο
408 2546 520 2597 stat
566 2538 704 2597 diei.

579 2640 693 2700 Pax
739 2642 982 2717 generis
1029 2642 1299 2701 seminini
1349 2650 1408 2701 et
1455 2641 1742 2721 pluralem
1791 2625 1905 2701 non
1956 2641 2146 2702 habet.

584 2879 607 2929 1
651 2856 989 2944 penlix‘Non.
1033 2880 1136 2929 218
1169 2880 1332 2931 Prisc.
1380 2881 1490 2939 leo,
1533 2883 1594 2931 ις»
1763 2882 1795 2929 5
1841 2888 2149 2944 praetextum
2190 2880 2337 2929 char.
2381 2878 2463 2942 04,
2502 2877 2536 2927 a
2681 2880 2742 2929 10
2778 2880 2982 2944 pilleum

414 2949 538 3001 Non.
568 2951 671 2998 220
816 2952 873 2999 14
916 2953 1001 3014 p'x
1040 2950 1190 3002 Char,
1231 2951 1315 3007 5⁸1,
1354 2954 1421 2999 ‘26
1534 2952 1593 3000 15
1632 2950 1847 3015 pelagus
1886 2951 2034 2999 Prob.
2067 2950 2186 3005 208,
2225 2952 2257 2998 4
2298 2951 2421 3010 Cap.
2465 2948 2599 2997 22⁴9
2743 2950 2806 2999 le
2841 2965 2983 3015 prae-

411 3019 553 3081 sepia
588 3020 737 3071 Clmr.
778 3018 863 3081 59,
902 3021 951 3069 ll
1000 3020 1126 3069 Non.
1171 3021 1271 3071 218
1312 3021 1465 3071 Proh.
1506 3023 1555 3079 8,
1591 3023 1623 3068 3
1730 3020 1791 3071 21
1836 3035 1935 3085 pax
1969 3034 2081 3069 eoec.
2121 3019 2273 3073 Char.
2315 3020 2438 3081 548,
2470 3018 2502 3068 8
2543 3019 2670 3067 Non.
2717 3019 2814 3069 149

579 3223 600 3271 1
645 3222 825 3290 Varro]
872 3226 1050 3288 perdix
1089 3235 1138 3274 et
1183 3226 1457 3275 masculino
1502 3242 1691 3290 genere
1735 3225 1834 3274 dici
1885 3232 2077 3289 potest:
2119 3226 2275 3273 Varro
2319 3225 2368 3273 in
2401 3224 2714 3273 admirandis
2753 3225 2982 3288 pei-dicas

410 3292 636 3342 boeotius
677 3294 881 3346 Nonius.
921 3311 1096 3343 versus
1126 3297 1210 3359 qui
1242 3298 1470 3361 sequitur
1513 3306 1587 3344 ese
1633 3296 1800 3344 Ovidii
1843 3303 2032 3345 melma.
2076 3295 2186 3342 Vlll
2228 3294 2326 3344 237
2493 3292 2526 3343 3
2565 3295 2875 3357 parsimonia
2911 3299 2985 3343 vel

409 3363 773 3425 parsimoniam
812 3365 952 3426 apud
981 3366 1248 3429 Vergyilium
1283 3381 1376 3414 non
1411 3369 1608 3429 leyilur.
1649 3366 2014 3429 pai-simonium
2055 3375 2255 3428 tempus
2281 3363 2378 3411 cibi
2416 3365 2623 3414 coniecit
2649 3364 2713 3413 R.
2751 3366 2800 3413 V
2801 3379 2984 3427 nyerus

407 3433 469 3480 de
506 3434 654 3497 Valy.
694 3449 834 3498 poem
903 3451 957 3497 p.
996 3436 1123 3485 210.
1177 3438 1310 3499 quod
1346 3440 1509 3484 neseio
1552 3453 1648 3500 qno
1688 3436 1831 3484 modo
1880 3434 1951 3482 acl
1987 3434 2145 3485 Prud.
2183 3433 2314 3483 cath.
2348 3436 2407 3489 7,
2452 3435 2483 3480 3
2521 3433 2724 3496 adesto,
2764 3434 2981 3495 Christe,

406 3503 559 3551 castis
599 3505 921 3567 parsimoniis
979 3507 1172 3565 referri
1214 3507 1363 3553 voluit
1503 3507 1534 3552 ἴ)
1581 3507 1712 3553 uicet
1752 3503 1883 3552 MV
2016 3504 2326 3568 praetexitas
2363 3504 2487 3551 dicit
2526 3503 2659 3552 MV
2792 3504 2825 3553 6
2863 3512 2980 3570 toga

408 3582 672 3637 praecepta
714 3576 766 3622 V
903 3574 932 3621 7
974 3584 1149 3638 potens
1184 3577 1248 3627 L.
1290 3576 1518 3637 fortasse
1552 3586 1731 3639 puteus
1768 3574 1972 3638 generis
2003 3572 2283 3632 masculini,
2321 3574 2451 3621 unde
2482 3574 2531 3621 iu
2561 3572 2827 3638 evangelio
2868 3574 2982 3622 sous

409 3643 552 3690 laceb
586 3653 765 3705 puteus
801 3644 933 3691 altus
971 3646 1171 3696 dieitur.
1213 3646 1301 3693 sed
1331 3646 1458 3693 mira
1493 3646 1542 3692 iu
1575 3646 1767 3707 reliquo
1801 3656 1896 3697 etc.
2004 3642 2037 3693 8
2074 3642 2176 3690 itali
2215 3640 2275 3689 M
2381 3642 2415 3692 9
2449 3640 2582 3706 fons]
2629 3641 2815 3692 fontem
2850 3644 2982 3692 MV

527 3711 587 3761 10
624 3714 827 3777 pilleum
859 3714 968 3762 Ouo
999 3713 1215 3779 pelleum
1250 3722 1457 3795 utroque
1493 3717 1599 3763 Ioco
1627 3713 1762 3764 MV
1792 3713 2013 3777 pylleum
2046 3713 2089 3761 L
2126 3712 2347 3760 Pteleum
2383 3715 2586 3763 coniecit
2617 3713 2869 3776 Hauptius
2898 3730 2975 3762 re-

397 3782 575 3844 serens
605 3785 677 3831 ud
701 3785 845 3836 llam,
879 3783 940 3834 Il.
971 3784 1022 3832 B
1046 3782 1144 3833 697
1173 3782 1428 3834 Πτελεον
1455 3782 1759 3848 λεχεποίην
1862 3781 1928 3846 si]
1972 3798 2026 3831 se
2055 3781 2111 3829 M
2135 3783 2190 3830 V
2291 3781 2531 3831 festinans
2572 3782 2635 3831 M
2746 3783 2800 3832 ll
2843 3800 2978 3831 nme-

404 3868 489 3899 rus
535 3853 585 3900 V
610 3853 774 3901 omens
809 3851 892 3901 M:
937 3852 995 3906 le.
1032 3854 1084 3901 K
1120 3854 1219 3902 265
1262 3845 1437 3918 μέσσῃ
1464 3848 1520 3899 δ’
1550 3844 1636 3901 ἐνὶ
1665 3854 1831 3910 πῖλος
1858 3843 2057 3916 ἀρήρει
2170 3852 2228 3901 12
2265 3868 2463 3916 pugnus
2490 3869 2609 3917 geu.
2643 3868 2796 3900 niase.
2830 3854 2873 3901 L

404 3920 568 3969 lautus
598 3921 659 3969 M
769 3922 831 3971 13
858 3922 948 3970 sed
981 3938 1104 3970 mas.
1131 3923 1309 3971 melius
1335 3932 1409 3969 est
1440 3920 1503 3970 M
1603 3922 1662 3970 14
1692 3918 1869 3983 Varro]
1903 3923 1964 3969 de
1989 3921 2313 3970 similitudine
2342 3924 2606 3971 verborum
2634 3924 2673 3971 ll
2705 3922 2977 3971 Charisius.

401 3994 674 4054 exemplum
711 3992 844 4055 quod
877 3993 1101 4057 sequitur·
1135 4001 1210 4041 esc
1250 3992 1463 4054 Ver-,quii
1484 4006 1660 4054 (seory.
1700 3991 1761 4038 lli
1798 3990 1901 4039 450
2042 3992 2106 4041 15
2147 3992 2351 4056 pilagus
2389 4001 2596 4056 utroque
2632 3994 2741 4041 loco
2784 3992 2850 4041 M
2885 4008 2964 4057 py-

405 4061 550 4125 lagns
598 4064 650 4112 V
684 4062 900 4125 pillabus
936 4063 984 4111 L
1124 4070 1311 4111 temere
1349 4060 1414 4109 M
1439 4062 1488 4108 V
1628 4058 1689 4109 16
1720 4060 2008 4125 presepium
2046 4075 2165 4125 gen.
2208 4071 2342 4112 neut.
2385 4063 2433 4111 L
2575 4057 2762 4127 vetant]
2798 4073 2978 4111 uocant

403 4131 538 4180 MV
671 4133 939 4195 grammati
984 4132 1048 4181 M
1217 4129 1336 4195 sing
1371 4139 1419 4178 et
1455 4131 1517 4178 de
1555 4144 1740 4194 genere
1780 4132 1838 4193 cii·
1880 4130 1940 4178 M
1974 4132 2284 4196 singularem
2321 4142 2368 4179 et
2417 4131 2479 4179 de
2516 4146 2702 4196 genere
2732 4143 2976 4194 quaerunt

301 4204 307 4209 ’
400 4217 469 4249 ex
513 4203 564 4249 V
588 4202 747 4251 edidit
769 4203 1024 4265 Hauplius
1171 4202 1228 4251 17
1268 4200 1356 4248 sed
1387 4214 1532 4248 uarro
1570 4199 1745 4247 horum
1789 4201 2067 4265 praesepiis
2102 4200 2263 4251 MV.-
2298 4204 2384 4250 sed
2428 4202 2585 4249 Varro
2616 4200 2792 4248 harum
2833 4216 2975 4266 prae·

399 4271 555 4336 sepiis
593 4279 643 4319 et
680 4272 797 4321 alibi
836 4270 967 4320 hanc
992 4285 1307 4335 praesepem.
1343 4280 1515 4317 eontra
1552 4268 1782 4319 Tibullus
1822 4275 1991 4318 ‘nune
2029 4272 2089 4318 ad
2135 4271 2397 4334 praesepia
2431 4271 2613 4318 debent
2651 4270 2801 4335 plena
2836 4286 2974 4319 coro·

402 4348 516 4388 nato
552 4350 685 4389 stare
721 4342 876 4390 boves
914 4343 1133 4405 capite’3
1173 4340 1374 4405 proprie
1410 4341 1543 4387 enim
1581 4340 1768 4386 suntin
1800 4341 2131 4403 praesepibus
2163 4341 2316 4387 boves
2354 4338 2417 4388 R.
2454 4341 2687 4403 anerus
2724 4340 2787 4388 de
2822 4341 2970 4405 Vul9.

393 4424 552 4474 poem.
597 4428 653 4474 p.
692 4412 795 4463 209
831 4412 943 4463 coll.
991 4413 1151 4463 Varr,
1193 4427 1239 4463 r.
1278 4425 1323 4457 r.
1362 4411 1399 4457 ll
1436 4410 1497 4468 2,
1541 4408 1603 4457 19
1636 4408 1814 4457 harum
1853 4409 2117 4473 praesepia
2155 4411 2214 4465 5,
2259 4409 2319 4460 16
2358 4411 2407 4457 in
2453 4410 2733 4474 praesepiis
2774 4410 2787 4456 l
2825 4408 2913 4473 13,
2945 4412 2977 4456 o

399 4480 539 4541 apud
575 4479 780 4530 Nonium
806 4496 859 4543 p.
904 4480 1007 4530 ‘218
1046 4480 1329 4544 praesepim
1368 4478 1516 4527 latam
1661 4477 1752 4526 hoc
1793 4482 2035 4543 praesepe
2077 4481 2129 4526 V
2158 4478 2251 4526 hoc
2287 4493 2584 4544 praesepem
2622 4479 2686 4527 M
2823 4483 2976 4526 ‘nunc

401 4549 466 4597 nd
503 4552 763 4616 praesepia
798 4554 963 4600 neseio
998 4567 1063 4598 an
1098 4567 1193 4600 non
1228 4552 1292 4598 sit
1323 4549 1512 4605 Cottae,
1550 4549 1644 4598 sed
1684 4547 1867 4595 Tibula·
1909 4550 1949 4596 ll
1996 4551 2039 4603 l.
2080 4550 2129 4599 7.
2167 4548 2346 4597 deinde
2381 4550 2616 4598 nonnulla
2657 4550 2971 4600 exciderunt.

400 4628 495 4667 tum
535 4628 748 4669 secutum
785 4623 981 4670 videtur
1016 4623 1217 4686 proprie
1263 4634 1357 4667 non
1407 4628 1523 4667 sunt
1563 4621 1612 4666 iu
1655 4634 1732 4682 pr.
1766 4619 1950 4667 boves'
1990 4620 2259 4680 Haupeius.
2298 4618 2468 4668 Cottae
2496 4634 2666 4668 nomen
2693 4627 2974 4682 corruptum

401 4704 511 4739 esse
548 4691 754 4739 videtur.
806 4693 869 4741 de
908 4694 1113 4755 reliquis
1148 4690 1341 4751 dubito,
1379 4698 1537 4738 mrum
1568 4692 1616 4737 in
1657 4696 1903 4749 eor-rupea
1937 4689 2154 4738 codicum
2187 4690 2443 4750 scriptura
2476 4688 2581 4753 (pp‘
2611 4690 2640 4736 ιῖ
2684 4690 2737 4737 V
2764 4692 2843 4754 ,pp
2872 4703 2970 4737 nou

404 4758 488 4813 M)
525 4774 691 4807 nomen
726 4754 990 4826 scriptorii}
1024 4764 1199 4822 lateat,
1234 4777 1301 4807 tm
1328 4760 1697 4809 consuetudinis
1734 4761 1963 4821 exempla
1989 4760 2216 4822 posuerit
2241 4760 2475 4821 scriptor,
2513 4773 2640 4807 nunc
2679 4759 2744 4807 ad
2773 4773 2971 4822 praese0

403 4830 483 4891 pia
520 4841 804 4892 properant,
844 4842 959 4881 sunt
995 4831 1046 4879 in
1083 4830 1416 4896 praesepibus
1445 4830 1597 4879 boves
1709 4827 1774 4879 1ss
1798 4830 2109 4879 consuetudo
2136 4829 2267 4878 MV
2375 4829 2440 4878 21
2476 4843 2577 4893 pax
2610 4836 2730 4893 post
2766 4842 2971 4894 porrum

396 4899 545 4949 habet
583 4899 627 4947 L

2433 4981 2515 5046 38
2534 4985 2568 5023 *
