3541 5564
569 358 694 422 556
1491 363 1492 366 ’
1617 359 1894 420 FRAGM.
1942 359 2109 420 ΒΟΒ.

623 482 663 521 p.
697 470 781 508 128.
808 471 857 509 29
889 468 939 508 V.

873 567 1003 608 nec
1049 566 1215 627 spes
1261 548 1656 607 libertatis
1702 555 1867 607 erat
1910 564 2042 605 nec
2088 564 2265 605 cura
2313 545 2590 624 peculi,

572 652 714 711 item
2494 719 2497 724 ‚

869 752 1342 830 Parthenope
1389 751 1676 810 studiis
1722 749 2128 811 florentem
2177 748 2548 827 ignobilis
2606 751 2744 817 oti,

569 861 629 912 ct
673 852 814 914 alibi
1491 858 1495 862 ’

868 955 990 1015 bic
1034 953 1452 1016 tamenille
1498 953 1749 1013 urbem
1798 954 2047 1015 Patavi
2096 953 2461 1032 sedesque
2512 953 2791 1012 locavit

572 1076 679 1136 pro
723 1057 952 1117 Horatii
1003 1059 1224 1134 tugurii
1271 1056 1489 1134 peculii
1536 1057 1643 1116 otii
1688 1056 1936 1116 Patavii.

659 1192 670 1207 ·
731 1158 817 1219 De
863 1161 1128 1218 vocativo
1173 1158 1482 1235 singulari.
1570 1177 1680 1236 per
1734 1176 1939 1217 omnes
1985 1157 2415 1217 declinationes
2460 1158 2520 1215 in
2567 1153 2767 1216 latinis
2811 1154 3152 1215 nominibus

569 1260 724 1319 idem
773 1242 892 1319 erit
935 1261 1233 1320 vocativus
1278 1262 1379 1338 qui
1426 1267 1484 1318 et
1528 1261 1958 1328 nominativuS‚
2006 1268 2246 1338 praeter
2290 1276 2536 1336 graeca,
2586 1277 2736 1336 quae
2784 1266 2841 1316 et
2887 1260 3009 1317 suis
3054 1277 3149 1316 re-

564 1360 718 1438 gulis
762 1364 1030 1421 serviunt
1073 1371 1132 1422 et
1178 1360 1409 1429 latinis,
1459 1369 1519 1420 et
1563 1369 1802 1440 praeter
1832 1381 1900 1423 ea
1933 1380 2084 1441 quae
2130 1369 2191 1421 et
2235 1360 2527 1420 secundae
2559 1358 2969 1419 declinationis
3012 1369 3151 1419 sunt

565 1471 623 1522 et
665 1483 737 1523 us
783 1465 1195 1522 terminantur.
1244 1482 1311 1522 ea
1343 1465 1499 1522 enim
1533 1462 1705 1522 modo
1751 1483 1815 1532 e,
1862 1464 2035 1523 modo
2072 1466 2091 1522 i
2124 1464 2455 1522 vocativum
2501 1461 2897 1522 determinant
2941 1479 3145 1522 suum:
3183 1460 3233 1518 ὦ

563 1572 703 1623 tunc
749 1566 801 1633 i,
869 1583 1003 1624 cum
1061 1584 1129 1625 us
1187 1584 1334 1643 pura
1390 1565 1575 1624 suerit
1629 1565 2015 1625 antecedente
2076 1567 2093 1624 i
2151 1564 2349 1624 littera
2407 1571 2467 1623 et
2522 1565 2765 1642 propria
2821 1564 2966 1628 sint,
3029 1582 3145 1622 non

563 1665 944 1744 appellativa:
992 1665 1183 1728 ablata
1228 1668 1386 1726 enim
1433 1667 1637 1726 eadem
1685 1686 1756 1726 us
1799 1666 2022 1746 syllaba
2068 1667 2292 1726 faciunt
2337 1667 2694 1735 vocativum,
2742 1672 2808 1725 ut
2853 1664 3149 1742 Vergilius

561 1786 596 1824 o
640 1767 893 1843 Vergili,
942 1767 1264 1828 Terentius
1308 1787 1342 1826 o
1388 1767 1662 1829 Terenti:
1714 1776 1854 1828 tunc
1899 1788 1964 1838 e,
2012 1787 2145 1828 cum
2185 1788 2255 1829 ex
2302 1767 2395 1828 his
2441 1767 2636 1828 tribus
2679 1767 2769 1827 vel
2815 1785 2996 1827 unum
3043 1767 3145 1826 ‹le-

561 1870 766 1938 suerit,
835 1877 936 1930 aut
1001 1888 1148 1949 pura
1214 1889 1315 1940 ηε,
1386 1880 1485 1931 aut
1542 1873 1561 1930 i
1619 1870 2004 1940 antecedens,
2066 1877 2167 1930 aut
2221 1872 2348 1949 ipsa
2403 1873 2758 1949 proprietas.
2850 1871 3147 1947 excipitur

561 1988 740 2029 unum
796 1971 979 2030 filius:
1039 1973 1149 2032 hoc
1207 1973 1393 2042 enim,
1450 1975 1718 2052 quamvis
1774 1991 1892 2032 non
1950 1974 2028 2032 sit
2078 1974 2417 2052 proprium,
2476 1978 2672 2031 tamen
2721 1971 2960 2048 regulae
3006 1989 3231 2049 pro-15,

561 2073 829 2150 priorum
874 2074 1131 2152 inrepsit
1177 2081 1234 2132 et
1281 2077 1610 2134 vocativum
1656 2093 1829 2135 suum
1873 2076 2017 2134 fecit
2061 2093 2095 2132 o
2140 2073 2250 2142 lili,
2298 2076 2452 2133 sicut
2495 2072 2676 2133 lulius
2720 2093 2755 2131 o
2799 2072 2930 2134 Iuli.

725 2173 809 2233 De
867 2176 1130 2251 genitivo
1187 2183 1248 2235 et
1292 2175 1486 2236 dativo
1533 2174 1880 2255 pluralibus
1969 2178 2161 2255 prima
2207 2175 2526 2235 declinatio
2571 2183 2631 2235 et
2674 2176 2931 2236 secunda
2977 2177 3145 2252 geni-

557 2278 742 2336 tivum
788 2276 1074 2356 pluralem
1120 2278 1345 2338 faciunt
1390 2277 1588 2338 addita
1633 2297 1766 2338 rum
1813 2276 2038 2357 syllaba
2085 2276 2340 2338 ablativo
2385 2280 2546 2337 casui
2594 2279 2913 2356 singulari,
2963 2283 3026 2336 ut
3068 2276 3145 2336 ab

557 2378 666 2438 hoc
723 2387 891 2457 poeta
950 2379 1162 2438 horum
1221 2387 1561 2458 poetarum,
1622 2379 1696 2438 ab
1755 2380 1865 2439 boc
1912 2379 2082 2439 docto
2129 2379 2337 2439 horum
2384 2378 2713 2438 doctorum.
2803 2379 2901 2439 hic
2946 2386 3143 2438 tamen

555 2479 910 2558 aliquotiens
954 2489 1196 2540 ornatus
1240 2483 1428 2558 gratia
1475 2481 1565 2541 vel
1611 2483 1787 2541 metri
1820 2483 2172 2541 necessitate
2221 2481 2310 2540 vel
2356 2481 2785 2541 consuetudine
2832 2484 3146 2540 vetustatis
3174 2501 3231 2536 2⁰

555 2600 662 2659 per
706 2577 1056 2661 συγκοπήν
1100 2584 1535 2660 pronuntiatur.
1628 2584 1687 2642 in
1748 2585 1936 2661 prima
1995 2584 2236 2662 quidem
2293 2582 2688 2643 declinatione
2745 2584 2807 2642 in
2853 2583 2947 2642 his
2991 2601 3143 2662 quac

553 2686 876 2761 composita
931 2692 1096 2753 sunt,
1129 2692 1220 2762 ‘ut
1280 2684 1690 2744 caelicolarum
1758 2684 2138 2753 caelicolum,
2207 2686 2660 2762 omnigenarum
2731 2686 3143 2759 omnigenum:

554 2785 851 2863 Vergilius

1905 2908 2320 2968 superoque
2369 2891 2735 2950 nitentem

854 2991 1297 3050 caelicolum
1344 2995 1506 3067 regi
1556 2990 1959 3050 mactabam
2008 2993 2079 3050 in
2126 2990 2358 3051 litore
2408 3000 2729 3061 taurum,
3170 3012 3227 3049 εἴ»

552 3093 711 3152 idem
2784 3074 2788 3083 ⁵
3261 3084 3267 3091 ’

854 3195 1485 3273 omnigenumque
1533 3195 1742 3253 deum
1790 3203 2117 3254 monstra
2165 3204 2234 3253 et
2281 3194 2604 3255 latrator
2650 3194 2956 3255 Anubis,

552 3297 808 3356 amsorae
869 3297 1045 3354 etiam
1106 3314 1221 3355 non
1281 3297 1668 3365 amforarum,
1727 3296 1832 3355 sed
1880 3297 2198 3356 amsorum:
2262 3299 2340 3356 ita
2388 3299 2543 3356 enim
2590 3315 2828 3374 semper
2872 3315 3002 3355 esse
3050 3297 3138 3355 di-

551 3397 805 3457 cendum
852 3399 967 3456 iam
1016 3397 1152 3456 inde
1210 3400 1537 3476 antiquitus
1591 3397 1867 3457 obtinuit.
1956 3400 2018 3457 in
2076 3399 2334 3459 secunda
2380 3417 2520 3458 vero
2565 3398 2962 3458 declinatione
3012 3405 3141 3457 tan-

549 3508 673 3558 tum
720 3516 854 3557 cum
911 3500 1030 3559 sint
1086 3501 1325 3575 generis
1385 3498 1724 3568 masculini,
1788 3506 1853 3559 ut
1896 3502 2158 3560 virorum
2202 3502 2423 3560 virum:
2473 3502 2702 3560 ‘arma
2750 3503 2982 3560 virum
3032 3508 3141 3559 ta·
3178 3522 3233 3561 30

552 3599 984 3679 bulaeque’:
1033 3601 1364 3660 modiorum
1407 3600 1696 3670 modium,
1745 3603 1901 3661 sicut
1931 3601 2161 3662 Tullius
2192 3601 2443 3682 ubique,
2478 3605 2888 3662 sestertiorum
2919 3611 3139 3661 sester-

549 3705 717 3762 tium.
807 3720 941 3762 nam
1008 3721 1199 3781 neque
1267 3699 1560 3785 semilnini
1628 3705 1869 3780 generis
1926 3723 2116 3783 neque
2186 3706 2384 3764 neutri
2440 3706 2677 3763 nomina
2745 3703 2964 3782 placuit
3027 3703 3141 3762 hoc

551 3803 723 3864 modo
778 3806 1078 3879 enuntiari
1134 3823 1244 3883 per
1304 3807 1632 3881 genitivum
1689 3805 2009 3883 pluralem,
2070 3824 2139 3864 ac
2195 3808 2449 3866 maxime
2508 3814 2747 3873 neutra,
2806 3825 2878 3864 ne
2935 3813 2994 3864 et
3039 3804 3140 3864 hic

548 3907 719 3966 lieret
762 3902 1226 3985 συνέμπτωσις
1270 3908 1616 3967 nominativi
1664 3908 2004 3984 singulariS‚
2053 3915 2112 3966 et
2157 3914 2355 3967 essent
2400 3909 2513 3966 iam
2561 3927 2676 3967 non
2722 3908 2984 3984 triptota,
3034 3908 3138 3966 sed

550 4015 898 4085 tetraptota,
958 4014 1022 4066 ut
1080 4014 1217 4085 puta
1277 4026 1383 4086 pro
1444 4009 1796 4088 templorum
1843 4008 2158 4087 templum,
2207 4009 2360 4088 quod
2409 4017 2499 4068 est
2544 4009 2886 4068 nominativi
2936 4016 2995 4067 et
3041 4026 3137 4067 ac·
3167 4035 3225 4071 32·-

548 4111 795 4170 cusativi
844 4116 902 4167 et
947 4111 1215 4169 vocativi.
1305 4113 1448 4170 item
1493 4114 1806 4190 utriusque
1865 4130 2044 4190 supra
2091 4110 2284 4171 dictae
2341 4109 2757 4171 declinationis
2802 4109 3034 4170 dativus
3078 4119 3142 4168 et

548 4212 840 4273 ablativus
894 4210 1142 4291 pluralis
1186 4214 1239 4271 is
1284 4213 1503 4291 syllaba
1553 4215 1940 4282 terminatur,
2001 4215 2270 4292 exceptis
2314 4231 2463 4291 quae
2511 4212 2913 4289 ambiguitatis
2959 4229 3137 4271 causa

547 4313 973 4373 discernendae
1030 4322 1232 4373 contra
1295 4316 1588 4374 rationem
1634 4323 1876 4394 recepta
1924 4323 2088 4384 sunt,
2150 4313 2383 4375 filiabus
2427 4313 2651 4375 deabus
2695 4312 2961 4393 equabus
3006 4331 3136 4372 mu-

548 4415 746 4483 labus,
803 4418 946 4475 item
1004 4414 1291 4477 ambabus
1346 4415 1606 4485 duabuS,
1679 4417 1853 4476 domo
1921 4417 2228 4476 domorum
2286 4415 2577 4476 domibuS.
2667 4416 2847 4494 idque
2907 4417 3135 4493 antiqui

690 4637 714 4686 l
756 4632 867 4701 nee]
921 4638 1081 4699 Very.
1123 4637 1281 4686 bucol.
1326 4639 1375 4695 1,
1416 4637 1485 4686 33
1625 4638 1658 4687 3
1697 4635 2034 4701 Parthenope]
2082 4638 2236 4700 Ver-[J.
2268 4653 2440 4702 years).
2477 4637 2556 4684 llll
2600 4634 2699 4685 564
2842 4634 2932 4701 oti]
2979 4636 3049 4684 uti
3088 4636 3140 4685 B

685 4707 717 4753 5
755 4704 860 4769 hic]
903 4708 1060 4770 Ver-9.
1101 4708 1223 4755 Aen.
1263 4709 1274 4753 l
1317 4707 1416 4757 247
1559 4708 1624 4755 20
1660 4708 2014 4757 consuitudine
2057 4709 2101 4755 l?
2243 4710 2309 4755 24
2347 4705 2653 4771 superoque]
2704 4700 2860 4769 Ver-9.
2898 4705 3027 4757 Aen.
3072 4707 3137 4753 lll

548 4778 614 4823 ‘20
719 4776 785 4821 25
820 4775 1116 4825 caeliculum
1154 4776 1205 4823 B
1308 4778 1374 4825 27
1414 4775 1865 4841 omnigenumque]
1912 4780 2070 4840 Very.
2098 4779 2226 4830 Aen,
2271 4777 2389 4825 Vlll
2426 4776 2529 4825 698
2655 4774 2723 4824 30
2759 4772 2921 4840 arma]
2973 4776 3136 4840 [ἴσης.

551 4845 674 4895 Aen.
714 4847 726 4891 l
771 4843 866 4892 119
1004 4848 1069 4895 34
1110 4860 1442 4894 cvsmnrwcie
1481 4846 1530 4894 lt
