3541 5564
1050 402 1445 468 EXCERPTA
1492 406 1839 468 PARISINA
1887 408 2041 469 XXI.
2091 410 2252 471 xxll
2841 412 2963 479 627

2567 534 2608 573 p.
2639 524 2839 564 2765-67
2867 522 2912 565 P.

364 590 571 648 ‚nitati
619 606 732 649 non
778 588 966 651 solum
1012 601 1271 670 praestat
1313 606 1612 666 ornatum,
1659 598 1761 658 sed
1810 598 1954 659 inud
2001 615 2261 679 quoque,
2312 594 2323 679 Ι
2373 607 2434 660 ut
2478 601 2699 680 aliquid
2746 603 2965 665 habere

403 690 672 757 videatur
714 692 868 775 quod
916 694 1124 757 Graeci
1171 698 1299 758 iure
1345 698 1702 759 desiderent.

1302 867 1371 909 DE
1400 865 1639 908 ΟΕΝΕΗΙΒ
1648 866 1716 908 VS
1749 866 2058 908 VERBOBVM

565 969 731 1042 Quod
763 971 972 1033 Graeci
1018 969 1353 1045 διαθέσεις
1396 969 1707 1054 ῥημάτων
1738 981 1974 1043 vocant,
2023 974 2134 1035 hoc
2165 975 2357 1036 Latini
2405 977 2699 1057 appellant
2743 999 2962 1057 genera
2995 993 3087 1040 173
3115 992 3174 1040 V.

266 1120 271 1127 .
346 1084 371 1121 5
399 1071 741 1133 verborum:
800 1075 1043 1136 affectus
1099 1076 1253 1136 enim
1309 1094 1522 1154 graeco
1586 1079 1823 1137 nomine
1895 1073 2202 1149 διάθεσις
2265 1088 2659 1159 nuncupatur.
2751 1082 2964 1142 Graeci

395 1172 579 1249 igitur
633 1170 966 1248 διαθέσεις
1019 1177 1127 1238 hac
1182 1178 1559 1239 distinctione
1616 1178 1922 1255 definiunt.
2012 1197 2162 1258 quae
2220 1180 2279 1239 in
2338 1199 2390 1238 ω
2446 1190 2664 1242 exeunt
2710 1184 2960 1243 activam

397 1276 508 1335 vim
553 1279 941 1354 significantia
999 1287 1059 1339 et
1104 1282 1428 1358 iunguntur
1474 1279 1709 1340 casibus
1756 1281 1844 1340 vel
1905 1283 2164 1358 genitivo
2211 1280 2298 1340 vel
2345 1282 2539 1342 dativo
2587 1282 2674 1343 vel
2721 1303 2957 1346 accusa-

399 1378 514 1435 tivo
558 1387 616 1438 et
661 1387 897 1459 accepta
941 1400 1058 1461 μαι
1101 1382 1319 1462 syllaba
1367 1389 1671 1442 transeunt
1715 1384 1776 1442 in
1820 1384 2077 1461 passiva,
2126 1383 2270 1442 haec
2316 1386 2502 1444 activa
2548 1385 2844 1455 dixerunt,
2895 1394 2958 1447 ut

392 1469 573 1557 ἄρχω
619 1492 767 1559 σου,
814 1477 1065 1542 κελεύω
1112 1494 1241 1556 σοι,
1286 1482 1454 1565 τιμῶ
1497 1497 1601 1544 σεε
1650 1483 1796 1544 haec
1842 1484 2146 1562 adsumpta
2193 1505 2310 1565 μαι
2339 1489 2571 1565 passiva
2602 1491 2767 1548 fiunt.
2817 1508 2955 1549 con-

321 1594 369 1631 ιο
399 1588 484 1639 tra
541 1578 877 1662 παθητικά
932 1584 1209 1645 dixerunt
1262 1605 1410 1665 quae
1466 1589 1528 1647 in
1583 1605 1701 1665 μαι
1755 1587 2081 1647 desinentia
2140 1590 2475 1665 significant
2517 1592 2852 1667 passionem
2899 1600 2959 1651 et

395 1701 632 1744 necesse
690 1684 907 1746 habent
967 1689 1130 1764 iungi
1183 1690 1441 1766 genitivo
1497 1707 1629 1748 cum
1675 1690 2114 1767 praepositione
2160 1679 2296 1748 ὑπό
2339 1709 2406 1748 ac
2451 1700 2699 1770 possunt
2742 1694 2955 1753 amissa

392 1805 509 1865 μαι
554 1785 771 1865 syllaba
819 1790 879 1847 in
927 1792 1178 1849 activum
1225 1790 1455 1860 redire,
1514 1783 1800 1870 ἄρχομαι
1844 1782 1977 1851 ὑπὸ
2024 1783 2179 1867 σοῦ,
2226 1786 2582 1872 κελεύομαι
2627 1784 2759 1853 ὑπὸ
2806 1792 2956 1871 σοῦ,

395 1886 677 1966 τιμῶμαι
723 1882 854 1949 ὑπὸ
899 1885 1044 1951 σοῦ.
1108 1895 1204 1952 cui
1249 1911 1317 1952 ex
1364 1911 1542 1972 supra
1589 1894 1832 1973 scriptis
1877 1890 2319 1952 definitionibus
2362 1912 2473 1952 una
2523 1895 2798 1964 defuerit,
2850 1915 2957 1955 nec

396 1984 825 2069 ἐνεργητικόν
879 2013 988 2053 nec
1045 1990 1421 2074 παθητικόν
1477 1995 1722 2064 dicitur,
1782 1994 1883 2054 sed
1944 1996 1994 2053 si
2052 1996 2113 2053 in
2170 2012 2221 2052 ω
2268 1995 2415 2060 exit.
2465 1988 2823 2074 οὐδέτερον
2869 1997 2955 2056 ve!

322 2105 368 2143 15
395 2083 897 2174 ἀπολελυμένον
954 2104 1220 2166 vocatur,
1279 2105 1343 2157 ut
1398 2104 1488 2157 est
1540 2096 1624 2172 ζῶ
1682 2093 1955 2156 πλουτῶ
2007 2087 2285 2173 ὑπάρχω
2354 2091 2657 2172 ἑορτάζω.
2747 2100 2808 2157 in
2865 2098 2959 2159 his

394 2195 658 2255 invenies
712 2196 904 2277 aliqua
962 2208 1163 2277 aperte
1220 2208 1276 2259 et
1330 2197 1592 2259 absolute
1647 2206 1878 2267 actum,
1937 2196 2128 2275 aliqua
2188 2198 2556 2275 designantia
2601 2201 2956 2278 passionem.

393 2316 525 2358 nam
572 2292 778 2378 τρέχω
822 2292 1072 2378 &moves
1100 2299 1441 2379 περιπατῶ
1470 2301 1541 2360 de
1575 2310 1784 2377 agente
1817 2300 2115 2367 dicuntur,
2162 2300 2344 2359 νοσῶ
2376 2308 2570 2360 autem
2603 2309 2663 2360 ct
2694 2294 2958 2380 ὀφθαλ-

392 2397 523 2477 μιῶ
576 2401 699 2460 sine
757 2400 937 2461 dnbio
993 2405 1328 2481 passionom
1387 2411 1613 2463 sonant.
1705 2403 1808 2462 sed
1864 2419 2055 2480 neque
2103 2402 2289 2460 activa
2334 2401 2428 2460 illa
2477 2401 2771 2473 dicuntur,
2820 2406 2957 2483 quia

393 2509 451 2559 et
497 2501 640 2563 nuni
687 2502 758 2563 de
806 2522 982 2583 supra
1016 2505 1191 2565 dictis
1221 2505 1457 2566 casibus
1503 2507 1666 2581 iungi
1700 2511 1948 2583 possunt
1993 2522 2100 2562 nec
2146 2521 2262 2580 μαι
2308 2504 2636 2581 recipiunt:
2685 2525 2818 2565 nam
2851 2525 2958 2566 nec

316 2612 368 2653 2⁰
392 2599 599 2683 τρέχω
645 2616 720 2665 σε
765 2624 874 2666 nec
919 2598 1171 2683 ἄριστῶ
1215 2619 1289 2667 σε
1334 2626 1442 2667 nec
1487 2604 1831 2685 περιπατῶ
1874 2618 1947 2666 σε
2004 2605 2252 2672 dicitur,
2311 2623 2419 2664 nec
2463 2612 2658 2684 potest
2703 2609 2957 2685 transire

392 2706 452 2765 in
499 2702 809 2789 τρέχομαι
863 2699 998 2768 ὑπὸ
1053 2708 1212 2787 σοῦ,
1269 2702 1637 2788 ἀριστῶμαι
1693 2700 1827 2768 ὑπὸ
1887 2705 2047 2787 σοῦ,
2095 2705 2584 2787 περιπατοῦμαι
2629 2700 2762 2768 ὑπὸ
2810 2708 2956 2769 σοῦ’.

394 2808 496 2868 sed
541 2828 649 2869 nec
694 2810 875 2870 νοσῶ
931 2820 988 2871 et
1044 2803 1435 2890 ὀφθαλμιῶ,
1490 2813 1759 2890 quamvis
1814 2809 1993 2870 verba
2040 2812 2159 2870 sint
2203 2810 2524 2888 passioniS,
2574 2811 2689 2871 dici
2737 2813 2957 2890 παθη-

394 2905 543 2970 τικά
589 2921 859 2989 possunt,
918 2916 1057 2993 quia
1102 2933 1211 2973 nec
1257 2915 1315 2973 in
1361 2932 1478 2993 μαι
1524 2912 1832 2982 desinunt,
1892 2931 2000 2973 nec
2045 2914 2355 2990 quisquam
2415 2913 2783 2989 significatur
2826 2933 2961 2992 pas-

395 3014 579 3072 sionis
623 3021 853 3083 auctor,
901 3034 1008 3076 nec
1056 3014 1436 3093 subiungitur
1481 3013 1598 3076 illis
1642 3007 1777 3075 ὑπὸ
1823 3012 1982 3092 σοῦ,
2039 3015 2195 3092 quod
2241 3016 2547 3092 proprium
2592 3016 2961 3093 passivorum

318 3122 368 3161 ²5
394 3122 501 3173 est.
576 3134 707 3175 nam
753 3125 812 3175 et
857 3119 915 3177 in
962 3119 1152 3178 activo
1199 3125 1257 3177 et
1292 3119 1354 3177 in
1401 3119 1629 3196 passivo
1675 3116 1896 3177 debent
1942 3117 2100 3175 omni
2148 3114 2321 3175 modo
2366 3115 2546 3184 duae,
2605 3122 2664 3175 et
2708 3117 2958 3177 admini-

394 3219 635 3276 strantis
667 3225 728 3277 et
757 3220 1133 3286 sustinentis,
1180 3217 1424 3280 subesse
1470 3237 1776 3298 personae.
1839 3217 1986 3277 haec
2016 3219 2219 3294 igitur,
2253 3219 2391 3297 qnia
2426 3224 2674 3297 utroque
2720 3220 2959 3278 nomine

394 3329 624 3388 carent,
672 3320 825 3399 apud
852 3317 1001 3380 illos
1044 3312 1364 3399 οὐδέτερα
1410 3321 1499 3381 vel
1544 3315 2011 3399 ἀπολελυμένα
2056 3319 2351 3388 dicuntur,
2401 3321 2556 3379 sicut
2599 3320 2754 3398 apud
2799 3319 2960 3380 Lati—

395 3440 500 3480 nos
543 3421 674 3481 volo
721 3424 847 3482 vivo
893 3422 1074 3482 valeo.
1164 3422 1265 3482 sed
1314 3425 1468 3483 sicut
1512 3421 1705 3502 aliqua
1746 3421 1900 3500 apud
1949 3421 2204 3480 Graecos
2249 3423 2311 3481 in
2358 3440 2409 3480 ω
2456 3423 2730 3480 exeuntia
2779 3421 2960 3497 signi-

393 3526 570 3583 ficant
612 3526 964 3602 passionem,
1013 3526 1092 3584 ita
1140 3522 1319 3584 multa
1367 3521 1674 3603 reperies!
1708 3525 1773 3584 in
1812 3543 1930 3602 μαι
1961 3523 2294 3583 desinentia
2340 3531 2399 3584 et
2443 3524 2688 3583 activam
2737 3530 2961 3583 tantum

316 3624 668 3685 ³⁰hahentia
724 3627 1242 3702 significationem,
1302 3634 1364 3686 nt
1419 3621 1713 3706 κήδομαί
1759 3637 1925 3703 σου,
1984 3621 2305 3704 φείδομαί
2355 3638 2513 3701 σου,
2573 3618 2969 3703 έπιμέλομαί

394 3741 543 3805 σου,
589 3721 951 3806 ἱππάζομαί
988 3740 1117 3804 σοι,
1162 3722 1456 3807 μάχομαί
1495 3740 1624 3806 σοι,
1672 3724 2067 3807 διαλέγομαί
2104 3739 2234 3804 σοι,
2280 3722 2630 3805 δωροῦμαί
2670 3738 2799 3803 σοι,
2844 3744 2962 3804 χα-

394 3828 653 3907 ρίζομαι
705 3843 847 3908 σοι,
907 3821 1192 3908 εὔχομαί
1240 3842 1379 3906 σοι,
1439 3822 1693 3908 ἄγαμαί
1730 3840 1839 3907 σε,
1897 3823 2385 3907 περιβλέπομαί
2437 3837 2535 3886 σε.
2626 3834 2763 3887 sunt
2809 3809 2964 3906 apud

392 3932 650 3991 Graecos
694 3933 1059 4000 communia,
1117 3951 1267 4011 quae
1312 3931 1386 3991 ab
1431 3931 1551 3991 illis
1593 3925 1762 4010 μέσα
1807 3938 2120 4000 vocantur,
2176 3948 2360 4010 quae,
2408 3930 2546 3990 dum
2593 3931 2656 3989 in
2701 3948 2819 4008 μαι
2864 3930 2963 3988 de-

393 4035 617 4101 sinant,
677 4040 736 4092 et
781 4041 973 4093 actum
1031 4041 1091 4093 et
1146 4036 1478 4112 passionem
1526 4051 1639 4095 una
1684 4032 2008 4112 eademque
2065 4034 2255 4092 forma
2311 4030 2656 4109 designant,
2707 4037 2771 4089 ut
2814 4025 2964 4107 βιά-

313 4143 365 4182 3⁵
390 4132 585 4214 ζομαί
625 4146 700 4194 σε
745 4131 856 4194 καὶ
898 4130 1203 4214 βιάζομαι
1248 4127 1380 4195 ὑπὸ
1427 4134 1576 4212 σοῦ,
1621 4127 2195 4213 οἷνδραποδίζομαί
2232 4146 2306 4193 σε
2340 4128 2451 4193 καὶ
2481 4121 2963 4209 ἀνδραποδίζο-

389 4256 506 4317 μαι
551 4227 686 4297 ὑπὸ
729 4234 875 4295 σοῦ.
968 4238 1086 4298 sola
1143 4255 1377 4316 quoque
1422 4238 1649 4315 passiva
1694 4236 1807 4296 hoc
1853 4237 2121 4303 nomine,
2180 4233 2239 4294 id
2285 4242 2376 4294 est
2417 4230 2616 4314 μέσα,
2659 4240 2964 4302 vocantur,

394 4347 456 4399 ut
499 4330 876 4418 ήλειψάμην
929 4331 1195 4418 ἡσάμην
1252 4333 1657 4416 έλουσοέμην.
1748 4337 1896 4397 haec
1941 4338 2100 4397 enim
2145 4335 2287 4396 licet
2328 4334 2444 4414 τῆς
2487 4330 2690 4414 μέσης
2733 4329 2965 4394 διαθέ-

393 4455 561 4512 σεως
604 4440 837 4508 dicant,
888 4440 1030 4500 nihil
1082 4449 1273 4501 tamen
1307 4440 1465 4500 aliud
1498 4442 1834 4517 significant
1879 4440 1994 4498 nisi
2024 4433 2269 4509 πάθοςε
2318 4455 2450 4496 nam
2497 4436 2606 4495 hoc
2652 4442 2741 4494 est
2784 4428 2965 4514 ἠλει-

529 4697 560 4743 2
585 4697 719 4758 quod
745 4695 921 4744 Graeci
949 4710 1063 4745 exe.
1092 4693 1222 4748 Bob.
1252 4710 1380 4758 quae
1404 4695 1575 4759 graeci
1603 4695 1651 4743 P
1783 4695 1817 4741 4
1843 4691 2110 4750 διαθεσις
2135 4693 2182 4741 P
2215 4681 2487 4742 διάθεσιν
2509 4707 2547 4754 p
2673 4691 2705 4739 9
2730 4686 2840 4751 σοι]
2865 4701 2969 4739 σου

397 4764 444 4811 Ρ
579 4765 638 4812 16
673 4764 991 4828 designantia
1018 4763 1177 4812 Ianua
1200 4763 1470 4826 designant
1496 4765 1544 4811 P
1565 4763 1834 4826 designare
1856 4779 1891 4825 p
2027 4762 2093 4810 29
2128 4760 2428 4821 desinentia,
2466 4772 2596 4821 qnae
2620 4757 2824 4807 casibus
2851 4757 2964 4806 inn-

394 4842 581 4890 gnntnr
607 4842 655 4879 et
679 4833 897 4881 actinam
925 4841 1115 4880 tantum
1145 4831 1330 4880 habent
1354 4831 1770 4894 significationem
1796 4831 2011 4880 coniecit
2035 4827 2331 4893 Opsopoeus
2457 4829 2524 4876 30
2546 4825 2782 4874 habentia
2809 4825 2968 4875 Ianus

396 4899 581 4946 habt-nt
606 4900 655 4947 P
788 4903 848 4948 31
890 4899 1205 4964 ιππαζομαι
1238 4912 1344 4949 σου
1377 4900 1427 4948 Ρ
1559 4897 1901 4963 διαλεγομαι
1937 4910 2040 4948 σου
2077 4898 2125 4946 Ρ
2259 4890 2584 4962 χαρίζομαι]
2623 4894 2896 4958 καρζομαι
2927 4895 2971 4942 Ρ
