3541 5564
671 294 793 356 144
1799 294 2103 357 POMPEll

718 415 760 456 p.
792 404 965 444 106—oe
993 401 1035 441 L.
1364 453 1368 458 ὓ

668 485 827 542 circo
883 489 941 542 et
991 483 1120 560 ipse
1179 481 1515 541 moderatus
1573 491 1662 543 est
1717 490 1776 543 et
1819 484 1900 543 ait
1943 485 2058 553 sic,
2106 483 2377 562 ‘quando
2421 501 2630 544 sensus
2675 486 2989 555 minuitur,
3037 489 3248 547 crescit

666 604 842 664 saepe
901 602 1181 645 numerus
1238 582 1648 664 syllabarum’.
1738 604 1855 646 non
1915 585 2060 646 dixit
2113 587 2436 664 ‘semper’.
2527 587 2860 647 invenimus
2925 589 3243 648 secundam

666 696 726 748 et
767 689 1002 747 tertiam
1049 686 1529 752 diminutionem
1576 705 1815 747 sensum
1861 688 2098 767 quidem
2145 689 2384 759 minuit,
2433 689 2495 748 in
2538 688 2723 749 isdem
2770 697 2964 749 tamen
3010 689 3246 770 syllabis

665 796 1004 868 permanet:
1073 797 1215 867 quot
1261 787 1465 848 habuit
1509 790 1697 866 prima
1744 792 1959 868 positio
2005 809 2034 850 a
2083 799 2319 856 natura.
2370 798 2455 851 tot
2497 790 2717 851 habent
2761 790 3014 871 syllabas
3047 802 3118 852 -et
3159 794 3245 852 di-

666 893 1058 960 minutiones„
1117 890 1253 951 licet
1307 909 1515 951 sensus
1576 892 1892 952 minuatur.
1983 911 2126 971 ergo
2181 890 2525 972 principalia
2582 900 2720 952 sunt
2763 911 2914 971 quae
2960 912 2993 953 a
3039 902 3295 955 naturas,

665 996 837 1062 fiunt,
886 993 1201 1053 derivativa
1247 1011 1394 1071 quae
1439 993 1577 1053 inde
1622 1002 1964 1064 nascuntur,
2013 993 2355 1055 diminutiva
2401 1013 2550 1073 quae
2588 991 2598 1076 Ι
2638 996 2812 1054 etiam
2859 1014 3092 1056 sensum
3139 998 3246 1057 mi-

665 1102 873 1158 nuunt.
938 1103 997 1155 et
1041 1094 1115 1154 de
1159 1093 1582 1174 principalibus
1629 1103 1686 1156 et
1731 1095 1805 1156 de
1852 1096 2211 1156 diminutivis
2257 1105 2345 1157 est
2389 1099 2568 1166 ratio;
2615 1098 2689 1158 de
2721 1098 3058 1180 derivativis
3093 1099 3247 1161 nulla

664 1201 814 1259 ratio
860 1206 968 1259 est.
1057 1197 1282 1256 idcirco
1339 1198 1491 1256 cauti
1550 1216 1675 1258 esse
1735 1197 2051 1267 debemus,
2102 1218 2176 1259 ne
2220 1198 2373 1259 male
2415 1201 2767 1278 interrogati
2813 1208 2913 1261 aut
2957 1201 3110 1262 male
3155 1221 3246 1262 re·

666 1302 1026 1380 spondentes
1084 1299 1465 1360 soloecismos
1518 1300 1822 1360 faciamuS.
1909 1302 2127 1361 scimus
2187 1303 2343 1360 enim
2389 1309 2489 1361 aut
2532 1303 2759 1362 intentu
2807 1301 3105 1381 loquentis
3147 1313 3248 1364 aut

665 1423 772 1483 per
826 1404 1264 1482 usurpationem
1327 1404 1453 1462 fleri
1510 1402 1847 1463 derivativa.
1936 1422 2054 1463 non
2113 1421 2352 1482 possum
2410 1402 2516 1463 tibi
2574 1403 2806 1472 dicere,
2866 1405 3245 1466 derivativum
3275 1427 3316 1462 ω

665 1508 745 1566 ita
805 1507 950 1574 exit,
1011 1513 1183 1565 mons
1238 1513 1579 1574 montanus,
1639 1506 1776 1565 fons
1831 1506 2140 1575 fontanuS‚
2201 1514 2265 1565 ut
2309 1506 2368 1565 in
2416 1523 2528 1566 nus
2589 1514 2783 1576 exeat;
2845 1526 2961 1567 non
3007 1526 3248 1586 possum

666 1607 773 1668 tibi
831 1610 972 1667 istas
1022 1606 1259 1684 regulas
1316 1607 1532 1667 dicere.
1622 1609 1955 1668 invenimus
2001 1609 2154 1667 enim
2205 1609 2392 1668 varias
2437 1606 2893 1677 declinationes,
2941 1610 3075 1670 sons
3119 1612 3247 1669 son-

667 1711 783 1769 tius
812 1710 1130 1778 fontanus,
1178 1727 1347 1769 mons
1392 1710 1651 1770 montius
1698 1718 2028 1770 montanus
2104 1728 2246 1788 ergo
2292 1705 2453 1769 vides
2498 1711 2773 1789 quoniam
2821 1713 2978 1770 varie
3022 1712 3247 1771 inveni-

667 1830 825 1881 mus»,
888 1819 947 1872 et
990 1812 1210 1871 fontius
1266 1819 1325 1871 et
1369 1813 1671 1882 fontanuS,
1731 1820 1791 1871 et
1834 1813 2091 1873 montius
2136 1818 2194 1871 et
2237 1821 2566 1872 montanus,
2643 1811 2868 1872 idcirco
2912 1814 2973 1872 in
3021 1813 3245 1873 deriva-

667 1913 927 1974 tionibus
982 1932 1232 1994 sequere
1292 1921 1607 1993 praecepta
1668 1913 1841 1974 Plinii
1897 1913 2174 1974 Secundi.
2263 1915 2343 1972 ait
2400 1915 2556 1973 enim
2601 1913 2818 1973 ‘debes
2863 1914 3100 1993 quidem
3147 1915 3242 1976 ad·
3271 1936 3312 1974 ιε»

665 2018 970 2096 quiescere
1014 2016 1263 2094 reguliS,
1311 2016 1414 2075 sed
1459 2017 1521 2075 in
1568 2015 1902 2075 derivativis
1946 2034 2197 2095 sequere
2252 2017 2716 2076 auctoritatem’.
2808 2016 2938 2077 vide
2985 2035 3062 2077 ne
3109 2008 3247 2078 velis

666 2118 822 2181 aliud
871 2118 1119 2198 disscere,
1168 2136 1345 2198 quam
1391 2117 1601 2195 legisti.
1691 2116 1838 2178 Alba
1883 2119 2113 2178 civitas:
2161 2116 2258 2178 alii
2305 2117 2510 2178 dicunt
2552 2116 2845 2192 Albanus,
2894 2118 2990 2179 alii
3032 2118 3244 2180 Alben-

664 2223 762 2281 sis.
854 2239 1004 2301 quae
1049 2222 1198 2282 ratio
1245 2222 1365 2281 est?
1412 2200 1696 2298 numquid
1742 2238 2056 2298 possumus
2100 2221 2268 2288 scire,
2321 2238 2503 2298 quare
2549 2221 2633 2279 sic
2682 2217 2882 2300 [quid]
2929 2223 3238 2283 invenitur.

665 2324 880 2385 Caesar
925 2323 1162 2402 quidem
1209 2324 1268 2383 in
1315 2321 1484 2382 libris
1528 2320 1849 2400 analogicis
1893 2321 2074 2381 voluit
2120 2322 2318 2382 dicere
2364 2321 2800 2381 discretionem.
2864 2323 2942 2382 ait
2986 2325 3072 2382 sic
3104 2324 3243 2385 Cae·

664 2443 761 2485 sar
804 2427 867 2486 in
912 2424 1080 2486 libris
1124 2423 1457 2502 analogiae,
1506 2424 1693 2484 ‘duae
1738 2431 1875 2484 suut
1918 2423 2128 2494 Albae,
2176 2423 2287 2484 alia
2332 2426 2443 2484 ista
2489 2443 2664 2503 quam
2712 2424 2979 2484 novimus
3024 2426 3085 2485 in
3116 2428 3308 2486 Ari-20

665 2529 781 2596 cia,
852 2534 910 2586 et
965 2525 1074 2587 alia
1132 2526 1228 2586 hic
1282 2527 1342 2586 in
1402 2525 1585 2588 ltalia.
1678 2525 1940 2587 volentes
1995 2526 2243 2586 Romani
2313 2526 2732 2586 discretionem
2802 2526 3030 2597 facere,
3108 2530 3243 2588 istos

663 2629 923 2690 Albanos
968 2630 1271 2697 dixerunt,
1320 2626 1450 2688 illos
1492 2627 1836 2689 Albenses’.
1929 2647 2045 2688 non
2091 2630 2367 2708 quoniam
2416 2630 2748 2688 nescientes
2792 2647 2972 2688 unam
3019 2629 3241 2690 deriva-

664 2735 883 2796 tionem
933 2749 1061 2793 esse
1109 2730 1221 2792 hoc
1264 2730 1563 2799 fecerunt,
1614 2731 1828 2792 Caesar
1875 2730 1986 2790 hoc
2034 2730 2208 2799 dixit,
2257 2730 2360 2792 sed
2409 2740 2472 2793 ut
2517 2729 2781 2791 lacerent
2826 2730 3240 2794 discretionem

663 2837 817 2896 inter
863 2834 1133 2903 colonos,
1181 2834 1337 2893 inter
1382 2831 1514 2892 illos
1558 2842 1616 2892 et
1660 2837 1822 2893 istos,
1892 2833 2120 2895 Plinius
2166 2832 2477 2894 Secundus
2524 2842 2700 2911 negat
2744 2842 2803 2893 et
2846 2835 2925 2894 ait
2969 2836 3074 2903 sic,
3123 2837 3240 2895 ‘in-

663 2939 1004 3000 differenter
1050 2936 1193 2996 haec
1239 2936 1617 2996 inveniuntur
1635 2937 1673 2995 '.
1738 2955 1874 2996 nam
1921 2945 2061 3015 puta
2112 2936 2222 2996 hoc
2269 2936 2420 2996 hene
2467 2935 2717 2995 dicimus
2761 2935 2835 2995 de
2878 2935 3045 2997 Alba.
3106 2937 3303 3017 quidm»

664 3041 909 3101 facimus
953 3040 1027 3099 de
1072 3040 1279 3100 Antia?
1331 3048 1468 3118 puta
1515 3040 1562 3097 si
1610 3037 1770 3097 dicas
1815 3039 2011 3106 Antia,
2062 3036 2210 3098 alter
2254 3040 2517 3099 Antiates
2562 3037 2806 3107 dicitur,
2854 3032 3001 3098 alter
3046 3041 3237 3100 Antia-

664 3163 793 3204 nus,
881 3161 999 3222 quo
1052 3141 1228 3203 modo
1283 3158 1598 3221 possumus
1650 3143 1919 3200 invenire
1973 3141 2116 3200 istas
2172 3139 2601 3200 derivationes?
2658 3158 2808 3219 quae
2853 3142 3004 3199 ratio
3052 3149 3137 3201 est
3180 3151 3241 3202 ut

662 3248 739 3306 ita
785 3246 937 3305 sint?
998 3243 1232 3304 Siculus
1277 3250 1336 3303 et
1380 3241 1705 3305 Siciliensis
1749 3243 2099 3302 invenimus
2176 3261 2324 3321 quae
2369 3243 2520 3302 ratio
2566 3243 2689 3302 est?
2735 3241 2959 3302 Sardus
3007 3252 3064 3303 et
3109 3244 3236 3304 Sar-

662 3348 964 3408 diniensiS.
1033 3364 1387 3426 quamquam
1435 3346 1492 3406 in
1541 3345 1826 3405 Cicerone
1871 3345 1931 3404 in
1979 3344 2296 3405 Scauriana
2342 3345 2676 3405 invenimus
2721 3345 2890 3403 istam
2939 3344 3235 3405 discretio-

663 3469 797 3510 nem
854 3449 927 3509 de
983 3449 1184 3509 Sardis
1239 3457 1298 3508 et
1352 3447 1864 3517 Sardiniensihus,
1922 3446 2175 3507 ut·illos
2230 3444 2482 3514 incolas,
2544 3445 2676 3505 illos
2722 3446 2975 3506 advenas
3017 3446 3301 3508 doceatao

660 3552 765 3612 sed
821 3561 1018 3612 tamen
1074 3549 1286 3611 melius
1342 3558 1430 3610 est
1484 3557 1547 3610 ut
1601 3549 1886 3631 sequaflris
1928 3556 2310 3628 praeceptum
2358 3550 2502 3608 tanti
2550 3549 2685 3616 viri,
2744 3546 2914 3607 Plinii
2961 3548 3233 3609 Secundi.

656 3674 796 3733 ¹nam
843 3672 982 3714 ecce
1025 3662 1165 3733 puta
1212 3650 1375 3712 verbi
1421 3669 1597 3712 causa
1641 3652 1701 3711 in
1748 3670 1869 3711 uno
1914 3652 2219 3717 invenisti;
2266 3652 2327 3709 in
2373 3648 2474 3710 illo
2519 3648 2633 3710 alio
2677 3648 2813 3728 quid
2860 3648 3061 3719 sacieS,
3109 3669 3233 3711 cum

801 3914 826 3962 l
867 3911 1069 3976 quando
1108 3911 1156 3959 A
1194 3919 1381 3974 quanto
1418 3909 1561 3959 BCa
1702 3907 1735 3957 3
1772 3922 1977 3956 sensum
2014 3908 2175 3971 (corr.
2209 3922 2362 3955 sensu
2402 3904 2476 3967 B)
2504 3905 2704 3968 quidem
2746 3905 2902 3955 minui
2941 3907 3111 3956 ABG

660 3985 694 4034 9
732 3982 976 4033 faciamus
1014 3979 1121 4030 ‹1⁴¹1›
1160 3980 1407 4029 faciemus
1444 3976 1639 4042 ΒΑΘ)
1677 3976 1920 4028 facientes
1961 3978 2002 4026 C
2139 3977 2391 4039 loquentis
2423 3976 2471 4024 A
2509 3978 2770 4037 loquentes
2804 3975 2885 4036 B,
2917 3991 3057 4029 eor-r.
3098 3977 3168 4024 81⁷3
3200 3975 3238 4025 0

803 4053 856 4103 11
904 4067 1049 4101 mous
1086 4061 1354 4100 montanus
1392 4058 1443 4097 ut
1475 4051 1524 4098 in
1566 4064 1658 4097 nus
1692 4048 1781 4113 (us
1819 4046 1946 4109 BG)
1982 4055 2129 4095 exeat
2161 4044 2274 4094 sons
2312 4045 2550 4096 fontanus
2589 4060 2684 4093 non
2717 4045 2882 4096 ABG
3024 4047 3087 4096 12
3129 4046 3234 4095 sons

662 4124 850 4174 sontius
880 4123 1021 4173 BGa
1072 4121 1314 4171 l'out..ns
1362 4117 1672 4181 (l'oiiticus?)
1710 4118 1756 4167 A
1903 4115 1966 4167 13
2015 4132 2159 4166 mons
2198 4118 2418 4165 montius
2454 4115 2629 4165 Boas
2666 4116 2886 4165 montius
2924 4131 3016 4169 om.
3056 4117 3104 4165 A

665 4195 726 4245 15
761 4194 905 4258 plinii
948 4192 988 4241 C
1021 4190 1177 4256 plenii
1215 4191 1325 4239 AB
1468 4190 1528 4240 17
1560 4189 1775 4237 albanus
1812 4187 1900 4236 alii
1938 4186 1987 4235 A
2024 4187 2235 4235 albanus
2261 4196 2334 4236 est
2362 4186 2444 4234 alii
2477 4186 2625 4235 Rea
2733 4186 2796 4235 18
2826 4200 3034 4252 possum
3074 4187 3233 4235 dicere

657 4280 794 4314 corr.
835 4274 1045 4328 possum
1074 4260 1274 4312 scireB
1418 4259 1538 4322 quid
1573 4258 1828 4308 inuenitur
1864 4271 2039 4305 caesar
2076 4257 2279 4319 quidem
2320 4257 2368 4305 in
2411 4256 2555 4304 libris
2591 4258 2641 4303 in
2677 4260 2830 4306 litura
2866 4272 2899 4304 a
2938 4256 3061 4319 quid
3102 4258 3232 4304 inue-

660 4336 794 4384 nitur
832 4334 1037 4396 qnidem
1074 4332 1304 4395 (quidem
1342 4345 1481 4381 corr.
1516 4328 1724 4404 quidam
1768 4330 1816 4376 in
1859 4328 2013 4376 litura
2048 4327 2105 4390 b)
2144 4342 2320 4376 caesar
2357 4327 2407 4375 in
2448 4326 2590 4376 libris
2626 4325 2730 4376 BC
2864 4324 2935 4374 20
2970 4326 3113 4375 albae
3143 4325 3237 4376 BC

658 4457 805 4505 aluae
841 4456 889 4504 A
1028 4456 1079 4502 in
1122 4452 1276 4501 aricia
1309 4451 1358 4499 A
1397 4452 1447 4499 in
1486 4408 1622 4499 a¹rcia
1656 4449 1775 4499 BC.
1822 4447 1990 4496 Aricia
2027 4464 2097 4497 ex
2133 4448 2316 4496 Mai-sia
2355 4455 2665 4512 corruptum,
2706 4446 2846 4496 ltalia
2883 4454 3044 4496 autem
3080 4450 3235 4510 inepte

656 4542 756 4589 pro
781 4526 925 4575 Latin
948 4525 1259 4574 substitutum
1286 4539 1318 4570 a
1348 4523 1583 4583 Pompeio
1617 4520 1826 4569 coniecit
1845 4519 2182 4580 Nipperdeius
2214 4519 2266 4566 in
2294 4519 2438 4567 Caes.
2473 4518 2661 4583 froym.
2694 4535 2747 4582 p.
2781 4519 2906 4566 754:
2943 4519 3014 4580 cf.
3042 4518 3230 4567 Charis,

655 4613 711 4660 p.
748 4596 833 4657 81,
878 4596 1039 4646 Varr.
1084 4593 1149 4642 de
1182 4597 1216 4646 l.
1257 4594 1292 4645 Ι.
1337 4593 1454 4641 vm
1493 4591 1560 4640 :35
1594 4608 1649 4655 p.
1684 4588 1788 4639 418
1825 4590 1915 4650 Sp.
2058 4589 2124 4637 22
2168 4588 2279 4637 illos
2315 4586 2551 4638 albenses
2588 4588 2728 4638 BCa
2763 4588 2878 4636 illos
2929 4587 3151 4638 alnensis
3188 4588 3231 4635 A

802 4667 1153 4716 diriuatiouem
1203 4677 1316 4711 esse
1363 4662 1411 4710 A
1463 4676 1575 4710 esse
1623 4660 1979 4709 diriuationem
2033 4658 2180 4708 Bca
2354 4660 2418 4706 24
2471 4658 2663 4723 plinius
2697 4659 2739 4708 G
2773 4657 2974 4721 plenius
3013 4659 3062 4706 A
3100 4673 3229 4707 corr.

664 4737 851 4802 plinius
883 4736 933 4785 B
1036 4735 1104 4785 25
1135 4733 1248 4781 alba
1291 4732 1429 4782 Bau
1458 4732 1558 4781 alia
1587 4732 1634 4780 A
1763 4728 1831 4781 30
1859 4739 1907 4779 et
1943 4728 2346 4778 sardiniensibus
2383 4727 2498 4775 AB
2532 4738 2581 4776 et
2617 4728 2681 4777 de
2719 4727 3123 4778 sardiniensibus
3157 4727 3231 4777 Ca

800 4805 862 4856 31
901 4806 1043 4870 plinii
1078 4805 1119 4853 C
1147 4803 1283 4869 pleni
1320 4804 1370 4851 A
1402 4817 1540 4854 corr.
1583 4801 1723 4867 plinii
1766 4801 1816 4850 B
