3541 5564
1495 257 1972 320 COMMENTVM
2902 257 3020 321 103

2678 380 2718 420 p.
2748 368 2898 408 16-18
2927 367 2968 407 ι.

430 474 538 515 rae
583 471 757 534 quam
816 471 851 512 u
909 450 1171 518 litterae,
1228 448 1286 509 id
1334 456 1423 509 est
1467 455 1531 507 ut
1576 448 1651 506 sit
1694 444 1936 514 vocalis,
1997 452 2063 505 ut
2105 447 2181 506 sit
2225 446 2621 514 semivocalis,
2670 455 2734 506 ut
2777 448 2854 507 sit
2896 466 3019 507 me-

431 556 558 617 dia:
605 558 753 616 istae
798 569 1143 614 communes
1188 559 1325 610 sunt
1370 551 1692 625 utriusque.
1784 546 1932 608 aliae
1978 555 2097 608 tres
2143 566 2259 609 non
2306 556 2443 609 sunt
2488 567 2865 617 communes,
2914 549 3018 609 sed

428 660 694 719 diversas
748 655 968 717 habent
1020 635 1381 736 potestaltess
1470 669 1603 711 nam
1652 657 1716 710 ut
1760 647 1904 709 nibil
1952 651 2056 717 sit,
2114 658 2179 710 ut
2222 653 2299 710 sit
2345 652 2713 729 digammon.
2772 651 2885 711 hoc
2932 661 3021 712 est

427 780 466 820 u
514 759 780 828 litterae;
840 764 904 819 ut
956 758 1031 817 sit
1084 757 1301 816 iterum
1349 753 1594 833 duplex,
1657 752 1770 811 boc
1816 760 2039 813 tantum
2085 754 2103 811 i
2149 751 2345 812 habet.
2440 762 2498 812 et
2543 754 2673 813 vide
2720 771 2897 830 quem
2944 754 3014 814 ad

374 862 671 923 smodum
729 866 959 922 tractat.
1049 865 1258 920 tractat
1312 858 1506 936 primo
1562 854 1635 915 de
1690 853 1806 915 illis
1864 854 2308 924 communibus,
2368 865 2427 916 et
2484 865 2685 935 postea
2745 856 2899 917 redit
2943 858 3014 918 ad

423 966 571 1026 istos
618 962 903 1044 speciales
949 980 1141 1022 casus.

595 1067 668 1126 Vt
722 1067 838 1126 sint
894 1063 1125 1125 vocales
1182 1080 1353 1139 quem
1413 1060 1483 1121 ad
1544 1059 1784 1120 modum
1842 1058 2242 1136 intellegimus
2299 1059 2389 1119 vel
2434 1061 2452 1120 i
2498 1060 2588 1120 vel
2637 1079 2672 1120 u
2717 1059 3236 1120 litteram?4·21.24

420 1178 563 1229 tunc
608 1177 746 1229 sunt
788 1167 1052 1235 vocales,
1100 1163 1338 1244 quando
1383 1163 1542 1224 solae
1589 1162 1816 1242 positae
1847 1160 2126 1241 syllabam
2162 1163 2403 1232 faciunt,
2450 1162 2540 1222 vel
2587 1162 2818 1240 quando
2865 1181 3003 1223 con·
3031 1139 3239 1256 ἓξὲξ

419 1271 656 1331 iunctae
713 1281 848 1330 sunt
904 1269 1032 1329 aliis
1090 1265 1570 1328 consonantibus,
1657 1266 1707 1324 si
1762 1264 1924 1325 dicas
1980 1283 2157 1334 unuS,
2219 1283 2255 1324 u
2301 1263 2421 1325 sola
2483 1275 2573 1325 est
2630 1274 2687 1325 et
2731 1266 3009 1345 syllabam
3135 1243 3149 1269 '

350 1390 398 1428 ιο
423 1372 592 1442 sacit3
654 1374 703 1433 si
749 1372 908 1433 dicas
953 1372 1099 1440 itur,
1158 1372 1178 1429 i
1222 1368 1343 1430 sola
1393 1377 1480 1428 est
1527 1376 1584 1427 et
1629 1365 1911 1446 syllabam
1960 1366 2114 1427 lacit.
2173 1385 2346 1444 ‚ergo
2393 1375 2533 1429 tunc
2579 1370 2810 1429 vocales
2853 1380 3006 1441 sunt,

424 1474 664 1551 quando
710 1473 870 1535 solae
915 1474 1143 1552 positae
1188 1470 1471 1550 syllabam
1516 1471 1759 1531 faciunt.
1810 1470 1951 1529 item
1998 1470 2047 1528 si
2091 1471 2326 1529 iunctae
2371 1471 2594 1531 suerint
2639 1478 3006 1544 consonanti,

429 1576 585 1637 unda
620 1576 816 1637 Indus,
867 1575 1095 1657 [iuncta
1142 1584 1230 1635 est
1273 1574 1621 1633 consonanti
1654 1579 1711 1631 et
1754 1569 1930 1648 longa
1962 1578 2050 1631 est
2082 1573 2342 1650 exceptis
2388 1592 2418 1632 a
2467 1582 2526 1633 et
2571 1594 2602 1635 e
2649 1583 2706 1635 et
2752 1595 2804 1636 o.
2872 1578 3007 1639 illac

418 1696 562 1739 vero
608 1680 730 1738 sive
776 1679 936 1739 solae
984 1678 1209 1757 positae
1254 1676 1503 1744 suerint,
1552 1671 1805 1754 syllabas
1850 1675 2102 1740 faciunt,
2150 1675 2270 1751 sive
2315 1676 2632 1753 iungantur
2678 1696 3006 1739 consonan-

418 1780 605 1849 tibus,
654 1779 906 1858 syllabas
960 1777 1166 1857 longas
1222 1776 1495 1857 faciunt}
1587 1794 1725 1837 ecce
1772 1773 1983 1846 habeS,
2033 1776 2267 1852 quando
2313 1777 2544 1839 vocales
2588 1786 2743 1840 sunt.
2773 1819 2791 1850 .
2830 1783 3006 1841 modo

342 1897 391 1938 15
419 1882 738 1951 videamuS,
786 1882 1023 1962 quando
1068 1888 1206 1941 sunt
1251 1886 1657 1940 consonantes,
1722 1887 2118 1939 consonantes
2161 1889 2302 1939 tunc
2347 1888 2512 1947 sunt.
2561 1881 2798 1960 quando
2842 1886 3004 1962 ipsae

418 1986 792 2064 praepositae
850 1990 988 2045 sunt
1033 1991 1092 2044 et
1144 1982 1366 2043 babent
1409 1990 1540 2061 post
1583 2000 1646 2040 se
1704 1979 1845 2041 alias
1889 1980 2119 2041 vocales
2163 1983 2222 2041 in
2269 1981 2455 2043 isdem
2501 1983 2739 2062 syllabis
2784 1990 3002 2048 consti-

415 2096 590 2148 tutas.
666 2089 750 2147 sic
795 2087 1097 2146 definitum
1148 2092 1262 2146 est:
1309 2083 1517 2164 siquid
1547 2083 1620 2143 de
1666 2081 1758 2142 his
1798 2081 1978 2142 rebus
2023 2084 2219 2144 minus
2265 2082 2514 2153 dixeriS,
2564 2086 2677 2145 iam
2725 2106 2843 2148 non
2891 2098 3005 2151 stat

415 2190 595 2263 ratio,
659 2189 892 2268 quando
946 2191 1113 2268 ipsae
1166 2189 1537 2268 praepositae
1595 2194 1733 2247 sunt
1791 2193 1849 2244 et
1904 2184 2125 2245 habent
2180 2194 2315 2263 post
2369 2205 2432 2246 se
2479 2185 2620 2271 alias
2666 2188 2896 2251 vocales
2942 2194 3000 2252 in

411 2291 600 2351 isdem
659 2290 898 2370 syllabis
954 2291 1319 2351 constitutas.
1409 2296 1473 2349 ut
1526 2291 1574 2348 si
1631 2287 1795 2347 dicas
1853 2305 2061 2356 vanus,
2123 2287 2298 2347 modo
2357 2285 2365 2366 Ι
2425 2307 2756 2350 consonans
2816 2301 2905 2353 est
2963 2315 2999 2355 u

336 2392 626 2454 aolittera.
718 2393 895 2454 babet
954 2394 1108 2453 enim
1166 2391 1310 2452 illud
1372 2398 1559 2451 totum
1618 2389 1776 2470 quod
1834 2389 1973 2448 dixi.
2063 2407 2197 2448 nam
2254 2392 2481 2469 etipsa
2527 2395 2864 2471 praeposita
2913 2405 3001 2456 est

413 2503 471 2555 et
526 2494 706 2556 habet
760 2503 891 2575 post
946 2513 1010 2554 se
1067 2493 1326 2554 vocalem
1372 2495 1432 2553 in
1479 2492 1684 2554 eadem
1740 2490 1957 2571 syllaba
2017 2493 2412 2553 constitutam.
2487 2512 2622 2553 nam
2670 2513 2880 2566 vanuS‚
2929 2516 2995 2557 va

413 2616 525 2658 una
584 2595 804 2676 syllaba
874 2606 981 2657 est.
1072 2596 1244 2656 lanus
1301 2605 1358 2657 et
1415 2597 1432 2654 i
1490 2594 1668 2655 habet
1724 2601 1859 2672 post
1914 2613 1978 2654 se
2023 2612 2083 2663 a,
2144 2602 2203 2654 et
2247 2613 2360 2654 una
2406 2594 2624 2674 syllaba
2674 2606 2779 2657 est.
2856 2600 2994 2678 quid

411 2718 559 2778 opus
607 2707 695 2759 est
740 2709 803 2760 ut
848 2699 960 2758 hoc
1006 2697 1261 2768 diceret,
1308 2706 1372 2757 ut
1414 2700 1578 2777 ipsae
1624 2695 1982 2775 praecedant
2027 2707 2085 2756 et
2128 2694 2387 2756 babeant
2426 2703 2557 2776 post
2603 2718 2665 2759 se
2711 2698 2852 2760 alias
2900 2722 2995 2761 ro-

413 2801 566 2864 caloe
622 2803 683 2862 in
738 2802 928 2864 isdem
985 2800 1224 2880 syllabis
1285 2801 1668 2862 constitutas?
1746 2800 1880 2878 quia
1939 2800 1987 2858 si
2045 2817 2161 2859 non
2218 2800 2380 2877 ipsae
2434 2805 2868 2879 praecesserint
2939 2815 2997 2866 et

334 2918 385 2958 25
412 2903 672 2964 babeant
714 2912 849 2983 post
891 2923 955 2963 se
1000 2902 1232 2963 vocales
1276 2905 1334 2963 in
1383 2902 1567 2963 isdem
1612 2900 1853 2981 syllabis
1897 2902 2270 2970 constitutas,
2321 2920 2438 2962 non
2483 2895 2619 2963 sdnt
2662 2923 2992 2967 consonan-

413 3013 520 3066 teS.
609 3013 750 3085 puta
813 3007 863 3066 si
921 3006 1082 3065 dicas
1138 2994 1445 3084 quoniam:
1505 3022 1643 3064 ecce
1698 3011 1832 3083 post
1877 3023 1914 3082 q
1960 3004 2186 3063 invenis
2228 3022 2296 3072 u,
2347 3004 2449 3065 sed
2495 3013 2692 3066 tamen
2740 3027 2859 3069 non
2906 3018 2994 3070 est

411 3125 742 3173 consonans
798 3127 865 3178 u,
924 3108 1203 3187 quoniam
1262 3126 1380 3167 non
1435 3109 1559 3186 ipsa
1617 3107 1958 3185 praecessit.
2047 3106 2186 3166 item
2245 3123 2426 3182 quare
2472 3107 2725 3169 diximus
2770 3116 2789 3145 θ
2806 3112 2857 3171 si
2899 3131 2990 3171 se·

410 3217 665 3289 quantur
709 3210 940 3271 vocales
994 3213 1055 3270 in
1111 3209 1301 3271 isdem
1346 3206 1582 3286 syllabis
1628 3208 2054 3293 constitutae'?
2109 3216 2247 3286 puta
2294 3210 2343 3269 si
2389 3208 2550 3270 dicas
2592 3211 2777 3306 Iunia,
2826 3216 2845 3273 i
2890 3233 2989 3274 vo·

409 3310 551 3372 calis
596 3319 684 3373 est
729 3321 787 3373 et
838 3331 875 3373 u
921 3312 1135 3373 vocalis
1181 3319 1287 3371 est.
1375 3309 1578 3371 debuit
1623 3327 1766 3388 ergo
1813 3329 1942 3371 esse
1988 3329 2348 3381 consonanS,
2398 3321 2455 3372 et
2499 3331 2826 3376 consonans
2870 3336 2988 3377 uon

332 3424 514 3475 coest.
588 3416 805 3494 quare?
862 3415 997 3491 quia
1043 3416 1063 3473 i
1108 3421 1166 3473 et
1210 3433 1247 3474 ιι
1295 3430 1412 3472 non
1472 3420 1612 3472 sunt
1666 3414 1843 3473 unius
1898 3411 2183 3491 syllabae,
2244 3411 2348 3472 sed
2407 3413 2553 3474 duae
2598 3426 2752 3476 sunt.
2844 3438 2987 3498 ergo

408 3518 517 3576 nisi
572 3519 682 3578 ista
740 3518 1110 3577 consentiant
1166 3517 1388 3583 omnia,
1461 3533 1578 3575 non
1647 3523 1785 3576 sunt
1840 3522 2258 3583 consonantes,
2326 3515 2383 3574 id
2442 3524 2529 3576 est
2581 3520 2693 3578 nisi
2750 3528 2809 3579 et
2860 3523 2984 3600 ipsa

406 3618 727 3698 praecedat
772 3626 831 3677 et
875 3617 1089 3679 habeat
1130 3628 1264 3698 post
1306 3636 1369 3677 se
1415 3616 1676 3677 vocalem
1733 3619 1793 3677 in
1841 3616 2044 3677 eadem
2090 3616 2313 3697 syllaba
2361 3620 2754 3680 constitutam.
2847 3641 2985 3687 ecce

404 3718 641 3800 quando
697 3728 835 3779 sunt
890 3729 1299 3780 consonantes,
1392 3719 1621 3780 mediae
1676 3719 1953 3780 dicuntur
2006 3718 2168 3788 ide0,
2231 3721 2363 3797 quia
2424 3718 2772 3798 aliquotiens
2826 3723 2983 3785 solae

405 3820 586 3882 alium
643 3840 856 3883 sonum
915 3820 1164 3891 habent,
1228 3822 1581 3901 aliquotiens
1627 3823 1846 3881 mixtae
1891 3819 2070 3882 alium
2115 3839 2325 3881 sonum
2373 3820 2611 3883 babent.
2701 3844 2836 3887 ecce
2881 3827 2980 3887 ad·

329 3933 585 3992 sever-te,
633 3942 749 4003 quo
795 3923 968 3983 modo
1014 3933 1184 3985 sonat
1228 3943 1284 3984 u.
1354 3941 1522 3994 unus,
1572 3943 1710 3985 ecce
1757 3943 1795 3984 ιι
1842 3923 2003 3984 vides
2048 3942 2220 4003 quam
2267 3926 2520 3985 tenuiter
2565 3935 2753 3987 sonat.
2801 3930 2981 4008 iunge

537 4143 572 4194 9
612 4160 645 4193 ιι
681 4145 789 4195 sola
823 4155 898 4194 est
935 4153 982 4194 et
1019 4146 1070 4194 in
1107 4146 1288 4209 syllam
1328 4143 1447 4195 fecit
1480 4159 1602 4210 ergo
1640 4144 1845 4195 uocales
1885 4154 2002 4195 tunc
2037 4155 2153 4195 sunt
2184 4146 2387 4209 quando
2425 4147 2562 4196 solae
2601 4149 2795 4213 positae
2824 4150 2981 4213 sylla·

404 4215 518 4263 bam
554 4214 749 4264 faciunt
785 4217 828 4265 si
861 4215 1001 4265 dicas
1038 4217 1137 4265 itur
1174 4217 1189 4263 i
1221 4215 1330 4265 sola
1364 4256 1374 4267 .
1408 4257 1418 4267 .
1460 4225 1508 4264 et
1542 4215 1786 4279 syllabam
1820 4215 1941 4265 sarit
1979 4217 2097 4266 item
2143 4218 2184 4266 si
2234 4217 2435 4271 iunctae
2481 4216 2665 4266 fuerint
2702 4219 2766 4268 ad
2797 4233 2978 4271 conso-

404 4286 541 4333 nanti
577 4285 627 4333 A
666 4301 700 4333 u
737 4286 842 4335 sola
880 4294 957 4333 est
992 4296 1040 4334 et
1078 4285 1324 4350 syllaba-m
1364 4284 1481 4333 fecit
1516 4299 1639 4351 ergo
1678 4287 1882 4335 uocales
1918 4295 2037 4335 tuuc
2065 4293 2182 4335 sunt
2218 4287 2421 4349 quando
2458 4287 2599 4337 solae
2637 4289 2831 4352 positae
2874 4291 2978 4353 syl-

405 4354 565 4403 labam
605 4354 798 4403 sacinnt
843 4355 885 4403 si
927 4354 1065 4405 dicas
1108 4356 1210 4406 itur
1250 4358 1265 4403 i
1297 4356 1405 4404 sola
1445 4364 1520 4405 est
1553 4367 1600 4404 et
1628 4356 1876 4420 syllabam
1916 4355 2034 4404 facit
2074 4371 2197 4423 ergo
2234 4368 2352 4405 tune
2384 4357 2587 4407 uocales
2624 4369 2740 4407 suut
2776 4360 2976 4420 quando

406 4424 539 4473 solae
574 4425 773 4490 positae
810 4425 1054 4485 syllabam
1093 4426 1286 4476 faciunt
1325 4426 1443 4475 item
1480 4427 1524 4474 si
1562 4427 1759 4475 iunctae
1799 4426 1985 4494 fuerint
2018 4428 2316 4477 consonanti
2355 4427 2502 4477 Bon
2679 4427 2740 4477 11
2773 4429 2890 4476 item
2933 4430 2975 4479 si

407 4494 570 4543 iuncta
609 4494 763 4544 suerit
803 4495 867 4544 ad
910 4504 1148 4545 sonantes
1174 4497 1309 4546 unda
1346 4495 1495 4544 indus
1535 4497 1734 4545 iunctae
1773 4506 1888 4544 sunt
1923 4497 2253 4547 consonantia
2289 4505 2337 4546 et
2378 4498 2531 4562 longa
2567 4506 2644 4547 est
2681 4500 2909 4565 exceptis
2944 4515 2974 4547 a

407 4579 432 4612 e
469 4577 496 4611 0
542 4564 627 4614 ille
673 4580 797 4613 uero
844 4566 888 4613 si
935 4567 1075 4615 solae
1112 4567 1339 4631 possitae
1386 4565 1571 4615 fuerint
1617 4565 1838 4629 syllabas
1888 4564 2075 4615 faciunt
2114 4567 2224 4616 siue
2271 4568 2544 4633 iungentur
2582 4569 2975 4620 consonantibus

405 4633 622 4696 syllabas
661 4635 843 4700 longas
882 4634 1072 4686 faciunt
1108 4637 1154 4685 L
1254 4637 1319 4687 14
1357 4635 1538 4701 longas
1575 4635 1800 4699 syllabas
1840 4634 1912 4694 (et
1948 4635 2127 4686 breues
2164 4637 2286 4689 add.
2322 4636 2376 4700 c)
2412 4636 2599 4686 faciunt
2624 4638 2728 4688 BC
2828 4639 2895 4689 23
2921 4648 2977 4689 ut

402 4702 496 4753 hoc
531 4704 712 4754 diciret
736 4704 787 4752 Α
821 4714 873 4755 ut
909 4705 1005 4755 hoe
1029 4706 1199 4754 dicent
1222 4707 1276 4757 B
1414 4707 1483 4755 24
1513 4707 1632 4768 quia
1656 4733 1719 4742 —
1746 4706 2044 4756 constitutas
2081 4722 2171 4755 om.
2201 4706 2270 4769 A,
2307 4707 2429 4759 add.
2456 4722 2491 4756 a
2629 4706 2694 4760 31
2725 4709 2820 4757 ista
2856 4724 2974 4761 cou-

402 4774 619 4824 sentinnt
648 4774 699 4824 A
719 4776 763 4824 L
801 4775 868 4825 ita
903 4777 1248 4825 consentiant'
1282 4774 1325 4825 G
