3541 5564
626 347 748 412 114
1076 304 1083 311 ’
1750 353 2055 416 pompm

671 474 714 516 p.
741 463 805 503 40.
830 462 877 500 41
908 459 952 500 1..

622 543 843 618 rimis,
908 543 959 603 si
1023 541 1124 603 isti
1185 549 1323 603 sunt
1364 544 1610 604 ratione
1675 540 1789 603 boc
1843 543 1999 604 facit.
2086 539 2314 604 habetis
2368 542 2519 603 hanc
2573 543 2861 603 rationem
2918 543 2980 600 in
3026 540 3181 602 Iuba.

625 662 765 722 ergo
812 645 1005 705 omnis
1048 642 1299 724 syllaba,
1346 663 1496 725 quae
1540 644 1887 706 naturaliter
1918 644 2112 706 brevis
2142 654 2259 715 est,
2306 663 2487 706 unum
2521 644 2700 705 habet
2730 652 2992 724 tempus;
3040 661 3187 722 quae

623 744 794 825 longa
843 753 958 816 est,
1005 748 1127 808 sive
1170 755 1377 809 natura
1420 749 1539 808 sive
1581 749 1891 827 positione,
1941 747 2055 808 duo
2100 745 2277 808 babet
2307 756 2591 826 tempora.
2682 753 2876 807 cetera
2922 739 3185 826 tempora

579 919 585 925 .
622 867 692 909 ex
736 849 1041 931 superfluo
1086 857 1253 918 sunt,
1301 848 1447 909 nihil
1491 857 1810 928 praestant.

380 970 500 1033 423,
525 971 589 1019 22
760 951 1024 1014 Diximus
1056 953 1333 1033 quoniam
1363 950 1573 1013 breves
1601 960 1737 1013 sunt
1759 951 2035 1031 syllabae,
2056 958 2194 1013 sunt
2215 951 2445 1031 longae,
2470 958 2605 1012 sunt
2626 967 2994 1011 communes.
3028 947 3184 1009 vide·
3211 968 3240 1007 5

617 1072 783 1116 amus
813 1054 887 1115 de
917 1053 1213 1116 brevibus
1259 1056 1450 1116 omnis
1497 1052 1690 1115 brevis
1722 1052 1945 1133 syllaba
1980 1062 2255 1133 quattuor
2285 1052 2468 1114 rebus
2509 1055 2862 1119 continetur.
2915 1070 3026 1112 nec
3059 1048 3190 1130 plus

615 1155 782 1226 licet:
813 1159 862 1217 si
895 1155 968 1218 de
997 1159 1124 1218 istis
1153 1163 1428 1237 quattuor
1456 1155 1637 1217 rebus
1666 1174 1853 1218 unum
1885 1154 2103 1236 aliquid
2133 1156 2404 1226 desuerit,
2439 1173 2559 1216 non
2593 1161 2682 1215 est
2710 1154 2906 1216 brevis
2931 1152 3184 1234 syllaba:

614 1260 872 1337 primum
920 1265 984 1318 ut
1027 1256 1241 1319 babeat
1282 1266 1618 1338 correptam
1662 1258 1956 1328 vocalem,
2018 1276 2158 1319 ecce
2202 1255 2386 1320 habes
2427 1275 2607 1318 unam
2654 1275 2809 1324 rem;
2867 1255 3084 1317 deinde
3126 1263 3190 1316 ut

616 1379 736 1421 non
781 1360 1011 1421 desinat
1054 1361 1113 1421 in
1161 1359 1308 1422 duas
1351 1367 1777 1431 consonantes,
1828 1379 1964 1422 ecce
2024 1358 2207 1423 habes
2251 1359 2421 1421 aliam
2466 1378 2611 1422 rem.
2703 1358 2916 1420 deinde
2963 1366 3026 1420 ut
3071 1376 3189 1419 non

616 1460 847 1522 desinat
891 1463 951 1522 in
996 1481 1170 1523 unam
1218 1461 1542 1542 duplicem;
1591 1463 1804 1524 deinde
1849 1471 2060 1524 utnon
2094 1463 2322 1546 desinat
2365 1463 2425 1522 in
2470 1462 2491 1521 i
2536 1478 2686 1539 quae
2728 1466 2820 1522 est
2856 1461 3014 1520 inter
3045 1459 3190 1521 duas
3216 1478 3269 1518 ιο
3357 1453 3364 1462 ’

616 1562 867 1624 vocales.
955 1565 1005 1624 si
1048 1564 1123 1625 de
1167 1565 1292 1625 istis
1351 1563 1530 1627 rebus
1584 1564 1731 1625 nibil
1778 1565 1832 1625 ei
1889 1564 2199 1634 acciderit,
2258 1564 2452 1625 brevis
2508 1569 2598 1624 est
2639 1561 2886 1643 syllaba,
2946 1570 3010 1622 ut
3050 1570 3190 1642 puta

614 1684 755 1734 nec;
815 1684 1021 1727 omnes
1077 1685 1174 1728 res
1217 1667 1362 1728 istas
1408 1674 1681 1747 quattuor
1737 1667 1799 1726 in
1855 1685 1919 1727 se
1963 1684 2086 1727 non
2129 1664 2335 1735 habet,
2395 1665 2592 1728 brevis
2649 1673 2738 1726 est
2790 1662 3010 1743 syllaba
3055 1682 3184 1725 nec.

612 1767 769 1828 unde
813 1766 928 1829 hoc
970 1768 1225 1847 probas?
1254 1770 1542 1848 primum,
1590 1770 1867 1849 quoniam
1900 1767 2161 1831 vocalem
2192 1765 2430 1829 brevem
2474 1765 2670 1828 habet.
2734 1766 2988 1828 diximus
3028 1767 3186 1827 enim

612 1869 757 1931 nihil
802 1871 964 1950 prius
994 1871 1397 1948 quaerendum
1446 1890 1573 1932 esse
1619 1872 1730 1932 nisi
1778 1869 2057 1940 vocalem,
2102 1869 2241 1947 quid
2273 1869 2385 1930 sibi
2416 1868 2630 1930 babeat
2673 1889 2709 1921 ι
2754 1888 2792 1928 x
2835 1876 3184 1945 sequentem

616 1990 736 2033 non
780 1971 979 2036 babet.
1069 1991 1181 2034 nec
1235 1972 1411 2034 habet
1464 1975 1485 2033 i
1528 1975 1685 2036 inter
1731 1972 1880 2034 duas
1923 1971 2171 2034 vocales.
2258 1991 2393 2033 nam
2448 1973 2529 2031 ita
2584 1970 2759 2041 dicis,
2819 1989 2957 2039 nec;
3016 1987 3269 2031 num-15

612 2092 786 2153 quam
829 2082 1001 2154 potes
1044 2074 1242 2137 dicere
1287 2077 1474 2138 neiec.
1516 2074 1526 2155 Ι
1564 2075 1800 2154 quando
1847 2084 2041 2136 autem
2085 2073 2295 2151 breves
2337 2076 2483 2143 sint,
2532 2071 2764 2151 quando
2807 2071 3037 2150 longae,
3085 2091 3186 2133 au·

613 2175 779 2237 ribus
835 2175 1185 2256 colligimus.
1279 2194 1420 2256 ergo
1480 2178 1631 2254 siqui
1696 2175 1802 2237 tibi
1860 2177 2016 2238 dicat
2070 2183 2158 2245 et,
2215 2174 2404 2255 qualis
2462 2176 2572 2236 sit?
2628 2173 2861 2255 quando
2920 2173 3054 2236 dico
3112 2182 3186 2243 et,

614 2276 815 2339 brevis
861 2285 966 2340 est.
1029 2288 1088 2339 et
1131 2277 1341 2356 collige
1385 2281 1525 2340 istas
1568 2296 1666 2340 res
1710 2286 1989 2359 quattuor
2033 2276 2229 2337 brevis
2269 2276 2542 2357 syllabae.
2603 2293 2786 2354 quare
2834 2275 3029 2336 brevis
3060 2277 3189 2337 est?

614 2382 749 2457 quia
794 2388 853 2441 et
897 2399 929 2440 e
974 2387 1307 2459 correptam
1352 2379 1558 2450 babet:
1606 2380 1824 2442 deinde
1868 2398 1986 2440 non
2033 2389 2363 2459 sequuntur
2407 2379 2556 2440 duae
2600 2386 3022 2447 consonantes,
3083 2377 3187 2439 sed

612 2501 726 2543 una
772 2490 826 2552 t,
875 2482 1112 2562 quando
1157 2482 1407 2544 dicimus
1452 2491 1537 2550 et;
1586 2482 1801 2544 deinde
1844 2499 1964 2542 non
2008 2484 2276 2560 sequitur
2319 2500 2384 2550 x;
2432 2481 2645 2543 deinde
2691 2499 2809 2541 non
2867 2483 3138 2559 sequitur
3166 2482 3266 2541 im

611 2585 768 2645 inter
813 2583 959 2646 duas
1003 2583 1249 2645 vocales,
1314 2584 1453 2662 quia
1500 2583 1646 2644 nibil
1688 2565 1980 2663 contingit
2024 2583 2095 2646 de
2139 2586 2268 2646 istis
2298 2591 2573 2664 quattuor
2603 2581 2801 2652 rebus,
2847 2581 3047 2646 brevis
3078 2590 3184 2645 est.

611 2704 756 2765 ergo
801 2687 880 2747 ita
924 2684 1121 2747 brevis
1178 2683 1351 2746 nobis
1397 2685 1825 2747 consideranda
1871 2696 1989 2748 est:
2042 2689 2091 2748 si
2151 2694 2210 2747 et
2263 2693 2597 2766 correptam
2643 2683 2904 2747 vocalem
2950 2684 3182 2755 habeat,

612 2795 671 2849 et
713 2807 834 2850 non
877 2788 1095 2851 habeat
1138 2789 1287 2850 duas
1331 2795 1741 2859 consonanteS,
1790 2796 1890 2850 aut
1931 2796 2211 2870 sequatur
2255 2789 2492 2870 duplex,
2526 2796 2629 2850 aut
2657 2797 2938 2866 sequatur
2981 2790 3186 2850 iinter

611 2889 752 2951 duas
795 2889 1055 2961 vocaleS,
1103 2899 1377 2971 correpta
1421 2899 1527 2952 est.

377 3010 495 3072 423,
520 3011 587 3060 25
779 2993 923 3055 Vide
967 3000 1184 3072 quanta
1229 2992 1515 3054 brevitate
1554 2992 1800 3071 colligis.
1873 2992 2076 3072 longas
2121 3013 2154 3054 e
2198 2996 2496 3056 contrario
2541 2993 2769 3073 collige.
2844 3011 2961 3074 quo
3006 2992 3182 3054 modo
3205 3014 3261 3056 ιε

610 3095 759 3156 istae
802 3114 899 3156 res
944 3103 1244 3176 quattuor,
1292 3097 1345 3156 si
1387 3114 1506 3157 non
1564 3095 1948 3174 contigerint,
2008 3094 2246 3158 brevem
2300 3096 2672 3177 relinquunt,
2729 3099 2842 3166 sie,
2900 3097 2951 3157 si
2995 3097 3181 3156 conti-

608 3198 832 3273 gerint,
879 3195 1112 3276 longam
1156 3198 1401 3259 faciunt.
1493 3215 1635 3276 ergo
1678 3195 1890 3275 collige
1935 3198 2077 3259 istas
2121 3218 2249 3261 res:
2296 3202 2347 3259 si
2391 3198 2663 3261 babuerit
2689 3198 3039 3277 productam
3084 3215 3182 3257 vo-

608 3297 826 3367 calem,
872 3297 1046 3376 longa
1092 3306 1210 3368 est;
1257 3300 1309 3360 si
1350 3297 1626 3361 babuerit
1667 3307 1803 3380 post
1846 3318 1912 3361 se
1956 3299 2102 3361 duas
2132 3308 2554 3371 consonantes,
2601 3300 2773 3378 longa
2821 3305 2938 3367 est;
2986 3301 3038 3359 si
3078 3299 3180 3358 ha-

609 3398 809 3461 buerit
862 3418 930 3469 x,
990 3400 1163 3479 longa
1221 3410 1333 3470 est;
1391 3403 1442 3463 si
1498 3400 1774 3463 habuerit
1825 3403 1846 3461 i
1900 3402 2057 3463 inter
2112 3401 2256 3464 duas
2309 3401 2564 3472 vocales,
2623 3400 2797 3481 longa
2843 3407 2949 3461 est.
3039 3418 3181 3478 ergo

750 3605 776 3654 1
815 3606 858 3654 si
898 3604 980 3654 isti
1020 3613 1138 3655 sunt
1183 3606 1404 3657 rationes
1443 3606 1525 3656 Ca
1573 3607 1617 3655 si
1660 3607 1746 3655 isti
1791 3612 1910 3655 sunt
1953 3606 2178 3659 ration..
2217 3606 2267 3655 A
2312 3607 2356 3657 si
2389 3606 2486 3656 ista
2518 3615 2634 3656 sunt
2671 3607 2864 3655 ratione
2892 3605 2942 3655 B
2974 3606 3018 3653 si
3054 3605 3180 3654 istae

607 3682 725 3725 sunt
758 3675 971 3724 rationis
1001 3677 1049 3725 L
1077 3676 1120 3726 si
1152 3676 1436 3727 istiusmodi
1465 3686 1599 3737 sunt,
1639 3678 1739 3740 (sc.
1776 3676 1979 3740 versus)
2018 3677 2208 3727 ratione
2239 3675 2335 3726 hoc
2369 3676 2422 3725 fit
2451 3678 2660 3728 coniecit
2695 3676 3067 3729 Lindemannus

606 3744 981 3794 hac·rationem
1012 3745 1059 3793 L
1226 3747 1278 3795 in
1313 3748 1433 3795 iuna
1472 3747 1519 3794 A
1539 3744 1635 3796 130
1668 3747 1719 3795 in
1752 3760 1854 3795 una
1882 3746 1932 3796 L
2100 3745 2134 3797 6
2182 3748 2347 3796 omnis
2390 3746 2558 3796 breuis
2602 3745 2798 3810 syllaba
2833 3753 3068 3810 quattuor
3100 3759 3180 3793 res

606 3815 827 3864 continet
855 3830 946 3864 nec
975 3814 1196 3881 amplius
1226 3817 1443 3881 primum
1476 3817 1518 3865 C
1654 3831 1745 3865 nec
1780 3816 1893 3880 plus
1928 3813 2044 3866 licet
2075 3817 2120 3867 si
2150 3817 2212 3866 de
2242 3818 2352 3866 istis
2390 3817 2592 3879 quidem
2629 3819 2721 3879 (qu
2746 3854 2885 3869 .....
2924 3814 2999 3875 A)
3032 3814 3182 3864 rebus

605 3885 797 3947 aliquid
840 3900 997 3934 unum
1045 3888 1227 3948 (unum
1267 3886 1458 3951 aliquid
1490 3886 1567 3948 A)
1606 3885 1825 3935 defuerit
1878 3899 1979 3935 non
2018 3896 2096 3937 est
2132 3887 2301 3936 breuis
2344 3886 2541 3950 syllaba
2573 3887 2790 3951 primum
2835 3886 3075 3950 (primam
3107 3883 3181 3941 A)

604 3954 654 4002 A
675 3955 718 4003 L
756 3970 848 4003 nec
893 3954 1007 4019 plus
1044 3970 1143 4005 non
1187 3955 1303 4006 licet
1341 3956 1384 4006 si
1418 3956 1483 4005 de
1520 3956 1629 4006 istis
1668 3965 1882 4019 quatuor
1911 3956 2066 4005 rebus
2101 3971 2254 4005 unum
2285 3956 2476 4020 aliquid
2514 3955 2730 4005 defuerit
2772 3970 2872 4004 non
2905 3965 2982 4004 est
3008 3955 3181 4004 breuis

607 4025 804 4089 syllaba
836 4039 934 4074 non
976 4025 1092 4074 licet
1123 4026 1247 4076 istas
1286 4041 1367 4076 res
1399 4040 1526 4089 quas
1556 4042 1639 4075 res
1668 4026 1885 4091 primum
1914 4026 1965 4075 B
2104 4026 2166 4077 11
2202 4028 2441 4077 acciderit
2479 4026 2528 4075 L
2563 4026 2795 4075 inciderit
2826 4025 2994 4075 ABG
3130 4032 3183 4071 ut

605 4104 728 4160 puta
760 4110 850 4145 nec
885 4109 1062 4147 omnes
1088 4110 1170 4144 res
1208 4096 1331 4146 istas
1369 4105 1604 4160 quattuor
1633 4096 1685 4144 in
1716 4111 1774 4146 ss
1810 4109 1910 4145 non
1947 4094 2101 4146 habet
2129 4097 2302 4147 breuis
2336 4104 2412 4146 est
2442 4095 2638 4162 syllaba
2667 4111 2758 4146 nec
2790 4096 2934 4147 BGa
2969 4104 3023 4146 nt
3060 4102 3182 4160 puta

940 4174 964 4201 Ω

604 4231 723 4281 spes
763 4230 844 4264 res
881 4215 993 4265 istis
1040 4213 1122 4279 (ut
1167 4224 1290 4281 puta
1335 4232 1426 4266 nec
1464 4233 1546 4267 res
1586 4218 1710 4268 istas
1742 4215 1856 4280 A?)
1899 4224 2131 4279 quattuor
2162 4218 2212 4267 in
2251 4233 2306 4268 se
2344 4217 2494 4267 habet
2529 4216 2698 4266 breuis
2735 4226 2810 4266 est
2842 4215 3038 4282 syllaba
3071 4214 3177 4265 AL

746 4287 811 4335 14
852 4286 1197 4350 quaerendum
1236 4302 1350 4337 esse
1378 4287 1523 4338 Bca
1571 4286 1915 4350 quaerendum
1961 4294 2037 4335 est
2064 4288 2113 4337 A
2251 4288 2375 4351 quid
2403 4287 2448 4338 si
2483 4285 2669 4337 habeat
2709 4286 2762 4336 C.
2795 4288 3023 4351 sortasse
3059 4282 3180 4350 quid

600 4357 643 4403 si
689 4355 874 4405 habeat
912 4372 947 4405 x
995 4358 1326 4418 sequentem?
1364 4372 1463 4407 non
1501 4356 1670 4406 habet.
1723 4357 1819 4406 sed
1842 4363 2126 4420 praeterea
2161 4358 2387 4409 omissum
2421 4365 2496 4407 est
2530 4357 2666 4423 quod
2695 4358 2824 4407 duas
2855 4363 3180 4406 consonantes

601 4434 865 4491 sequentes
899 4442 996 4477 non
1033 4425 1184 4476 habet
1219 4427 1436 4493 syllaba.
1472 4430 1642 4493 itaque
1678 4430 1904 4477 lacunam
1938 4427 2157 4479 indicavi
2297 4428 2360 4479 15
2390 4442 2507 4477 nam
2541 4432 2612 4477 ita
2648 4427 2768 4476 dicit
2806 4442 2897 4476 nec
2930 4425 3049 4490 (nec
3084 4440 3172 4478 om.

601 4495 671 4559 A,
710 4496 829 4545 add.
861 4497 921 4561 a)
959 4510 1232 4558 numquam
1262 4505 1428 4563 potest
1462 4497 1513 4547 A
1531 4498 1632 4548 BC
1768 4496 1833 4545 16
1862 4496 2029 4545 dicere
2062 4499 2142 4547 nic
2172 4498 2374 4562 quando
2411 4497 2453 4547 C
2482 4497 2650 4547 dicere
2681 4496 2881 4560 quando
2909 4496 2959 4546 A
2990 4495 3176 4561 produ-

602 4581 714 4615 cere
750 4567 831 4616 nic
868 4566 1071 4630 quando
1106 4565 1157 4615 B
1297 4567 1361 4617 17
1403 4577 1452 4617 et
1487 4576 1603 4618 ante
1641 4566 1807 4631 qualis
1844 4574 1894 4615 et
1924 4575 2041 4618 ante
2078 4568 2243 4618 brevis
2284 4584 2375 4618 om.
2413 4567 2482 4626 A,
2518 4568 2641 4622 add.
2674 4583 2708 4617 a
2850 4566 2916 4617 19
2952 4566 3046 4618 sed
3080 4580 3176 4615 una

602 4637 829 4686 tdeinde
866 4639 1069 4701 quando
1107 4635 1323 4687 dicimus
1361 4648 1410 4688 et
1452 4653 1552 4687 non
1585 4638 1816 4704 sequitur
1845 4650 1880 4684 x
1911 4636 1954 4686 0
1986 4638 2079 4688 sed
2113 4653 2215 4687 una
2248 4648 2266 4687 t
2302 4638 2485 4687 deinde
2518 4652 2619 4687 non
2665 4644 2944 4700 sequuntur
2975 4635 3175 4701 quaudo

602 4705 818 4756 dicimus
861 4716 910 4757 et
949 4722 985 4756 x
1024 4705 1078 4755 B
1121 4706 1213 4756 sed
1250 4722 1350 4757 una
1397 4716 1417 4757 t
1453 4707 1637 4758 deinde
1673 4722 1775 4757 non
1822 4717 2161 4769 sequ..tu1·..
2203 4708 2406 4770 quando
2447 4707 2665 4758 dicimus
2698 4745 3032 4762 .........
3065 4722 3100 4756 x
3129 4705 3176 4754 A

600 4776 693 4825 sed
733 4792 834 4826 una
866 4787 885 4825 t
922 4776 1105 4827 deinde
1140 4792 1242 4825 nou
1274 4778 1503 4842 sequitur
1538 4792 1573 4826 x
1608 4794 1641 4827 a
1782 4777 1848 4825 25
1882 4792 1982 4839 quo
2020 4780 2207 4830 modo?
2245 4780 2370 4828 istae
2400 4794 2480 4827 res
2513 4777 2878 4830 Kluaemannus
2913 4779 3094 4829 Philet.
3125 4794 3171 4827 v.

603 4843 696 4895 Xll
726 4848 806 4912 (a.
843 4846 1003 4911 1857)
1031 4862 1086 4910 p.
1124 4846 1221 4898 591
1368 4848 1437 4899 ‘26
1478 4849 1552 4896 sic
1584 4863 1677 4898 om.
1716 4846 1886 4897 ABG
