3541 5564
602 307 729 374 402
1660 310 2069 379 CONSENTII

654 436 698 476 p.
731 422 880 463 84-36
907 421 955 464 B.
2992 431 3028 460 c.
3055 420 3115 461 17.

603 522 874 584 seoque
932 503 1250 566 libens’:
1327 523 1458 567 nam
1520 507 1572 566 si
1633 507 1720 568 sic
1765 505 2042 573 scandas,
2090 507 2279 584 accipi
2324 521 2476 581 agno
2518 504 2812 583 scoqueli,
2860 502 3166 582 synaliphe

603 614 719 676 est;
778 610 830 667 si
877 608 990 677 sic,
1053 609 1242 687 accipi
1297 624 1450 686 ogno
1506 608 1796 687 scoqueli,
1855 608 2160 687 ecthlipsis
2204 615 2313 671 est.
2401 606 2517 671 tale
2564 614 2653 670 est
2697 606 3024 670 ‘femineae
3072 623 3165 666 ar·

601 711 901 773 dentem':
969 728 1105 771 nam
1161 717 1330 790 potes
1385 710 1669 771 scandere
1723 711 1944 774 semine
2001 711 2184 774 arden
2239 718 2394 781 tem,
2453 718 2511 773 et
2567 717 2657 772 est
2709 708 3051 790 synaliphe;
3109 715 3169 772 et

600 820 768 893 potes
814 814 954 875 item
1000 813 1286 873 scandere
1331 813 1551 873 femine
1608 814 1827 875 aerden
1871 822 2022 883 tem,
2083 822 2142 874 et
2189 816 2307 874 erit
2350 814 2679 894 ecthlipsis.
2770 813 2913 872 item
2957 811 3166 875 simili·

599 925 693 977 ter
739 918 1062 985 incertum,
1110 918 1190 977 sit
1231 916 1543 995 synaliphe
1599 936 1672 978 an
1728 917 2038 996 ecthlipsis
2082 915 2239 980 ‘ruit
2281 916 2455 977 Ilium
2501 924 2561 977 et
2605 918 2887 993 ingens’:
2935 933 3070 979 narn
3114 916 3167 977 si
3194 925 3220 966 ὅ

600 1023 686 1080 sie
731 1019 1009 1088 scandaS,
1070 1020 1224 1087 iliet,
1282 1019 1588 1099 synaliphe
1635 1028 1752 1091 est;
1812 1021 1865 1080 si
1910 1022 2028 1089 sic,
2076 1020 2238 1089 iliut,
2288 1020 2597 1098 ecthlipsis
2642 1025 2751 1078 est.
2841 1018 3034 1078 simile
3080 1024 3170 1080 est

602 1124 1024 1201 ‘egregium
1081 1122 1454 1182 Antorem:
1515 1141 1650 1184 nam
1706 1132 1956 1202 utroque
2014 1123 2186 1183 modo
2243 1123 2445 1183 scandi
2492 1129 2713 1201 potest,
2772 1122 2973 1198 egregi
3034 1128 3169 1181 anto

600 1234 658 1288 et
714 1228 913 1304 egregi
974 1232 1136 1285 unto.
1226 1225 1372 1285 haec
1428 1243 1561 1285 eum
1617 1228 1698 1291 ita
1752 1229 1875 1286 sint
1930 1232 1987 1286 et
2045 1226 2354 1286 manifeste
2409 1232 2688 1305 appareat
2744 1243 2817 1283 ex
2841 1224 3168 1293 ,nominum

601 1331 830 1390 ratione
890 1335 948 1388 et
1005 1326 1450 1388 definitionibus
1506 1330 1652 1407 ipsis
1709 1336 1766 1388 et
1826 1328 2113 1408 exemplis
2158 1330 2309 1398 suis,
2367 1347 2484 1407 quo
2529 1347 2560 1388 a
2606 1345 2669 1386 se
2714 1327 2774 1387 hi
2823 1326 2937 1386 duo
2982 1331 3166 1385 meta·

599 1432 809 1512 plasmi
866 1430 1086 1491 distare
1144 1431 1480 1499 videantur,
1541 1438 1739 1491 tamen
1796 1433 1912 1492 iam
1971 1434 2269 1492 communi
2325 1432 2493 1510 quasi
2549 1447 2842 1490 consensu
2888 1431 2948 1489 in
2995 1446 3164 1489 scan-
3195 1439 3247 1479 10

599 1534 792 1595 dendo
836 1552 952 1594 non
998 1533 1190 1595 solum
1234 1540 1434 1593 nostra
1478 1540 1698 1601 aetate.
1747 1533 1852 1594 sed
1899 1536 2077 1594 etiam
2108 1534 2259 1614 apud
2306 1536 2629 1613 scriptores
2674 1531 3015 1611 synaliphae
3061 1549 3165 1591 no-

599 1655 734 1697 men
779 1635 1177 1717 praevaluisse
1223 1635 1410 1705 video,
1459 1635 1605 1696 adeo
1650 1644 1715 1696 ut
1758 1638 1929 1716 quasi
1976 1655 2093 1697 uno
2138 1654 2430 1697 consensu
2474 1654 2661 1715 paene
2708 1653 2913 1696 omnes
2958 1634 3166 1695 ecthli-

598 1758 772 1820 pseos
842 1740 1176 1818 exemplum
1244 1757 1360 1798 non
1429 1737 1587 1799 aliud
1645 1739 1815 1808 dent,
1875 1757 2048 1818 qnam
2108 1739 2391 1800 ‘multum
2447 1738 2547 1798 ille
2603 1745 2663 1798 et
2719 1739 2952 1806 terris’,
3012 1736 3169 1816 quod

602 1844 794 1921 ipsum
838 1849 1035 1904 tamen
1081 1842 1293 1909 refert,
1342 1859 1457 1920 quo
1501 1841 1674 1901 modo
1724 1836 1733 1923 Ι
1774 1841 2108 1903 scandatur.
2199 1860 2334 1902 nam
2379 1844 2430 1901 si
2476 1840 2669 1901 multil
2714 1841 2924 1908 facies,
2973 1842 3167 1918 episy-

600 1944 841 2023 naliphe
888 1947 1002 2004 erit
1047 1943 1371 2003 secundum
1417 1943 1723 2022 Asperum,
1773 1946 1874 2023 qui
1922 1943 2067 2003 dicit
2111 1944 2183 2004 de
2230 1943 2458 2003 duabus
2503 1942 2747 2021 syllabis
2793 1960 2971 2002 unam
3014 1943 3164 2012 fieri,
3199 1954 3247 1993 15

596 2049 749 2107 sicut
794 2053 998 2107 tanton
1042 2064 1112 2105 ex
1144 2054 1415 2115 tantone;
1463 2046 1787 2107 secundum
1833 2064 1927 2106 me
1974 2053 2169 2107 autem
2214 2064 2508 2125 paragoge
2556 2052 2672 2114 cst,
2721 2052 2784 2105 ut
2830 2045 3015 2120 magis
3059 2063 3169 2122 pro

596 2167 783 2227 mage.
852 2149 1062 2228 quodsi
1111 2148 1357 2209 scandas
1402 2149 1642 2218 multul‚
1692 2151 1812 2209 erit
1855 2147 2191 2227 ecthlipsis,
2239 2150 2378 2228 quia
2424 2147 2642 2208 vocalis
2688 2165 2821 2206 cum
2866 2165 2923 2207 m
2969 2146 3167 2207 exelu-

595 2253 785 2320 ditur,
846 2253 1015 2331 quasi
1063 2253 1418 2330 exprimitur
1464 2250 1535 2310 de
1582 2251 1778 2311 medio
1824 2270 2061 2319 vocum,
2121 2270 2237 2312 non
2284 2250 2445 2311 velut
2487 2250 2826 2310 transilitur
2872 2255 3167 2327 tamquam

595 2357 770 2415 unius
815 2356 974 2413 vocis
1020 2365 1311 2422 extrema,
1359 2361 1424 2413 ut
1470 2353 1594 2412 illic
1640 2362 1759 2422 est,
1821 2356 2087 2414 ‘interea
2134 2353 2393 2413 medium
2440 2353 2723 2412 Aeneas’.
2815 2368 2957 2427 ergo
3014 2346 3170 2412 'sicut

595 2456 880 2525 diximus,
932 2474 1047 2515 uno
1092 2458 1206 2516 iam
1254 2473 1438 2535 paene
1485 2457 1724 2516 nomine
1774 2462 2087 2535 utrumque
2146 2464 2453 2524 censetur,
2504 2473 2694 2535 neque
2740 2453 2813 2514 ad
2857 2472 2984 2513 rem
3032 2472 3166 2532 per·
3195 2466 3248 2505 20

596 2561 765 2619 tinet.
856 2556 1028 2617 nobis
1073 2560 1231 2618 enim
1277 2558 1498 2617 suflicit
1541 2557 1838 2617 discussas
1883 2576 1955 2617 ex
2003 2558 2360 2618 lectionibus
2406 2565 2671 2617 veterum
2717 2557 2953 2616 dedisse
3000 2556 3167 2616 dill'e-

596 2662 849 2729 rentiaS,
910 2659 1180 2738 nihilque
1227 2662 1503 2728 interest,
1563 2678 1661 2719 res
1708 2678 1975 2739 quaeque
2021 2680 2137 2740 quo
2182 2664 2417 2721 nomine
2464 2668 2804 2728 censeatur,
2854 2658 3169 2717 dummodo

596 2764 681 2822 vis
748 2770 807 2823 ct
873 2769 1132 2841 potestas
1199 2780 1402 2823 earum
1459 2761 1620 2823 velut
1677 2780 1854 2823 manu
1914 2764 1972 2823 in
2030 2766 2188 2824 omni
2243 2764 2352 2824 hac
2409 2762 2807 2842 disputatione
2872 2768 3167 2823 teneatur.

595 2883 765 2942 ergo,
826 2872 888 2925 ut
946 2883 1013 2924 ea
1072 2883 1222 2943 quae
1280 2872 1508 2926 restant
1565 2864 1733 2943 plane
1793 2873 2112 2945 aperteque
2161 2865 2453 2935 dicamuS,
2501 2868 2655 2926 scire
2702 2865 2988 2925 debemus
3033 2872 3167 2925 ante

594 2969 788 3027 omnia
835 2970 894 3027 in
942 2967 1049 3026 hac
1095 2984 1327 3045 quoque
1373 2966 1580 3027 horum
1629 2967 2145 3045 metaplasmorum
2195 2975 2512 3047 potestate,
2561 2970 2684 3027 sive
2720 2986 2822 3028 eos
2866 2971 3000 3048 quis
3046 2969 3165 3028 dis·
3195 2981 3248 3020 25

594 3077 827 3138 cernat,
886 3071 1008 3128 sive
1069 3087 1184 3128 uno
1239 3069 1582 3148 synalipliac
1649 3073 1886 3129 nomine
1945 3069 2245 3140 censebit,
2304 3090 2434 3131 esse
2492 3071 2749 3150 aliquam
2817 3077 3166 3150 potestatem

595 3173 813 3249 poeti5‚
885 3177 949 3229 ut
1016 3171 1131 3248 ipsi
1188 3171 1486 3230 interdum
1544 3180 1927 3251 corrumpant
1983 3173 2367 3251 metaplasmo
2429 3172 2776 3241 dictionem,
2845 3175 3017 3252 quale
3076 3180 3167 3232 est

594 3276 762 3332 ‘nec
828 3291 967 3332 non
1037 3291 1292 3332 aurum
1360 3274 1792 3352 animusque
1840 3275 2242 3335 Latinost’.
2332 3274 2488 3353 quod
2535 3293 2665 3334 cum
2714 3277 2937 3343 evenit,
2984 3283 3166 3334 meta·

594 3374 884 3453 plasmum
930 3376 992 3433 in
1039 3374 1298 3433 dictione
1347 3376 1708 3444 invenimus,
1757 3379 1967 3436 nonin
2000 3377 2334 3436 scandendo
2365 3377 2715 3445 adse1·in1uS‚
2764 3377 2918 3455 quod
2966 3380 3167 3457 utique

594 3478 954 3544 faceremus,
1012 3478 1062 3534 si
1121 3477 1462 3555 reliquisset
1520 3474 1531 3559 l
1590 3477 1799 3538 Latino
1854 3488 1972 3547 est,
2032 3482 2185 3540 sicut
2242 3482 2589 3539 ‘excussa
2639 3484 2945 3557 pectore
2994 3478 3249 3538 lunoso

596 3581 763 3639 est'.
826 3578 929 3638 sed
977 3578 1084 3637 hac
1132 3586 1420 3657 potestate
1468 3582 1527 3639 in
1575 3580 1975 3658 metaplasmis
2007 3600 2121 3640 non
2154 3600 2389 3661 semper
2435 3580 2599 3640 abuti
2644 3588 2890 3658 possunt
2936 3589 3163 3659 poetae,

596 3689 660 3741 ut
695 3681 1054 3759 scripturam
1085 3691 1494 3762 corrumpant,
1542 3682 1664 3750 sed,
1714 3701 1849 3741 eum
1895 3685 2126 3759 integre
2173 3686 2527 3762 scripturam
2576 3683 2948 3761 reliquerint,
2998 3682 3169 3743 nobis

593 3785 655 3843 iu
720 3782 1056 3843 scandendo
1121 3791 1384 3862 potestas
1448 3791 1714 3845 remanet
1783 3804 1898 3844 non
1967 3786 2314 3845 enuntiandi
2385 3804 2452 3844 ea
2509 3801 2658 3864 quae
2717 3784 2905 3844 nihilo
2972 3786 3169 3843 minus

594 3888 922 3964 scripturae
971 3887 1159 3946 series
1204 3890 1494 3954 continet,
1545 3895 1607 3945 ut
1652 3893 1743 3944 est
1789 3885 2073 3946 ‘multum
2120 3887 2220 3946 ille
2269 3894 2326 3945 et
2375 3889 2552 3945 terris
2600 3888 2845 3946 iactatus
2892 3892 2950 3945 et
2994 3886 3167 3946 alto'.

594 3990 641 4047 si
702 3989 861 4047 enim
917 3988 1199 4048 voluisset
1255 3990 1340 4047 sic
1397 3989 1766 4067 relinquere,
1832 3987 2004 4056 mult,
2065 3991 2358 4048 incertum
2418 3990 2787 4068 reliquisset:
2858 4005 3248 4067 possumus³5

594 4091 752 4149 enim
797 4090 1068 4168 accipere
1115 4091 1263 4151 mult
1307 4109 1416 4169 pro
1462 4090 1664 4149 multis
1710 4112 1746 4146 e
1792 4108 2044 4169 quorum
2084 4090 2226 4151 haec
2272 4098 2410 4150 sunt
2454 4091 2738 4170 exempla,
2788 4098 2853 4150 ut
2896 4089 3167 4150 ostende-

758 4261 791 4308 2
830 4259 1092 4309 iectlimsis
1127 4266 1203 4308 est
1241 4261 1356 4311 talis
1393 4259 1640 4308 femineae
1679 4260 1742 4308 M
1843 4257 1876 4308 3
1913 4268 2056 4325 potes
2090 4261 2356 4310 Cramer-vs
2388 4269 2547 4326 potest
2582 4259 2643 4307 M
2745 4264 2778 4310 4
2816 4261 3080 4310 iectlimsis
3107 4261 3169 4309 M

730 4329 762 4377 5
791 4342 854 4376 an
891 4317 988 4379 ἱῗοι
1019 4329 1085 4378 M
1221 4331 1255 4382 6
1281 4333 1381 4378 lact
1415 4337 1489 4378 est
1533 4329 1594 4378 M
1731 4329 1760 4377 7
1795 4328 2085 4396 egregium]
2127 4333 2284 4395 Ver-9.
2324 4331 2455 4382 Aen.
2493 4329 2539 4378 X
2575 4331 2677 4379 778
2826 4329 2860 4379 8
2897 4329 3168 4380 manifeste

592 4405 872 4518 qppareqnt
903 4401 965 4449 M
995 4398 1582 4520 mlqpil'estqgnppareapt
1608 4400 1763 4519 effigit
1796 4400 2127 4449 Buttmannus
2159 4469 2170 4517 1
2261 4401 2327 4518 ,Ml
2370 4402 2520 4518 etiarfii
2558 4415 2587 4448 a
2621 4400 2956 4516 scriptuli-{ibus
2997 4400 3054 4519 dg

628 4477 659 4516 ·.
693 4477 790 4516 ieet
815 4483 879 4516 im
1745 4486 1777 4516 a
2178 4472 2188 4481 “
2461 4473 2470 4481 ”
2681 4472 2717 4515 r'
2788 4501 2801 4516 ι
3133 4488 3167 4508 ·-

594 4537 798 4602 naliphe
831 4483 1217 4590 erssf‘grammas
1329 4485 2386 4592 leffirtrupafflnesnmzrztegnegffgngrugmm
2459 4481 2749 4604 'pssoetrssirag
2778 4539 2840 4587 M
2946 4472 3014 4589 17ι
3047 4486 3171 4588 iaz->t-

596 4609 756 4657 limsis
797 4608 859 4656 M
996 4610 1063 4658 22
1100 4607 1352 4673 quaeque]
1393 4624 1592 4673 quoque
1628 4609 1684 4657 M
1826 4609 1894 4658 28
1931 4626 2021 4660 nec
2058 4609 2178 4677 nou]
2223 4612 2379 4674 Very.
2417 4609 2549 4659 Aen.
2589 4608 2681 4657 Xll
2723 4609 2791 4659 23
2932 4610 3000 4661 30
3036 4610 3169 4659 fece-

597 4679 754 4727 rimus
794 4676 856 4725 M
993 4678 1231 4743 excussa]
1284 4682 1439 4741 Very.
1483 4680 1611 4729 Aen.
1654 4680 1695 4726 V
1731 4678 1836 4728 679
1974 4680 2039 4728 32
2082 4681 2224 4729 uobis
2254 4679 2532 4728 scandendi
2563 4678 2624 4726 M
2763 4679 2831 4728 34
2871 4678 2955 4728 ille
2992 4681 3169 4729 eterris

599 4747 661 4794 M
828 4747 897 4798 36
939 4748 1167 4809 sortasse
1208 4764 1298 4814 pro
1337 4749 1511 4800 multa.
1560 4749 1653 4798 sed
1688 4749 1870 4798 deinde
1910 4753 2015 4800 alia
2053 4754 2314 4814 eac-empla,
2357 4749 2531 4813 quibus
2573 4749 2701 4798 idem
2733 4750 2994 4812 probatum
3036 4757 3169 4813 erat,

589 4825 771 4881 poetas
805 4832 900 4866 non
935 4833 1131 4881 semper
1162 4818 1348 4868 habere
1371 4826 1668 4882 potestatem
1701 4820 2096 4884 corrumpendae
2122 4822 2424 4884 scripturae,
2464 4819 2717 4870 excidisse
2752 4820 2980 4869 videntur
