3541 5564
578 351 704 416 554
1583 353 1859 434 [ASPRI]
1908 354 2049 415 Ans
2095 354 2177 414 xl

631 475 672 514 p.
702 461 899 501 1734—36
927 460 972 502 P.
2790 471 2833 513 p·
2864 461 2953 499 315.
2983 461 3032 500 16
3060 457 3104 499 L.

579 544 758 601 inter.
849 543 1158 619 utriusque
1205 559 1377 600 casus
1420 548 1558 600 sunt
1602 541 1781 609 duae,
1842 543 1905 601 in
1951 549 2010 601 et
2052 539 2182 602 sub.
2272 540 2420 599 aliae
2467 541 2941 618 praepositiones
2983 557 3153 599 num-

578 644 753 706 quam
799 625 872 685 ab
919 626 1052 687 aliis
1097 625 1365 705 partibus
1410 635 1762 705 separantur
1806 633 1867 685 et
1909 644 2024 686 non
2071 626 2187 686 nisi
2232 624 2431 686 verbis
2459 625 2900 704 participiisque
2946 632 3007 683 et
3049 624 3150 684 ad-

577 711 798 771 verbiis
846 710 1293 790 participiorum
1339 707 1356 790 Η
1400 712 1756 788 iunguntur:
1816 710 2012 771 verbis
2057 712 2172 779 sic,
2218 712 2524 771 concurrit
2569 712 2857 779 recurrit,
2905 711 3147 789 partici-

578 798 693 874 piis
737 798 853 866 sic,
902 814 1294 864 concurrenS,
1343 795 1641 855 adverbiis
1674 795 1681 876 Ι
1716 798 1820 865 sic,
1854 797 2177 874 composite
2209 795 2497 875 requisite
2529 795 2776 855 disiecto
2809 797 3150 855 constricte.

579 881 726 940 aliae
782 883 1023 941 omnino
1078 881 1209 941 aliis
1264 881 1535 960 partibus
1592 883 1877 940 orationis
1931 899 2139 941 carere
2196 898 2314 940 non
2370 888 2647 959 possunt,
2709 887 2775 940 ut
2817 898 2951 939 cum
2997 879 3208 959 apud-³»

579 984 790 1044 peneS,
840 984 1031 1045 neque
1077 966 1210 1026 aliis
1254 984 1431 1045 quam
1477 965 1714 1026 casibus
1757 967 2115 1044 iunguntur,
2162 966 2221 1024 id
2253 973 2346 1026 est
2375 967 2601 1025 nomini
2633 966 2968 1043 pronomini
3017 982 3151 1043 par-

579 1052 813 1129 ticipio,
863 1058 928 1110 ut
971 1070 1104 1111 cum
1151 1050 1465 1120 Cicerone,
1525 1070 1659 1112 cum
1704 1050 1831 1120 illo,
1879 1070 2013 1110 cum
2060 1050 2309 1119 dilecto;
2369 1049 2522 1130 apud
2569 1050 2945 1119 Ciceronem,
2994 1050 3150 1128 apud

578 1135 773 1202 illum,
832 1136 987 1214 apud
1044 1136 1356 1202 dilectum:
1428 1154 1610 1215 penes
1667 1135 2043 1204 Ciceronem,
2114 1154 2298 1214 penes
2350 1135 2546 1205 illum,
2606 1154 2791 1214 penes
2846 1135 3149 1195 dilectum.

576 1222 934 1280 conveniunt
976 1227 1173 1281 autem
1218 1221 1327 1280 hae
1373 1229 1473 1281 aut
1517 1223 1868 1280 accusativis
1922 1231 2025 1281 aut
2076 1220 2348 1280 ablativis
2393 1220 2646 1281 casibus
2706 1220 2853 1280 aliae
2884 1222 3149 1298 separari

577 1312 678 1365 aut
722 1307 886 1382 iungi
930 1313 1207 1383 possunt,
1256 1314 1320 1365 ut
1364 1304 1473 1366 sub
1519 1308 1580 1365 in
1627 1325 1718 1365 ex.
1811 1313 2165 1384 separantur
2220 1305 2331 1365 hoc
2388 1306 2590 1373 modo,
2649 1304 2759 1366 sub
2804 1313 3031 1374 monte,
3078 1324 3148 1364 ex
3183 1319 3236 1356 ιο

577 1397 805 1458 monte,
853 1391 914 1449 in
958 1400 1186 1460 monte;
1238 1387 1261 1470 ΙΙ
1310 1390 1712 1468 adiunguntur
1756 1394 1874 1460 sic,
1921 1389 2248 1451 subscribit
2292 1393 2518 1468 inrepit
2561 1392 2847 1450 excurrit.

1491 1560 1589 1621 DE
1634 1560 2225 1623 INTERIECTIONE

743 1678 1084 1738 Intertectio
1129 1687 1218 1739 est
1263 1697 1401 1757 pars
1445 1681 1728 1739 orationis
1758 1681 2031 1740 affectum
2063 1682 2245 1740 animi
2277 1680 2644 1756 significans,
2694 1687 2794 1739 aut
2838 1679 3149 1758 indignan-

575 1764 678 1831 tis,
727 1771 792 1822 ut
835 1763 939 1832 he,
989 1771 1089 1823 aut
1133 1766 1422 1833 timentis,
1483 1771 1548 1823 ut
1592 1765 1723 1834 hui,
1783 1774 1884 1826 aut
1929 1764 2325 1834 recordantiS,
2384 1772 2451 1823 ut
2493 1765 2656 1832 hem,
2705 1770 2805 1823 aut
2849 1765 3147 1825 silentium

575 1849 968 1924 iniungentis,
1030 1856 1093 1908 ut
1147 1851 1249 1916 ist,
1310 1858 1410 1909 aut
1468 1852 1863 1920 immutantis,
1922 1858 1986 1910 ut
2032 1857 2207 1919 attat,
2266 1856 2368 1910 aut
2411 1849 2783 1918 admirantis,
2832 1859 2898 1910 ut
2943 1869 3145 1928 papae,
3180 1864 3231 1900 15

574 1940 675 1992 aut
719 1932 1115 2010 prohibentis,
1163 1941 1226 1995 ut
1270 1935 1404 2002 hah,
1462 1942 1562 1994 aut
1607 1937 2044 2015 conquirentiS‚
2092 1944 2156 1995 ut
2200 1935 2377 2002 ahab,
2434 1942 2536 1994 aut
2577 1937 2899 2011 gementis,
2949 1942 3011 1995 ut
3056 1938 3145 1993 voi

575 2036 708 2086 vae,
758 2026 858 2077 aut
902 2020 1274 2088 refectioniS,
1325 2029 1388 2080 ut
1433 2038 1604 2089 evax,
1651 2029 1755 2080 aut
1799 2021 2136 2088 irridentis,
2187 2028 2251 2080 ut
2296 2019 2549 2080 bombax
2595 2019 2749 2079 babo
2795 2039 2883 2079 va.

710 2258 734 2307 l
778 2253 929 2321 inter]
973 2257 1099 2306 intra
1131 2272 1163 2313 ς
1271 2258 1303 2305 2
1336 2266 1383 2306 et
1418 2257 1674 2306 aduerbiis
1699 2274 1727 2306 a
1753 2257 2130 2323 participiorum
2162 2259 2214 2306 V
2223 2259 2266 2309 G
2371 2260 2400 2306 4
2430 2255 2728 2322 composite]
2759 2271 3064 2305 concurrens
3100 2258 3152 2305 V

709 2328 736 2374 7
775 2341 887 2374 cum
924 2327 1119 2376 delecto
1155 2340 1188 2381 ς
1225 2343 1336 2375 cum
1375 2328 1531 2376 electo
1559 2328 1601 2377 G
1741 2331 1775 2377 8
1812 2339 1931 2391 aput
1960 2328 2194 2377 dilectum
2227 2332 2269 2378 (ι’
2305 2330 2441 2391 opud
2485 2329 2733 2376 deiectum
2774 2339 2825 2382 ς,
2861 2344 2952 2376 om.
2997 2329 3051 2375 V

571 2411 728 2459 penes
765 2397 1012 2444 delectum
1047 2410 1080 2451 ς
1115 2412 1272 2461 penes
1309 2396 1519 2445 electum
1560 2399 1602 2445 G
1747 2399 1810 2447 15
1849 2395 1993 2463 attat]
2034 2407 2081 2446 at
2120 2408 2170 2447 nt
2218 2400 2308 2451 Vs·
2455 2398 2518 2446 16
2555 2394 2676 2462 hah]
2732 2397 2793 2444 alu
2835 2398 2877 2446 G
2914 2397 2976 2445 ah
3013 2396 3075 2444 ah
3114 2411 3147 2449 ς

707 2467 1060 2528 conquerentis
1099 2479 1131 2519 ς
1271 2464 1425 2529 abah]
1468 2466 1565 2514 hah
1608 2469 1694 2521 (ἴς
1840 2468 1900 2515 17
1939 2478 2025 2515 ant
2063 2469 2270 2517 ridentis
2301 2469 2344 2516 G
2486 2463 2568 2531 va]
2613 2482 2713 2534 uua
2760 2469 2909 2518 17³5
