3541 5564
586 397 667 471 98
1728 402 2035 472 ΡΟΜΡΕΙΙ

640 532 679 572 p.
708 520 749 558 S.
776 520 800 558 9
828 513 871 556 L.

584 603 632 658 si
691 599 801 659 hoc
858 597 1046 658 solum
1106 596 1295 668 dicas,
1347 596 1653 660 ‘mortuus
1700 604 1845 669 est’,
1905 599 2242 677 ambiguum
2290 606 2407 666 est,
2456 616 2574 677 quo
2620 595 2831 657 affectu
2876 591 2989 655 hoc
3034 610 3170 675 per·

587 701 809 763 tuleris.
901 702 1063 761 vides
1119 721 1261 780 ergo
1317 703 1455 781 quia
1511 701 1656 762 baec
1713 700 2000 781 particula
2058 704 2406 780 interposita
2453 700 2731 780 exprimit
2776 698 2947 759 nobis
2991 701 3173 758 animi

585 805 843 865 affectus
937 823 1072 863 nam
1133 803 1443 884 aliquoties
1493 803 1656 864 illam
1712 804 2156 882 ambiguitatem
2214 803 2517 864 discernit.
2611 821 2750 862 ecce
2796 801 2916 860 dixi
2961 801 3069 861 tibi
3114 807 3175 860 et

583 908 818 965 nomina
864 908 1117 984 partium
1166 914 1224 966 et
1270 905 1570 975 ordinem,
1621 914 1678 965 et
1722 925 1908 985 quare
1952 908 2030 966 ita
2078 915 2314 967 vocatae
2360 915 2516 975 sunt,
2566 912 2624 964 et
2669 922 2851 981 quare
2896 905 3028 982 ipso
3076 921 3172 962 or-

584 1006 720 1067 dine
768 1010 996 1085 positae
1042 1015 1195 1068 sunt.
3197 1013 3223 1050 5

751 1110 1013 1169 Diximus
1071 1128 1213 1186 ergo
1271 1111 1547 1186 quoniam
1618 1109 1768 1170 bene
1839 1111 1980 1171 fecit
2035 1110 2322 1179 DonatuS,
2392 1119 2623 1189 partem
2677 1108 2836 1168 illam
2905 1109 3169 1186 priorem

582 1211 844 1271 scribere
890 1211 1239 1278 infantibus,
1286 1214 1675 1290 posteriorem
1724 1211 2017 1273 omnibus.
2096 1221 2182 1273 est
2229 1214 2389 1272 enim
2433 1210 2674 1272 robusta
2721 1219 2777 1271 et
2821 1208 3004 1269 utilis.
3078 1211 3166 1268 in-

582 1313 756 1373 choat
803 1333 833 1372 a
881 1313 1091 1373 litteris
1134 1315 1242 1372 ista
1287 1314 1574 1393 particula
1622 1333 1774 1393 quae
1819 1314 2061 1374 uberior
2108 1322 2194 1374 est
2241 1323 2299 1373 et
2343 1313 2522 1374 habet
2566 1320 2897 1373 tractatum.

1623 1502 1720 1562 DE
1767 1502 2112 1562 LITTERIS

379 1629 552 1688 4⁶31st
750 1620 990 1680 Constat
1045 1620 1199 1698 apud
1257 1638 1463 1679 omnes
1521 1621 1897 1682 Carmentem
1944 1621 2270 1700 Nympliam
2328 1618 2514 1686 illam.
2577 1619 2839 1680 Euandri
2897 1628 3165 1688 matrem,
3197 1643 3248 1679 ιυ

381 1699 551 1756 519,2
580 1741 729 1800 quae
775 1723 1110 1782 Nicostrata
1157 1722 1492 1791 dicebatur,
1551 1720 1761 1782 latinas
1820 1723 2048 1782 litteras
2094 1724 2406 1782 invenisse.
2496 1722 2622 1800 ipsa
2669 1724 2925 1800 primum
2973 1730 3169 1783 trans-

580 1822 714 1883 tulit
757 1825 816 1882 in
874 1823 1098 1884 Italiam
1153 1822 1365 1884 latinas
1412 1822 1654 1884 litteras.
1748 1824 1860 1884 hoc
1907 1824 2191 1886 babemus
2232 1825 2400 1884 initio
2446 1823 2620 1893 Livii,
2686 1832 2745 1883 et
2790 1825 3169 1884 ‘Euander

583 1926 689 1985 vir
756 1925 1133 1985 mirabilis
1201 1927 1694 1985 veneratione
1763 1926 2249 1995 litterarum'‚
2321 1928 2563 1986 omnino
2626 1925 2802 1987 verba
2859 1934 2998 1987 sunt
3053 1930 3164 1987 ista

578 2026 755 2095 Livii,
804 2029 948 2088 ‘rei
994 2046 1226 2088 novae
1271 2029 1468 2088 inter
1514 2028 1739 2088 rudes
1787 2027 2176 2088 homines’.
2270 2036 2410 2086 tunc
2456 2031 2714 2106 primum
2760 2037 3167 2107 apparuerunt

578 2128 825 2190 litterae.
888 2126 894 2209 Ι
955 2128 1187 2190 litterae
1244 2129 1433 2189 dictae
1489 2139 1624 2189 sunt
1668 2129 1779 2190 hac
1825 2131 2084 2198 ratione,
2144 2131 2309 2207 quasi
2354 2128 2663 2206 legiterae,
2712 2130 2866 2207 quod
2913 2130 3163 2207 legenti·
3193 2151 3241 2189 ιε»

578 2230 684 2291 bus
728 2233 843 2291 iter
889 2230 1234 2310 praebeant.
1323 2250 1460 2291 nam
1506 2234 1705 2311 utique
1753 2232 2140 2292 adtendentes
2185 2230 2414 2291 litteras
2460 2229 2778 2310 implemus
2823 2231 3162 2292 lectionem.

578 2349 718 2410 ergo
764 2332 851 2392 vel
898 2333 1033 2393 ideo
1080 2332 1268 2393 dictae
1316 2344 1453 2393 sunt
1499 2333 1757 2403 litterae,
1809 2333 1897 2393 vel
1944 2333 2077 2393 ideo
2123 2332 2280 2412 quod
2326 2331 2579 2410 legendo
2624 2335 2937 2394 iterentur.
3031 2353 3164 2395 nam

576 2453 710 2494 cum
759 2436 877 2494 sint
920 2434 1138 2504 XXIII,
1187 2444 1383 2496 tamen
1431 2437 1622 2495 varias
1668 2438 2030 2496 conexiones
2075 2437 2324 2502 faciunt,
2372 2435 2432 2494 id
2480 2442 2571 2495 est
2618 2437 2834 2497 variam
2882 2435 3164 2497 elocutio-

575 2554 732 2596 nem.
823 2553 965 2612 ergo
1013 2536 1088 2596 ob
1134 2535 1285 2596 hanc
1333 2556 1564 2598 causam
1612 2537 1802 2598 (lictae
1846 2545 1986 2596 sunt
2030 2536 2289 2604 litterae,
2337 2535 2427 2597 vel
2472 2536 2626 2615 quod
2675 2537 3007 2615 legentibus
3050 2540 3165 2599 iter

578 2636 901 2717 praebeant
945 2637 1035 2698 vel
1083 2638 1236 2717 quod
1285 2638 1536 2716 legendo
1583 2642 1892 2700 iterentur.
1957 2640 2101 2698 istae
2148 2639 2379 2698 litterae
2424 2638 2575 2717 apud
2625 2641 2879 2700 maiores
2924 2650 3237 2700 nostros20

575 2759 692 2800 non
739 2740 980 2801 suerunt
1024 2739 1237 2810 XXIII,
1287 2739 1389 2801 sed
1437 2740 1580 2800 XVI.
1644 2750 1846 2820 postea
1894 2739 2125 2802 additae
2171 2751 2310 2802 sunt
2355 2740 2521 2801 aliae.
2599 2741 2680 2801 ita
2727 2742 2901 2803 etiam
2946 2750 3162 2804 tracta·

576 2853 741 2902 turus
799 2850 911 2912 est,
976 2850 1040 2902 ut
1097 2841 1308 2902 doceat
1367 2843 1507 2902 olim
1565 2843 1690 2903 XVI
1736 2844 1949 2913 fuisse,
2008 2853 2211 2923 postea
2270 2863 2341 2903 ex
2396 2844 2696 2923 superfluo
2742 2844 2973 2905 additas
3018 2846 3161 2906 alias

575 2944 798 3003 litteras
845 2953 903 3004 et
949 2946 1130 3004 saetas
1175 2942 1373 3003 XXIII.
1438 2943 1723 3003 habemus
1768 2944 1883 3004 hoc
1926 2947 1987 3004 in
2035 2946 2199 3005 libris
2244 2945 2313 3004 ad
2347 2947 2563 3006 Attium
2610 2945 2766 3024 apud
2812 2947 3160 3014 Varronem,

575 3054 633 3104 et
677 3066 781 3105 cur
825 3054 912 3105 tot
956 3048 1074 3106 sint
1120 3054 1178 3105 et
1222 3065 1403 3124 quare
1452 3066 1521 3105 eo
1567 3046 1776 3106 ordine
1832 3050 2057 3126 positae
2116 3056 2174 3107 et
2217 3067 2397 3126 quare
2443 3047 2629 3107 isdem
2680 3049 3018 3109 nominibus
3063 3068 3162 3109 vo·

573 3157 799 3208 centur.
892 3156 1030 3208 sunt
1085 3156 1279 3208 autem
1339 3148 1570 3208 litterae
1614 3148 1824 3218 XXIII,
1885 3149 1957 3209 de
2004 3149 2214 3226 quibus
2259 3157 2618 3210 tractaturus
2663 3169 2809 3210 sum.
2898 3151 3002 3211 sed
3047 3151 3159 3212 hae
3187 3168 3234 3206 25

716 3388 741 3437 l
794 3400 1021 3435 mortuus
1070 3396 1146 3435 est
1187 3387 1595 3452 ambiguntur&
1628 3388 1675 3436 L
1720 3398 1949 3437 mortuus
1986 3398 2060 3436 est
2099 3388 2198 3451 (est
2240 3405 2329 3441 om.
2371 3390 2434 3451 C)
2473 3391 2519 3437 in
2558 3389 2684 3451 (iam
2723 3392 2806 3438 A?
2842 3404 2975 3439 corr.
3013 3391 3060 3437 iu
3100 3390 3160 3454 a)

572 3458 864 3520 ambignum
894 3467 971 3505 est
992 3456 1156 3505 ABG
1256 3460 1287 3505 4
1317 3459 1529 3520 partium
1559 3476 1651 3510 om.
1681 3460 1729 3506 A
1833 3468 2008 3506 uocata
2031 3458 2250 3507 ABCL
2347 3459 2380 3507 5
2410 3459 2574 3523 posita
2599 3468 2717 3507 sunt
2743 3496 3153 3513 .............

573 3528 809 3590 quonium
842 3526 889 3573 A
928 3527 1095 3590 posita
1132 3539 1249 3574 sunt
1280 3528 1504 3575 diximus
1537 3529 1585 3576 id
1628 3532 1655 3577 fi
1693 3539 1741 3577 et
1778 3530 2024 3578 rationem
2054 3529 2246 3577 ordinis
2285 3531 2428 3592 (quia
2468 3540 2579 3594 post
2614 3542 2796 3576 nomen
2836 3530 3044 3577 uerbum
3082 3541 3160 3578 est

572 3608 619 3644 et
656 3608 770 3661 post
802 3597 1008 3644 uerbum
1050 3598 1368 3662 participium
1403 3598 1523 3646 add.
1562 3602 1611 3655 c)
1650 3614 1774 3663 ergo
1812 3600 2047 3660 quoniam
2090 3599 2171 3648 Ca
2209 3600 2377 3662 posita
2413 3610 2529 3647 sunt
2570 3599 2794 3646 diximus
2831 3598 2883 3646 id
2920 3602 2946 3647 ζ·
2986 3612 3035 3647 et.
3077 3615 3156 3647 ra·

572 3668 759 3714 tionem
791 3666 985 3714 ordinis
1025 3668 1353 3727 posteriorem
1390 3669 1641 3716 omnibus.
1722 3669 1950 3717 Diximus
1995 3683 2115 3731 ergo
2155 3670 2393 3729 quoniam
2434 3670 2511 3718 B:
2569 3668 2736 3731 posita
2776 3678 2892 3716 sunt
2932 3669 3158 3717 diximus

573 3751 697 3801 ergo
738 3737 975 3798 qnoniam
1015 3737 1139 3783 bene
1180 3738 1307 3786 dixit
1347 3737 1563 3785 donatus
1604 3749 1796 3800 partem
1837 3740 1970 3787 illam
2009 3740 2224 3801 priorem
2261 3740 2477 3788 scribere
2515 3739 2791 3786 infantibus
2823 3741 3156 3802 posteriorem

571 3806 825 3854 omnibus.
863 3818 938 3854 est
971 3806 1175 3853 robusta
1215 3818 1263 3854 et
1298 3807 1455 3856 utilis.
1494 3806 1728 3855 inchoata
1765 3808 2002 3856 alitteris
2033 3808 2186 3872 igitur
2223 3823 2342 3872 pars
2373 3810 2467 3857 ista
2506 3824 2635 3872 qnae
2673 3808 2875 3855 uberior
2912 3820 2990 3857 est
3027 3825 3156 3872 qnae

571 3875 719 3924 habet
759 3886 1020 3924 mactatum
1060 3879 1187 3936 qua‘e
1226 3877 1373 3925 etiam
1414 3877 1713 3941 exponenda
1756 3889 1832 3925 est
1869 3877 2101 3925 inchoata
2139 3888 2213 3926 est
2251 3893 2279 3924 a
2319 3880 2516 3928 litteris.
2577 3880 2664 3926 illa
2704 3893 2825 3925 uero
2861 3893 2981 3942 pars
3019 3882 3158 3943 prior

572 3946 693 3994 nibil
736 3945 883 3993 babet
926 3946 1235 3995 dificultatis.
1292 3947 1389 3994 ista
1422 3950 1589 4010 itaque
1623 3948 1686 3995 de
1722 3948 1901 3996 litteris
1936 3949 1998 3996 de
2036 3948 2230 3995 sillabis
2267 3950 2329 3996 de
2359 3950 2570 4010 pedibus
2599 3948 2662 3995 de
2687 3949 2981 3998 accentibus
3007 3948 3158 3997 habet

572 4017 821 4064 modicam
860 4015 1206 4063 dificultatem.
1249 4018 1363 4078 quis
1404 4020 1596 4079 primns
1634 4017 1819 4065 latinas
1863 4016 2054 4066 litteras
2081 4018 2320 4082 repperit.
2363 4018 2569 4067 Constat
2613 4017 2656 4064 l,
2796 4022 2828 4067 tt
2868 4018 2995 4066 bene
3034 4018 3154 4066 fecit

567 4088 617 4136 B
639 4087 720 4136 Ca
759 4087 884 4133 bene
920 4085 1049 4133 dixit
1076 4084 1123 4132 A
1233 4084 1446 4152 partem]
1478 4097 1634 4135 artem
1663 4086 1839 4136 ABG.
1879 4090 1974 4138 sed
2005 4089 2054 4135 in
2091 4089 2138 4136 A
2175 4089 2288 4135 olim
2324 4088 2426 4148 suit
2454 4089 2647 4136 Partem
2759 4087 2786 4134 7
2824 4088 3156 4150 posteriorem

568 4158 802 4205 omnibus
837 4154 929 4203 ltoc
964 4157 1072 4203 loco
1097 4169 1186 4204 om.
1214 4156 1265 4205 B
1370 4160 1401 4205 8
1437 4167 1701 4206 tractatum
1741 4168 1939 4206 constat
1965 4156 2132 4206 ABG
2238 4157 2298 4206 12
2337 4159 2481 4207 initio
2520 4158 2626 4206 liuii
2656 4155 2833 4207 Bca*
2871 4158 3013 4206 initio
3043 4159 3156 4206 libri

568 4228 677 4275 AL
786 4235 834 4274 et
872 4225 1095 4273 euander
1121 4226 1294 4287 inquid
1327 4228 1405 4274 uir
1432 4226 1496 4279 L.
1535 4228 1731 4276 videtur·
1763 4226 2074 4278 scribendum
2101 4244 2211 4276 esse
2244 4238 2290 4275 et
2316 4230 2518 4276 omnino
2549 4228 2700 4275 verba
2728 4236 2845 4276 sunt
2877 4228 2974 4278 ista
3002 4228 3155 4286 Livii,

568 4296 807 4344 Euander
839 4296 913 4343 vir
952 4295 1194 4343 mirabilis
1228 4299 1545 4344 veneratione
1578 4299 1854 4346 litterarum
1883 4299 1954 4345 rel
1981 4306 2106 4346 ela:
2151 4299 2260 4347 Lt'v.
2293 4298 2329 4353 1,
2357 4300 2405 4359 7,
2434 4297 2467 4348 8
2507 4297 2738 4345 Euander
2763 4323 2829 4332 —
2854 4298 3156 4346 venerabilis

571 4370 645 4415 vir
680 4364 925 4414 miraculo
960 4365 1254 4425 litterarum,
1290 4368 1361 4413 rei
1403 4380 1563 4415 novae
1590 4368 1719 4415 inter
1757 4370 1910 4416 rudes
1948 4369 2129 4416 artium
2171 4367 2402 4416 homiues
2509 4368 2570 4417 lt
2608 4368 2717 4416 liuii
2760 4368 2801 4416 C
2829 4376 2879 4416 et
2913 4371 2962 4418 in
3002 4370 3156 4417 litura

567 4439 626 4484 ιι*
669 4437 756 4484 lini
794 4436 897 4484 BL
1033 4432 1126 4497 rei]
1169 4451 1251 4483 res
1290 4435 1336 4483 L
1478 4437 1696 4485 bominis
1733 4437 1783 4485 A
1925 4437 1987 4489 15
2040 4439 2193 4503 lneip.
2235 4437 2295 4485 de
2337 4437 2520 4490 littera.
2573 4436 2766 4486 litterae
2803 4453 2958 4501 quare
2992 4438 3155 4488 dictae

567 4517 702 4558 sunt.
754 4506 948 4555 litterae
989 4504 1152 4553 dietae
1189 4517 1304 4554 sunt
1343 4506 1415 4553 L:
1450 4507 1707 4569 inscriptio
1744 4510 1806 4556 tte
1843 4507 2008 4555 littera
2043 4518 2161 4558 ante
2197 4515 2532 4558 correctorem
2568 4507 2668 4567 suit
2704 4513 2754 4556 in
2782 4510 2828 4555 A
2939 4508 3002 4558 16
3039 4524 3156 4557 nam

567 4591 776 4625 nanctuc
827 4590 919 4624 »tar
973 4575 1143 4637 utique
1183 4576 1223 4624 C
1356 4576 1673 4626 intendentes
1724 4578 1773 4626 A
1916 4577 2154 4626 lectiones
2193 4578 2378 4626 ABG:
2431 4578 2695 4626 lectionem
2741 4592 2863 4642 ergo
2910 4578 2989 4625 nel
3039 4579 3153 4627 ideo

570 4647 733 4694 dietae
771 4658 885 4693 sunt
924 4645 1119 4694 litterae
1151 4646 1283 4708 qnod
1323 4645 1569 4711 legendos
1601 4648 1845 4695 iterantur
1880 4645 1928 4694 L
2073 4649 2135 4698 lt)
2173 4648 2251 4696 nel
2286 4648 2420 4708 qnod
2459 4647 2745 4709 legentibus
2782 4648 2876 4695 iter
2913 4651 3155 4712 praebent

570 4715 649 4763 uel
691 4717 825 4777 quod
862 4715 1077 4780 legendo
1119 4715 1359 4764 iterantur
1394 4717 1437 4763 l,
1483 4717 1562 4765 uel
1600 4722 1732 4779 quod
1775 4717 1970 4766 leuatae
2008 4718 2249 4766 iterentur
2286 4717 2387 4766 BC
2419 4726 2468 4766 el
2514 4720 2561 4766 in
2597 4719 2749 4766 titur-a
2783 4735 2816 4766 a
2956 4718 3019 4767 21
3061 4718 3149 4768 sed

1974 4788 1988 4822 t
3099 4794 3102 4797 .

570 4831 709 4898 XVl]
754 4837 843 4884 sed
882 4834 1045 4885 xxUt
1086 4835 1130 4883 L
1275 4835 1341 4886 23
1377 4835 1440 4883 ad
1480 4836 1656 4885 attium
1690 4837 1805 4888 BC
1839 4840 1901 4886 ad
1942 4840 2098 4886 atium
2137 4840 2185 4885 A
2217 4838 2282 4885 ad
2320 4838 2506 4885 notium
2546 4839 2623 4887 L:
2657 4839 2724 4894 cf.
2777 4840 3056 4889 uss'ilmanns
3088 4841 3153 4889 de

577 4906 734 4955 Vurr.
776 4906 858 4956 til).
890 4922 1097 4970 Hrmmn.
1137 4920 1191 4969 p.
1238 4905 1333 4955 117
1367 4923 1478 4971 sqq.
1620 4909 1683 4955 25
1718 4920 1835 4957 sunt
1875 4920 2040 4955 autem
2083 4907 2262 4957 Bon*
2301 4919 2417 4955 sunt
2454 4907 2547 4956 liae
2591 4907 2701 4955 AL
2964 4926 2968 4930 ·
