3541 5564
592 314 675 379 38
1408 326 1423 340 ‘
1717 311 2066 374 CLEDONll

643 437 686 479 p.
721 427 833 466 1893.
860 427 910 465 94
938 422 983 463 Ρ.

591 505 875 584 genetivi,
934 521 1170 564 nomen.
1260 510 1531 563 metuens
1587 499 1995 579 quaerendum
2043 507 2132 560 est
2174 507 2373 561 utrum
2419 500 2792 580 participium
2837 518 2911 560 an
2958 518 3176 562 nomen

590 609 691 669 sit:
739 609 787 668 si
831 608 1105 685 genetivo
1147 607 1353 676 servit,
1402 621 1620 664 nomen
1666 612 1782 672 est,
1831 610 1898 663 ut
1940 610 2211 664 metuens
2253 605 2371 671 tui;
2432 604 2482 663 si
2527 603 2889 672 accusativo,
2937 604 3175 682 partici-

589 711 783 791 pium,
854 717 917 770 ut
970 715 1240 770 metuens
1308 716 1386 769 te.
1489 706 1822 786 participia.
1869 706 2172 784 praeteriti
2237 707 2525 786 temporis
2590 724 2622 766 a
2689 703 3026 766 nominibus
3097 707 3176 766 ita

592 813 1026 881 discernuntur,
1072 820 1155 881 ut,
1203 810 1253 870 si
1297 809 1604 888 participia
1650 808 1889 877 fuerint,
1938 806 2235 867 secundae
2278 809 2398 868 sint
2441 807 2878 876 declinationis,
2926 815 2992 868 ut
3034 814 3178 886 puta

593 914 689 974 hic
732 915 893 974 visus
937 912 1112 974 huius
1154 912 1292 979 visi;
1352 911 1401 971 si
1445 910 1684 971 nomina
1739 909 1989 977 suerint,
2036 917 2279 988 quartae
2326 912 2444 971 sint
2489 909 2924 979 declinationiS,
2974 918 3038 969 ut
3083 908 3231 973 hies

358 1028 474 1090 374,
506 1027 566 1076 15
593 1018 752 1078 visus
782 1015 955 1076 huius
983 1015 1161 1075 visuS.
1196 1047 1278 1055 —
1310 998 1835 1091 Superlativus
1879 1012 2270 1091 positivus:
2319 1014 2608 1091 positivus
2651 1029 2771 1072 non
2818 1019 2907 1072 est
2938 1011 3178 1089 gradus,

594 1118 817 1180 nullam
872 1116 1053 1177 hahet
1105 1114 1346 1175 alterius
1392 1115 1836 1193 expressionem
1881 1122 2277 1194 conparatam.
2370 1113 2581 1174 doctus
2624 1112 3022 1193 simplicitudo
3069 1119 3179 1182 est,

509 1231 569 1280 16
597 1239 717 1282 non
763 1219 1018 1280 collatio.
1066 1250 1150 1260 -
1193 1218 1278 1277 Vt
1320 1217 1627 1278 fortior:
1674 1216 1999 1278 notandum
2049 1216 2206 1297 quod
2252 1218 2665 1296 conparativus
2712 1215 2930 1295 gradus
2974 1214 3181 1276 ablati-

595 1341 728 1383 vum
794 1320 1153 1397 singularem
1221 1336 1457 1397 semper
1520 1321 1582 1380 in
1651 1339 1683 1379 e
1729 1320 1938 1389 mittit,
2004 1328 2072 1380 ut
2138 1318 2210 1379 ab
2268 1320 2380 1381 hoc
2434 1316 2719 1400 sorlltiore
2764 1318 3047 1379 doctiore.
3097 1352 3183 1362 —

507 1436 568 1485 17
594 1402 897 1503 Semper
942 1423 1345 1483 communis
1392 1427 1534 1481 est:
1582 1440 1701 1481 non
1747 1440 1983 1501 semper
2028 1424 2265 1500 generis
2312 1423 2642 1482 communis
2687 1429 2805 1490 est,
2841 1423 2975 1499 quia
3019 1422 3178 1481 inve·
3208 1442 3260 1482 10

492 1600 503 1611 .
595 1528 754 1587 nitur
801 1542 1017 1586 nomen
1062 1525 1123 1584 in
1168 1525 1569 1604 comparativo
1614 1522 1831 1603 gradu,
1899 1524 2056 1604 quod
2115 1543 2235 1585 non
2291 1525 2366 1584 sit
2408 1524 2645 1601 generis
2691 1524 3048 1594 communis»,
3118 1531 3184 1584 ut

594 1629 810 1688 senior.
892 1627 1092 1687 senior
1138 1643 1277 1687 vero
1338 1625 1411 1685 de
1475 1627 1602 1685 viro
1650 1625 1930 1696 dicimus,
2001 1626 2072 1687 de
2130 1627 2381 1687 muliere
2427 1625 2626 1687 dicere
2669 1644 2792 1687 non
2834 1623 3180 1709 poslsumuS,

504 1734 565 1781 21
595 1729 700 1790 sed
748 1729 1001 1789 dicimus
1058 1730 1243 1806 magis
1298 1746 1463 1789 anuS.
1511 1760 1594 1770 —
1651 1727 1821 1790 Nam
1888 1747 2021 1807 pro
2088 1731 2604 1809 comparativo
2669 1730 2922 1807 magis:
2998 1730 3185 1806 magis

596 1833 1023 1912 comparativus
1068 1838 1159 1890 est
1203 1837 1262 1889 et
1305 1829 1439 1890 ideo
1485 1848 1621 1891 cum
1666 1832 2064 1910 comparativo
2111 1849 2227 1891 non
2275 1832 2542 1910 ponitur,
2600 1832 2737 1911 quia
2783 1830 2900 1891 duo
2947 1850 3182 1911 compa-

595 1935 766 1995 rativi
820 1935 962 2013 poni
1018 1951 1136 1993 non
1192 1938 1443 2012 possunt
1497 1931 1652 2009 (nam
1711 1939 1800 1993 est
1856 1933 2289 2012 soloecismus),
2342 1930 2351 2013 1
2400 1932 2503 1993 sed
2550 1933 2798 2012 positivo
2844 1932 3184 2011 adiungitur
3213 1954 3292 1993 ιε).

397 2042 574 2091 24.25
598 2038 803 2114 magia.
852 2070 935 2079 -—-
978 2034 1202 2096 Extra
1249 2034 1439 2096 hanc
1481 2033 1826 2095 formam:
1876 2044 2039 2096 extra
2073 2034 2224 2095 hanc
2253 2034 2536 2112 regulam.
2584 2070 2668 2079 —
2713 2034 3184 2113 Comparatio

598 2139 1000 2199 nominum:
1059 2138 1422 2217 comparatio
1478 2138 1539 2196 in
1585 2138 1985 2216 comparativo
2042 2143 2100 2196 et
2145 2136 2504 2216 superlativo
2549 2144 2654 2197 est.
2746 2138 3031 2216 positivus
3074 2155 3186 2216 pro

599 2239 783 2318 gradu
828 2258 950 2301 non
996 2241 1312 2319 accipitur,
1385 2241 1521 2317 quia
1567 2240 1696 2317 ipse
1738 2237 1799 2298 id
1847 2246 1964 2307 est,
2030 2238 2188 2316 quod
2234 2247 2324 2299 est
2368 2246 2426 2299 et
2471 2257 2719 2308 nornen,
2789 2238 2945 2318 quod
2994 2246 3083 2299 est
3127 2246 3187 2298 et

508 2350 573 2399 27
598 2359 819 2420 genus,
870 2341 1028 2420 quod
1074 2349 1163 2402 est
1208 2350 1266 2402 et
1311 2359 1498 2402 casus,
1546 2374 1631 2385 —-
1673 2339 1757 2401 Et
1803 2339 2224 2402 absolutus:
2273 2342 2411 2421 quia
2456 2340 2618 2402 solus
2657 2359 2874 2401 nomen
2907 2340 3183 2402 declarat.

598 2479 682 2488 —
747 2445 1313 2524 Comparativus
1380 2441 1658 2519 gradus
1725 2445 2248 2523 praeponitur:
2326 2449 2486 2505 tanta
2532 2444 2618 2504 vis
2674 2451 2763 2505 est
2807 2444 3262 2523 comparativiso

510 2562 576 2611 28
600 2548 847 2625 gradu5‚
895 2555 960 2607 ut
1002 2545 1302 2607 interdum
1358 2551 1417 2606 et
1470 2545 1893 2625 superlativum
1951 2547 2162 2606 vincat.
2211 2581 2293 2589 —-
2350 2548 2433 2607 Vt
2475 2545 2814 2608 stultior:
2862 2565 2997 2607 nam
3043 2546 3186 2608 stul-

600 2651 716 2710 tior
758 2649 892 2729 plus
935 2650 1225 2726 significat
1269 2665 1441 2727 quam
1489 2648 1896 2708 stultissimus:
1947 2647 2184 2709 Ovidius
2226 2650 2288 2709 in
2334 2667 2492 2709 nono
2536 2647 3076 2728 Metamorphoseos

1670 2768 1818 2811 non
1862 2749 1997 2811 hoc
2042 2752 2349 2813 inimica
2393 2758 2779 2831 precatur,

906 2854 1032 2914 sed
1078 2870 1582 2933 quaecumque
1623 2851 1767 2913 tibi
1812 2854 2290 2915 iunctissima
2335 2855 2677 2915 iunctior
2724 2873 2884 2916 esse

910 2957 1208 3035 expetit.
3214 2977 3263 3016 ιιι,

605 3094 687 3103 -
732 3060 969 3120 Doctior
1017 3057 1221 3118 dicunt
1264 3058 1632 3136 grammatici
1677 3059 2058 3136 comparativi
2102 3056 2318 3136 gradus
2364 3077 2521 3129 esse,
2579 3077 2716 3119 cum
2773 3077 2869 3119 res
2914 3060 3040 3138 ipsa
3086 3058 3189 3118 do-

607 3169 737 3222 ceat
781 3170 839 3220 et
883 3179 1094 3221 seusus
1138 3178 1269 3221 esse
1313 3159 1636 3239 praelativi.
1728 3179 1864 3222 nam
1909 3178 2043 3221 cum
2089 3160 2221 3220 dico
2267 3161 2531 3221 ‘doctior
2575 3159 2671 3222 hic
2713 3160 2816 3222 illo
2831 3165 2870 3231 ⁹,
2916 3180 3037 3222 non
3069 3169 3190 3223 tam

609 3265 663 3322 ei
692 3262 894 3322 videor
939 3261 1192 3324 alterum
1238 3280 1565 3341 conparare
1605 3257 1614 3344 Ι
1654 3281 1830 3342 quam
1876 3263 2200 3342 praeferre.
2291 3280 2473 3342 quare
2518 3265 2718 3342 potius
2762 3262 2862 3325 ille
2906 3245 3192 3325 dicendus

611 3371 699 3425 est
743 3366 1195 3443 comparativus,
1241 3363 1476 3444 quando
1521 3376 1640 3425 tam
1686 3363 1777 3425 vel
1821 3365 1905 3425 sic
1950 3364 2225 3425 adverbia
2270 3366 2569 3442 iungimus
2612 3366 2894 3446 positivo,
2941 3374 3006 3427 ut
3049 3374 3192 3446 puta

610 3472 762 3527 ‘tam
809 3465 1016 3527 doctus
1059 3466 1156 3526 hic
1201 3485 1374 3546 quam
1421 3465 1573 3537 ille'‚
1623 3468 1744 3527 ‘sic
1793 3466 2001 3528 doctus
2048 3466 2144 3550 hic
2187 3474 2251 3528 ut
2294 3466 2450 3527 ille'.
2543 3486 2684 3547 ergo
2730 3476 3009 3548 quattuor
3057 3477 3267 3530 suntao

517 3589 582 3639 :28
606 3567 847 3646 graduS.
894 3602 970 3611 —
1023 3572 1067 3629 A
1114 3569 1472 3647 positivo:
1521 3571 1956 3649 comparativus
2001 3566 2355 3649 aliquotiens
2399 3570 2595 3630 minus
2638 3589 2671 3630 a
2715 3572 2968 3650 positivo
3014 3572 3190 3649 signi·

611 3672 772 3740 ficat,
846 3679 909 3730 ut
982 3671 1213 3731 ‘mare
1276 3671 1665 3733 Ponticum
1733 3670 2030 3733 dulcius
2095 3690 2303 3751 quam
2372 3676 2663 3732 cetera'
2741 3671 2885 3753 [quo
2961 3673 3192 3735 dulcius

750 3875 872 3928 Coa.
908 3875 1068 3925 Bern.
1113 3877 1183 3926 vl
1224 3872 1431 3926 5—6*.
1589 3879 1615 3929 1
1660 3877 2046 3942 participiaman
2189 3877 2220 3925 4
2264 3873 2389 3941 sint]
2441 3883 2557 3927 sunt
2696 3878 2726 3926 7
2777 3878 3196 3942 expraessionem

747 3944 781 3994 8
819 3944 1019 3995 collatio
1059 3946 1273 4008 qualitas
1315 3961 1345 3994 a
1380 3946 1542 3995 tribus
1582 3945 1802 3996 trahitur
1842 3946 1995 3995 rebus
2042 3945 2103 3993 ab
2155 3947 2325 3995 animo
2374 3955 2428 3995 ut
2470 3947 2650 3997 doctus
2685 3947 2869 3998 stultus
2908 3963 2937 3996 a
2979 3963 3194 4013 corpore

612 4024 665 4064 ut
703 4014 909 4079 pulcher
953 4016 1117 4080 turpis
1155 4016 1468 4065 extrinsecus
1504 4024 1559 4065 ut
1596 4016 1740 4066 diues
1778 4016 2066 4065 fortunatus
2114 4018 2366 4080 quantitas
2410 4031 2620 4081 corpore
2658 4027 2712 4066 ιιι
2745 4017 2875 4065 altus
2913 4032 3104 4083 paruus
3140 4026 3196 4068 ut

613 4086 790 4135 l’ortior
930 4086 996 4136 10
1032 4087 1316 4135 cummunis
1345 4090 1525 4151 priore
1560 4088 1669 4137 loco
1811 4084 1877 4136 13
1912 4101 2040 4136 anus
2078 4086 2369 4150 qualitatem
2406 4086 2692 4150 significant
2721 4087 2938 4152 qualitas
2971 4102 3002 4136 a
3037 4088 3194 4138 tribus

614 4155 825 4206 trahitur
860 4154 1012 4205 rebus
1046 4156 1109 4204 ab
1147 4157 1316 4206 animo
1354 4167 1408 4206 ut
1443 4157 1623 4206 doctus
1676 4156 1860 4206 stultus
1906 4172 1936 4206 a
1978 4173 2187 4224 corpore
2233 4167 2287 4206 ut
2327 4155 2536 4222 pulcher
2580 4159 2744 4224 turpia
2791 4158 3109 4208 extrinsecus
3142 4165 3196 4207 ut

614 4226 758 4276 diues
797 4224 1084 4277 fortunatus
1125 4227 1379 4290 quantitas
1417 4242 1537 4276 uero
1575 4242 1605 4276 a
1643 4241 1855 4291 corpore
1896 4229 1904 4290 l
1937 4236 1991 4276 ut
2022 4227 2154 4277 altus
2189 4242 2383 4292 paruus
2409 4242 2523 4276 nam
2555 4243 2648 4293 pro
2791 4229 2854 4279 15
2891 4227 3196 4291 solycismus

752 4295 818 4347 18
853 4297 1017 4361 ipsius
1056 4304 1110 4344 ut
1146 4306 1221 4344 est
1365 4297 1429 4346 10
1477 4307 1530 4344 ut
1573 4297 1834 4347 absolutus
1973 4299 2037 4349 21
2091 4298 2259 4347 uincat
2297 4313 2412 4347 nam
2457 4312 2572 4347 nam
2612 4297 2804 4363 (deleto
2833 4299 3014 4362 priore
3049 4295 3193 4359 nam)

615 4366 813 4416 stultior
847 4366 964 4431 plus
1002 4365 1256 4430 significat
1289 4382 1439 4431 quam
1486 4368 1818 4417 stultissimus
1855 4378 1909 4417 ut
1947 4367 2147 4417 stultior
2186 4368 2390 4417 ouidius
2531 4370 2598 4419 22
2636 4367 3057 4419 metamor-soreos

614 4435 681 4487 23
713 4445 980 4502 praecatur
1118 4434 1185 4484 26
1226 4434 1328 4502 res]
1382 4450 1473 4501 pes
1613 4438 1677 4486 27
1717 4452 1833 4486 nam
1872 4437 1985 4487 dico
2130 4435 2237 4503 illo]
2283 4438 2382 4486 illis
2522 4437 2589 4488 28
2629 4436 2805 4505 quare]
2840 4438 2988 4500 quale
3128 4437 3192 4489 31

615 4508 807 4572 gradus
843 4505 1132 4572 appositiuo

753 4680 822 4729 22
859 4680 909 4727 ἰῐι
948 4693 1080 4728 nono
1120 4675 1605 4744 metamorphoseos]
1642 4694 1686 4727 v.
1726 4678 1830 4729 548
1938 4676 2005 4728 32
2036 4678 2170 4740 quod
2208 4677 2403 4727 dulcius
2432 4692 2570 4727 mare
2610 4688 2685 4729 est
2723 4694 2871 4742 quam
2904 4679 3194 4727 communia

616 4750 775 4799 maria
825 4759 960 4799 sunt.
1001 4748 1201 4798 dulcius
1247 4763 1397 4811 quam
1437 4764 1527 4814 pro
1566 4748 1763 4799 dulcius
1808 4762 1958 4812 quam
2005 4751 2072 4799 sit
2108 4748 2245 4797 aliud
2293 4764 2431 4799 mare
2467 4749 2614 4800 dulce
2651 4749 2935 4802 Putscha‘us.
2966 4750 3194 4813 fortasse

616 4835 714 4884 quo
748 4819 899 4870 modo
938 4818 1135 4870 dulcius
1172 4833 1310 4868 mare
1348 4829 1441 4885 est,
1480 4833 1592 4867 eum
1632 4820 1800 4868 omnia
1825 4819 1982 4867 maria
2019 4833 2189 4867 amara
2226 4819 2359 4869 sint?
