3541 5564
2508 528 2549 568 p.
2579 517 2689 557 1872.
2717 516 2766 556 73
2794 515 2837 555 P.

328 598 657 664 communia
716 619 867 680 quae
924 606 982 661 et
1036 601 1263 678 agentis
1318 607 1376 659 et
1431 601 1705 679 patientis
1760 598 1874 659 sibi
1933 597 2229 658 vindicant
2270 597 2784 674 significationem;
2835 603 2891 655 et

329 704 399 764 de
429 706 616 765 activo
646 704 943 782 passivum
975 704 1067 772 fit,
1117 710 1171 762 et
1204 701 1276 763 de
1306 703 1534 781 passivo
1567 702 1834 761 activum.
1875 735 1950 744 —-
1983 698 2231 761 Osculor
2261 708 2401 759 tunc
2431 700 2677 759 activum
2710 698 2889 775 signi·
2914 702 3030 763 360,
3056 696 3102 752 5'

328 807 489 874 licat,
553 803 786 885 quando
842 806 1235 865 accusativum
1296 822 1492 864 casum
1541 805 1718 881 regit,
1768 809 1831 863 ut
1875 800 2111 862 osculor
2154 800 2349 871 illum;
2396 809 2535 861 tunc
2578 801 2888 880 passivum,

329 907 561 985 quando
585 906 919 976 ablativum,
943 913 1007 966 ut
1039 905 1274 967 osculor
1305 904 1535 966 abillo:
1571 905 1890 965 dicimus
1923 906 2110 964 enim
2143 902 2449 965 osculor
2480 911 2547 963 te
2578 909 2646 963 et
2676 920 2887 963 oscu-

278 1008 441 1069 5101·
470 1028 500 1069 a
545 1016 634 1070 te.
666 1043 752 1053 --
789 1009 1107 1086 Figurae
1153 1006 1575 1068 verborum:
1623 1008 1847 1084 figurae
1880 1007 1965 1067 sic
1994 1006 2271 1083 accidunt
2301 1003 2522 1074 verbis,
2557 1023 2670 1084 quo
2715 1004 2889 1065 modo
2914 1010 2946 1060 8

326 1110 691 1178 nominibus,
726 1108 973 1189 simplex
1007 1118 1065 1171 et
1095 1111 1437 1189 composita.
1473 1143 1546 1153 —-
1595 1108 1954 1189 Tempora
2005 1108 2396 1169 verborum
2441 1117 2614 1186 quot
2656 1108 2885 1167 sunti:
2913 1111 2945 1161 9

326 1214 433 1272 tria
499 1221 767 1291 tempora
835 1219 1003 1278 sunt,
1076 1213 1136 1272 in
1194 1210 1584 1271 declinatione
1653 1212 1944 1290 quinque,
2017 1212 2148 1289 quia
2207 1211 2506 1290 praeteriti
2577 1217 2698 1270 tres
2754 1217 2892 1270 sunt

325 1312 664 1392 distantiae,
712 1313 1021 1392 inperfecti
1064 1314 1313 1391 perfecti
1357 1311 1941 1392 plusquamperfecti.
2030 1330 2322 1392 praesens
2369 1318 2457 1372 est
2500 1311 2651 1391 quod
2695 1312 2892 1372 facere

322 1414 616 1483 videmur,
677 1416 1062 1494 praeteritum
1117 1413 1506 1493 inperfectum
1572 1422 1663 1474 est
1718 1414 1871 1495 quod
1925 1415 2125 1477 facere
2182 1413 2524 1474 videbamur
2569 1420 2627 1473 et
2668 1412 2889 1494 inperl·

255 1537 300 1573 10
327 1518 541 1576 lectum
590 1516 945 1583 dimisimus,
995 1517 1379 1595 praeteritum
1438 1516 1765 1595 perfectum
1826 1524 1912 1577 est
1966 1514 2120 1595 quod
2169 1516 2383 1576 sactum
2430 1534 2587 1576 nunc
2631 1514 2887 1594 comple-

326 1620 537 1686 vimus,
598 1620 981 1698 praeteritum
1026 1616 1702 1700 plusquamjjliersectum
1760 1625 1848 1678 est
1913 1617 2065 1696 quod
2124 1616 2261 1677 olim
2321 1637 2418 1678 res
2471 1618 2732 1697 perfecta
2787 1626 2889 1686 est,

327 1721 589 1780 futurum
638 1729 722 1780 est
781 1719 933 1799 quod
981 1721 1177 1780 facere
1223 1737 1330 1779 nos
1375 1719 1724 1799 quandoque
1770 1717 2263 1780 demonstramus,

489 1821 1064 1900 Coniugationis
1108 1824 1389 1882 tertiae
1435 1829 1858 1900 correptae:
1910 1822 2077 1882 tertia
2113 1822 2446 1900 coniugatio
2478 1840 2722 1901 semper*
2759 1839 2887 1881 cor·
2917 1828 2977 1876 17

323 1925 551 2003 ripitur.
616 1957 688 1968 —
760 1924 1041 1983 Futuro
1109 1922 1340 2001 legam
1411 1921 1650 2001 leges:
1709 1923 1967 1985 secunda
2034 1942 2287 2003 persona
2341 1924 2523 1984 futuri
2576 1923 2890 1984 indicativo
2915 1930 2980 1977 23

255 2045 299 2084 ιε.
323 2025 608 2103 singulari
652 2043 901 2085 numero
948 2044 979 2085 e
1024 2024 1309 2105 producta
1352 2025 1790 2103 pronuntianda
1839 2034 1955 2095 est,
2006 2043 2079 2085 ne
2122 2025 2376 2086 secunda
2423 2043 2674 2105 persona
2721 2044 2890 2105 prae-

321 2128 503 2187 sentis
560 2127 844 2206 temporis
898 2126 1289 2205 intellegatur.
1344 2161 1412 2170 -
1466 2126 1852 2205 imperativus
1897 2128 2105 2188 modus
2148 2129 2443 2207 praesenti
2490 2133 2755 2206 tempore
2798 2147 2888 2188 se·
2915 2134 2981 2182 24

322 2228 572 2289 cundam
643 2237 701 2288 et
764 2229 998 2289 tertiam
1065 2247 1377 2308 personam
1443 2227 1645 2298 habet,
1711 2232 1844 2308 quia
1913 2232 2040 2307 ipse
2097 2228 2209 2289 sihi
2265 2247 2438 2289 nemo
2493 2230 2763 2307 imperat.
2813 2262 2885 2273 —

322 2330 585 2391 Eodem
642 2331 847 2391 modo
907 2339 1239 2411 tempore
1296 2331 1578 2391 futuro:
1648 2332 1857 2392 modus
1918 2332 2299 2409 imperativus
2366 2332 2650 2410 temporis
2713 2331 2894 2392 futuri
2917 2338 2981 2387 26

325 2433 555 2493 numeri
585 2432 827 2513 pluralis
857 2434 1064 2493 tertiae
1108 2434 1503 2517 personae-ita
1536 2433 1627 2501 tit,
1673 2436 1726 2492 si
1768 2431 1994 2493 sublata
2041 2452 2075 2493 o
2120 2431 2416 2493 indicativi
2463 2432 2621 2494 modi
2664 2436 2892 2514 primae

254 2553 611 2614 mpersonae
668 2534 846 2595 addes
904 2543 1076 2603 unto,
1142 2543 1203 2595 ut
1259 2553 1391 2594 amo
1446 2541 1718 2602 amunte,
1779 2533 1962 2594 doceo
2011 2540 2020 2610 Ι
2074 2534 2395 2604 doceunto,
2453 2533 2585 2613 lego
2629 2534 2887 2613 legunto,

326 2637 496 2696 audio
542 2635 844 2696 audiunto.
886 2642 977 2680 '—-·
1041 2637 1320 2697 Futuro
1377 2635 1635 2715 legito:
1690 2637 1750 2696 in
1798 2634 1911 2695 hoc
1955 2635 2152 2697 futuro
2199 2654 2308 2697 nec
2352 2637 2412 2695 in
2456 2636 2735 2716 singulari
2782 2655 2892 2698 nec

325 2738 385 2799 in
428 2736 643 2818 plurali
687 2740 873 2818 prima
919 2756 1169 2819 persona
1217 2746 1319 2800 est.
1399 2773 1465 2781 —
1538 2739 2031 2801 Coniunctivo
2090 2737 2326 2800 modo:
2395 2739 2676 2819 temporis
2720 2756 2891 2819 prae·
2918 2747 2982 2795 33

326 2843 507 2901 sentis
551 2842 958 2902 coniunctivus
1004 2841 1211 2903 modus
1268 2843 1469 2903 futuro
1516 2842 1753 2921 optativi
1799 2840 2006 2901 similis
2052 2851 2158 2902 est.
2223 2876 2282 2884 —-
2354 2842 2654 2901 infiniti
2700 2841 3032 2908 modi361,
3062 2848 3094 2896 4

326 2944 651 3004 numeris
708 2951 777 3002 et
829 2945 1206 3023 personis:
1275 2945 1534 3004 infinitus
1595 2943 1730 3003 ideo
1795 2944 2013 3011 dictus,
2073 2943 2225 3023 quod
2281 2946 2341 3004 in
2398 2944 2659 3004 numeris
2717 2953 2776 3003 et
2832 2945 2890 3003 in

254 3043 693 3123 estemporibus
751 3051 809 3104 et
861 3047 922 3105 in
972 3047 1246 3124 personis
1301 3044 1564 3123 aequalis
1622 3053 1727 3105 est.
1820 3045 2067 3105 dicimus
2124 3046 2280 3105 enim
2325 3065 2356 3105 a
2403 3064 2650 3106 numero
2695 3044 2892 3123 legere

327 3146 503 3206 debet
550 3154 608 3205 et
654 3144 851 3225 legere
897 3146 1141 3215 debent,
1200 3167 1231 3207 a
1280 3156 1544 3227 tempore
1591 3146 1788 3225 legere
1835 3146 2051 3207 habent
2107 3154 2165 3206 et
2208 3145 2405 3223 legere
2450 3146 2814 3217 habuerunt,
2861 3168 2890 3207 a

327 3267 577 3326 persona
623 3246 824 3326 legere
869 3248 1086 3319 habeo,
1134 3249 1333 3328 legere
1379 3249 1589 3318 habes,
1640 3249 1839 3326 legere
1885 3247 2076 3309 babet.
2137 3248 2235 3309 hic
2278 3248 2547 3310 similiter
2591 3252 2701 3311 tria
2747 3258 2892 3310 tem-

325 3368 471 3428 pora
515 3347 723 3419 habet,
772 3354 1038 3428 quamvis
1069 3353 1127 3410 in
1159 3353 1455 3431 praesenti
1489 3353 1681 3411 onmia
1715 3350 2167 3430 complectatur,
2214 3359 2279 3411 ut
2322 3359 2410 3411 est
2455 3351 2652 3430 legere
2698 3352 2891 3421 modo,

324 3449 522 3529 legere
554 3459 755 3520 antea,
791 3452 989 3531 legere
1019 3460 1240 3532 postea.
1296 3488 1364 3497 —-
1421 3453 1652 3513 Verbo
1695 3451 2194 3533 inpersonali:
2241 3453 2612 3532 inpersonale
2645 3454 2886 3514 verbum
2912 3459 2944 3507 6

256 3577 301 3615 ³0
327 3563 412 3613 est
455 3554 612 3632 quod
659 3555 929 3633 personis
975 3563 1138 3615 caret
1179 3557 1299 3616 suis
1345 3563 1403 3615 et
1446 3574 1477 3614 a
1522 3557 1874 3634 pronomine
1920 3555 2132 3634 accipit
2178 3558 2188 3627 1
2236 3538 2518 3635 personas
2562 3564 2620 3616 et
2662 3557 2747 3616 sic
2791 3555 2891 3615 de·

327 3655 605 3716 clinatur:
676 3656 924 3716 dicimus
980 3658 1136 3717 enim
1191 3656 1401 3734 legitur
1457 3676 1487 3716 a
1548 3676 1642 3716 me
1699 3676 1729 3717 a
1777 3666 1832 3717 te
1879 3656 2114 3717 abillo.
2188 3691 2261 3702 -
2332 3657 2678 3719 Gerundi:
2754 3656 2943 3717 ideo9

327 3757 541 3820 dicitur
585 3758 867 3836 gerundi,
916 3759 1072 3837 quod
1120 3777 1226 3819 nos
1268 3757 1487 3838 aliquid
1534 3777 1742 3836 gerere
1789 3760 2101 3837 significat,
2150 3767 2216 3819 ut
2259 3768 2395 3839 puta
2438 3759 2674 3839 legendi
2718 3778 2890 3820 causa

328 3862 485 3930 veni,
544 3859 799 3938 legendo
845 3860 989 3921 mihi
1032 3862 1275 3939 contigit
1321 3861 1619 3930 valetudo,
1678 3859 1991 3939 legendum
2046 3861 2189 3921 mihi
2247 3864 2384 3932 erit,
2439 3862 2656 3924 lectum
2701 3864 2888 3932 venio,

327 3964 503 4023 nimio
549 3961 703 4023 lectu
752 3963 1025 4042 fatigatus
1067 3981 1224 4033 sum,
1272 3970 1335 4023 ut
1380 3962 1668 4041 Vergilius

261 4083 308 4123 ³5
629 4083 760 4125 nec
805 4066 963 4124 visu
1007 4063 1260 4125 facilis
1306 4084 1436 4125 nec
1482 4064 1684 4125 dictu
1732 4064 2070 4124 affabilis
2116 4063 2268 4124 ulli.

333 4165 430 4226 sed
487 4169 674 4244 magis
734 4162 968 4250 [melius
1024 4161 1133 4249 est]
1180 4167 1486 4246 participia
1530 4174 1694 4236 sunt,
1754 4185 1926 4246 quam
1983 4167 2232 4245 gerundi
2286 4166 2491 4229 verba:
2561 4166 2751 4229 bonus
2806 4176 2894 4227 est

466 4373 587 4423 cod.
633 4372 790 4424 Bern.
836 4372 905 4420 ΙΙΙ
953 4368 1157 4421 1*—3.
1303 4372 1328 4422 1
1366 4372 1648 4421 communia
1685 4386 1814 4433 quae
1857 4381 1934 4422 est
1974 4372 2174 4437 agentis
2311 4375 2345 4423 2
2389 4371 2672 4440 passiuum]
2729 4374 2893 4436 passi-

336 4457 443 4490 uam
582 4444 617 4492 4
647 4442 846 4491 osculor
875 4455 966 4506 pro
996 4442 1058 4491 ab
1092 4441 1180 4490 illo
1284 4441 1483 4493 osculor
1513 4439 1579 4508 te]
1627 4439 1800 4491 osculo
1839 4450 1887 4490 te
2024 4442 2058 4492 6
2094 4440 2230 4507 quod
2266 4450 2384 4491 sunt
2484 4445 2515 4493 7
2553 4440 2627 4508 in]
2667 4458 2783 4491 cum

342 4511 402 4561 10
429 4513 793 4579 compleuimus
832 4512 1155 4577 praeteritum
1193 4514 1514 4577 praeteritum
1563 4510 2116 4577 plusquamperfectum
2260 4512 2322 4562 12
2363 4528 2462 4576 quo
2499 4511 2663 4562 facere
2805 4514 2892 4562 de-

340 4593 672 4632 monstramus
709 4582 856 4630 tertin
901 4581 1192 4646 coniugatio
1238 4582 1609 4647 coniugationis
1655 4581 1830 4630 tertiae
1871 4593 2130 4647 correptae
2168 4597 2371 4648 semper
2541 4581 2610 4631 20
2645 4597 2894 4648 personae

338 4661 383 4699 et
417 4652 536 4701 ades
646 4651 710 4703 19
739 4652 782 4700 si
816 4667 906 4703 om.
1014 4655 1081 4703 23
1110 4652 1265 4701 futuri
1300 4652 1508 4717 optatiui
1613 4653 1679 4702 25
1710 4665 1739 4699 a
1766 4666 1976 4701 numero
2011 4654 2124 4717 lege
2155 4652 2325 4718 legere
2425 4652 2493 4702 26
2528 4652 2593 4701 ad
2625 4654 2784 4717 (corr,
2821 4656 2890 4707 al.

338 4736 457 4770 man.
496 4722 551 4786 a)
586 4730 811 4787 tempore
919 4721 987 4772 29
1023 4738 1198 4773 uerum
1236 4738 1371 4776 corr.
1410 4725 1480 4772 al.
1516 4737 1647 4772 man.
1685 4722 1895 4772 uerbum
2013 4720 2081 4771 34
2118 4721 2379 4790 fatigatus]
2426 4724 2589 4773 factus
2693 4723 2760 4774 36
2794 4725 2896 4774 sint

474 4912 535 4964 14
567 4912 720 4962 futuri
750 4913 940 4979 passivi
977 4912 1215 4979 Haqenue
1353 4911 1421 4964 34
1458 4908 1736 4979 Vergilius]
1770 4910 1900 4964 Aen.
1941 4911 2003 4960 111
2033 4910 2132 4965 621

2402 4995 2492 5060 2*
