3541 5564
1382 314 1862 387 COMMENTVM‘
2825 323 2905 385 89

332 511 503 575 trica
547 509 800 576 libellos
847 509 999 574 inde
1044 509 1264 576 ederet
1305 510 1615 597 Lugduni
1644 511 2047 575 Batavorum
2093 533 2151 574 a.
2191 509 2373 593 1766,
2421 520 2558 575 tum
2605 532 2690 574 ex
2719 510 2906 576 Pom-

329 612 462 699 peii
524 611 692 680 libro
759 611 1080 698 quaedam
1153 612 1414 678 adiecit.
1501 613 1703 678 totius
1773 623 1993 677 autem
2055 612 2206 677 libri
2261 611 2643 692 editionem,
2711 635 2908 699 quam

328 716 641 801 parabat,
698 714 780 779 ad
840 714 1036 778 finem
1090 738 1223 781 non
1277 715 1618 802 perduxit,
1675 726 2021 802 propterea
2076 713 2251 801 quod
2309 712 2421 779 illo
2481 713 2705 781 codice
2767 713 2907 779 solo

329 839 471 881 eam
517 839 653 880 rcm
697 816 922 903 perfici
968 839 1098 882 non
1142 841 1335 904 posse
1378 815 1822 902 intellegebat.
1909 840 1993 881 ex
2036 817 2263 882 eodem
2309 816 2532 881 codice
2578 815 2911 902 descripta

329 941 472 983 esse
527 919 823 1003 suspicor
878 918 1005 1002 duo
1062 919 1438 1007 apographa
1495 942 1662 1008 quae
1717 931 1869 984 sunt
1913 920 1980 982 in
2027 918 2423 984 bibliotheca
2463 919 2909 983 universitatis

333 1019 715 1101 LeidensiS,
762 1021 1058 1086 Perizon.
1106 1021 1189 1102 Q.
1235 1023 1310 1086 71
1360 1034 1425 1087 et
1468 1022 1817 1089 Ruhnken.
1864 1021 1931 1086 9:
1980 1021 2062 1086 cf.
2113 1020 2292 1087 Geel.
2339 1019 2529 1085 catal.
2575 1018 2725 1085 libr.
2774 1043 2908 1084 ma·

328 1146 542 1187 nuscr.
592 1123 704 1210 qui
744 1123 898 1189 inde
943 1125 1025 1190 ab
1071 1147 1240 1190 anno
1292 1126 1450 1189 1741
1508 1123 1945 1191 bibliothecae
1989 1122 2315 1206 Lugduno
2360 1124 2654 1187 Batavae
2698 1145 2909 1187 acces-

330 1234 556 1288 serunt
599 1247 661 1311 p.
716 1226 855 1291 153.
903 1248 1172 1312 quorum
1219 1227 1743 1315 apographorum
1789 1225 2065 1291 alterum
2098 1225 2329 1289 Petrus
2360 1223 2735 1288 Bondamus
2782 1224 2911 1289 sibi

329 1336 703 1413 paraverat,
736 1326 1006 1392 alterum
1040 1329 1470 1394 Ruhnkenius
1503 1330 1588 1395 ab
1611 1328 2046 1414 Heusingero,
2080 1328 2192 1413 qui
2224 1327 2612 1391 Ruhnkenio
2644 1337 2911 1392 auctore

330 1451 399 1492 se
442 1427 736 1494 codicem
768 1428 1137 1496 describere
1167 1431 1532 1497 instituisse
1577 1432 1765 1509 dicit,
1817 1430 2152 1516 accepisse
2196 1429 2486 1510 videtur,
2531 1429 2717 1514 isque
2759 1427 2911 1492 inde

329 1530 652 1616 quaedam
704 1531 979 1617 protulit
1031 1534 1101 1597 in
1158 1532 1283 1597 Iul.
1330 1533 1540 1600 Rufin.
1588 1533 1671 1598 de
1716 1534 1956 1597 schem.
2001 1554 2065 1617 p.
2109 1532 2254 1596 262.
2301 1541 2649 1618 utrumque
2694 1541 2911 1595 autem

330 1633 779 1719 apographum
823 1656 969 1698 cum
1010 1633 1616 1720 Wolfenbuttelano
1663 1634 1890 1700 codice
1934 1634 2275 1699 consentit.
2364 1632 2645 1720 denique
2687 1632 2942 1730 Fride-v

330 1735 501 1799 ricus
558 1734 1045 1801 Lindemannus
1104 1736 1267 1802 illud
1323 1737 1405 1801 de
1449 1759 1577 1824 quo
1634 1737 1792 1803 olim
1836 1736 2288 1822 Heusingerus
2337 1735 2801 1823 desperaverat
2843 1735 2911 1798 in

330 1860 398 1901 se
453 1838 762 1924 suscepit.
852 1840 908 1902 is
964 1839 1138 1903 enim
1192 1838 1574 1903 Ruhnkenii
1631 1838 2008 1926 apographo
2065 1838 2428 1925 descripto,
2496 1860 2648 1902 mox
2715 1838 2912 1902 etiam

329 1939 941 2006 Wolfenbuttelano
996 1941 1221 2007 codice
1279 1940 1609 2024 adhibito,
1664 1942 1912 2028 primus
1970 1940 2211 2005 librum
2268 1939 2478 2005 edidit
2531 1938 2798 2026 Lipsiae
2854 1963 2911 2004 a.

334 2042 514 2106 1820.
574 2053 936 2106 extremam
989 2053 1205 2108 autem
1263 2043 1416 2109 libri
1471 2053 1756 2129 partem,
1815 2066 1981 2129 quae
2026 2043 2095 2106 in
2138 2040 2249 2106 illo
2297 2041 2520 2107 codice
2566 2041 2782 2123 deest,
2830 2065 2913 2106 ex

328 2143 727 2209 Santeniano
773 2145 997 2211 codice
1043 2145 1295 2210 adiecit.
1386 2145 1503 2210 sed
1548 2168 1694 2209 cum
1735 2167 1863 2209 uno
1920 2144 2143 2210 codice
2189 2167 2392 2230 eoque
2438 2143 2632 2209 valde
2675 2145 2912 2208 vitiose

328 2246 571 2333 scripto
616 2255 909 2312 uteretur
953 2256 1145 2334 atque
1189 2247 1360 2312 hunc
1403 2249 1620 2334 ipsum
1662 2246 2081 2332 neglegenter
2120 2247 2546 2332 exprimeret,
2595 2245 2736 2308 fieri
2781 2269 2911 2311 non

328 2349 542 2434 potuit
585 2351 742 2435 quin
786 2350 1277 2436 corruptissima
1322 2350 1628 2414 evaderet
1671 2349 1906 2429 editio,
1965 2349 2138 2435 quod
2182 2346 2375 2412 facile
2418 2357 2574 2434 puto
2620 2346 2910 2431 intellegi

327 2474 541 2537 posse,
591 2450 797 2538 siquis
842 2451 1010 2517 hanc
1054 2449 1328 2516 alteram
1370 2451 1722 2517 editionem
1764 2473 1912 2515 cum
1941 2450 2374 2516 Lindemanni
2422 2448 2718 2536 exemplo
2764 2471 2910 2513 con-

324 2553 686 2640 paraverit.
2829 2609 2830 2612 ,

492 2655 731 2720 Restat
782 2664 856 2719 ut
911 2655 994 2720 de
1047 2657 1190 2743 ipso
1244 2656 1412 2723 libro
1469 2679 1659 2744 quem
1714 2656 2034 2721 edidimus
2096 2677 2304 2743 pauca
2359 2654 2673 2719 dicamuS.
2762 2666 2911 2719 ante

328 2758 545 2824 omnia
590 2756 791 2842 igitur
835 2757 1174 2849 sciendum
1219 2769 1340 2841 est,
1388 2759 1558 2825 sicut
1602 2758 1682 2824 de
1714 2758 2014 2826 Cledonii
2059 2771 2193 2823 arte
2239 2757 2550 2839 diximus,
2597 2756 2692 2822 ita
2722 2757 2909 2822 Pom-

328 2860 454 2947 peii
498 2882 757 2946 quoque
801 2859 1041 2925 librum
1100 2861 1337 2928 scholis
1384 2862 1783 2927 destinatum
1827 2861 1933 2927 vel
1978 2864 2195 2950 potius
2243 2884 2326 2925 ex
2372 2883 2495 2924 usu
2541 2857 2910 2923 scholarum

328 2962 693 3048 profectum
738 2985 902 3028 esse.
962 2986 1112 3027 nam
1157 2985 1287 3030 non
1330 2963 1541 3030 solum
1588 2987 1936 3051 puerorum
1966 2963 2354 3052 aliquotiens
2400 2984 2442 3026 a
2484 2961 2910 3046 grammatico

326 3066 567 3129 mentio
615 3063 791 3129 facta
834 3077 966 3144 est,
1023 3088 1087 3153 p.
1136 3066 1216 3130 79
1259 3088 1334 3131 ne
1375 3080 1536 3131 erret
1572 3089 1751 3148 puer,
1799 3090 1862 3154 p.
1910 3067 1995 3131 90
2037 3077 2101 3129 ut
2136 3072 2324 3145 possit
2355 3086 2511 3143 puer
2553 3070 2909 3141 intelleyere,

328 3189 388 3252 p.
426 3167 546 3231 103
590 3178 650 3230 et
665 3188 827 3247 puer
855 3172 1034 3241 dicat,
1081 3179 1148 3234 et
1192 3166 1749 3251 scholasticorum,
1796 3192 1860 3256 p.
1891 3170 2012 3233 441
2054 3177 2405 3249 plerumque
2441 3178 2690 3245 propter
2731 3174 2909 3229 clau—

324 3276 489 3332 sulas
525 3272 776 3345 faciunt
817 3274 928 3334 hoc
968 3275 1324 3344 scholastici,
1372 3295 1434 3357 p.
1466 3272 1589 3336 477
1621 3277 2070 3336 charientismos
2113 3275 2333 3334 dicitur
2376 3280 2578 3347 tropus
2623 3276 2730 3347 qui
2770 3291 2913 3331 ver-

325 3382 496 3435 satur
523 3377 704 3435 etiam
735 3376 905 3451 apud
941 3378 1316 3438 scholasticos
1352 3378 1868 3453 frequentissime:
1913 3373 2029 3443 sed
2061 3373 2256 3438 etiam
2289 3394 2405 3458 per
2436 3379 2639 3435 totum
2671 3370 2910 3436 librum

328 3495 402 3538 ea
456 3484 561 3539 est
617 3496 832 3538 rerum
886 3474 1377 3540 tractandarum
1433 3476 1602 3540 ratio
1616 3524 1635 3556 ,
1680 3491 1755 3541 ut
1802 3475 2020 3541 omnia
2074 3475 2264 3561 quasi
2308 3495 2527 3539 coram
2574 3472 2908 3559 discipulis

327 3599 367 3640 a
406 3586 832 3662 praeceptore
885 3576 995 3663 agi
1041 3577 1407 3642 videantur.
1496 3600 1578 3642 ex
1622 3578 1744 3643 hoc
1788 3600 2024 3663 genere
2071 3585 2227 3641 sunt
2269 3597 2415 3639 cum
2460 3573 2910 3640 adlocutiones

325 3676 926 3765 frequentissimae,
984 3680 1221 3765 quibus
1278 3689 1629 3766 praecepta
1670 3679 2111 3745 commendari
2166 3676 2405 3754 solent,
2439 3687 2622 3756 puta,
2669 3698 2910 3756 quaere,

324 3787 550 3859 colliqe,
602 3786 938 3854 considera,
983 3789 1138 3846 scire
1179 3787 1379 3854 debes,
1427 3804 1542 3846 non
1576 3795 1749 3862 potes
1794 3789 2074 3854 invenire,
2120 3802 2194 3844 nc
2240 3786 2411 3844 dicos
2454 3785 2625 3850 mihi,
2674 3785 2912 3843 ostende

324 3889 494 3956 mihi,
542 3888 632 3946 da
673 3887 820 3946 mihi
857 3889 1263 3958 elocutionem,
1309 3906 1418 3963 eqo
1460 3889 1564 3948 tibi
1604 3890 1737 3949 dico
1783 3897 1844 3948 tu
1887 3890 2034 3948 mihi
2074 3889 2249 3954 dicis,
2298 3887 2404 3947 tibi
2443 3887 2712 3954 ostenda,
2759 3887 2914 3945 illud

324 3998 523 4049 tenere
568 3989 817 4058 debetis,
876 3997 1011 4051 tum
1068 3987 1613 4073 interrogationes
1672 3998 1739 4051 et
1782 3988 2237 4074 responsiones
2282 3983 2384 4047 his
2429 3983 2566 4048 fere
2611 3974 2908 4050 formulis

326 4087 666 4169 inductae,
712 4108 930 4165 quare,
977 4109 1092 4168 quo
1134 4094 1334 4162 modo,
1381 4110 1501 4168 qua
1545 4095 1777 4153 ratione
1807 4086 1913 4153 vel
1942 4110 2060 4167 qua
2105 4094 2337 4150 ratione
2378 4091 2488 4149 hoc
2532 4092 2691 4159 dixi,
2739 4108 2908 4165 quem

324 4194 408 4252 ad
434 4194 675 4253 modum
713 4196 785 4265 fit
809 4241 823 4263 ,
881 4195 1040 4254 unde
1082 4196 1192 4255 hoc
1224 4195 1481 4270 probas,
1538 4195 1700 4256 unde
1742 4195 2101 4271 probamuS,
2160 4194 2317 4253 unde
2360 4196 2777 4267 inlelleqimus,
2825 4196 2910 4252 vis

322 4299 475 4356 scire
530 4294 645 4354 hoc
688 4311 889 4354 verum
943 4315 1094 4369 esse,
1151 4298 1467 4372 numquid,
1530 4299 1677 4372 quid
1716 4302 1796 4366 si,
1841 4299 2000 4372 siqui
2038 4305 2092 4356 te
2134 4298 2609 4370 interrogaverit.
2684 4290 2909 4354 eodem

321 4393 658 4479 pertinent
710 4414 878 4479 quae
933 4394 1013 4458 de
1071 4394 1248 4459 iusta
1302 4394 1746 4479 interrogandi
1803 4406 1868 4460 et
1921 4394 2356 4481 respondendi
2412 4393 2663 4457 ratione
2726 4414 2908 4478 prae-

322 4508 518 4581 cepta
562 4505 722 4558 sunt
771 4517 837 4580 p.
886 4495 1006 4560 103
1064 4506 1129 4560 et
1182 4490 1346 4582 quae
1398 4495 1468 4559 in
1512 4497 2002 4583 quaestionibus
2048 4518 2225 4561 more
2269 4494 2634 4560 scholarum
2678 4516 2908 4579 propo-

321 4596 553 4661 nendis
612 4604 680 4659 et
734 4593 1062 4661 solvendis
1120 4607 1500 4680 versantur,
1557 4608 1632 4663 ut
1683 4622 1746 4684 p.
1800 4598 1920 4663 184
1975 4602 2376 4678 quaerebatur
2431 4600 2668 4661 Pascha
2740 4603 2910 4659 cuius

318 4709 470 4762 esset
511 4703 776 4768 numeri,
823 4721 886 4785 p.
941 4699 1059 4762 190
1101 4705 1427 4777 qetaesitum
1471 4711 1583 4772 est,
1639 4704 1915 4776 familias
1957 4707 2062 4778 qui
2101 4722 2276 4763 casus
2318 4710 2429 4771 est,
2477 4722 2540 4785 p.
2587 4698 2714 4762 315
2757 4704 2912 4762 illud

320 4805 661 4878 quaesitum
704 4812 816 4874 est,
864 4809 1057 4864 utrum
1099 4821 1410 4881 possumus
1454 4805 1653 4864 dicere
1694 4821 1835 4865 cras
1879 4804 2012 4864 dico
2030 4852 2043 4875 ,
2091 4824 2154 4887 p.
2200 4801 2325 4864 246
2369 4821 2510 4864 nam
2543 4811 2739 4880 polest
2781 4806 2905 4863 ali—
