3541 5564
573 370 698 435 548
1716 372 1993 454 [Aseni]

623 493 667 534 p.
697 482 895 521 1⁷25-27
923 481 966 520 Ρ.
2784 494 2825 535 p.
2853 483 2943 522 309.
2976 485 3024 522 10
3056 480 3102 521 L.

575 581 642 630 x,
692 564 850 622 aliae
894 569 1110 630 mutae,
1160 580 1366 622 novem
1415 561 1450 621 h
1496 581 1528 620 c
1574 562 1609 620 d
1655 579 1691 638 g
1737 562 1777 621 h
1821 562 1857 621 k
1904 581 1942 641 p
1987 582 2024 641 q
2072 568 2113 621 t.
2204 565 2346 622 item
2392 563 2431 622 h
2476 564 2537 621 in
2584 579 2786 621 earum
2834 579 3164 620 numerum

574 647 885 724 redigitur,
933 647 1168 726 quando
1213 666 1328 708 non
1375 649 1785 725 aspirationis,
1845 648 1948 706 sed
1993 647 2227 707 litterae
2271 648 2399 707 loco
2445 650 2704 726 ponitur.
2794 647 2991 705 littera
3040 649 3159 705 tri-

574 732 686 792 bus
731 732 917 792 modis
961 733 1340 808 intelligitur,
1389 734 1624 792 nomine
1655 751 1772 811 quo
1803 733 2188 802 enunciatur,
2237 739 2524 812 potestate
2571 751 2688 812 qua
2734 731 2914 801 valet,
2959 733 3160 809 figura

573 836 687 898 qua
732 817 1018 878 scribitur
1063 826 1149 886 et,
1197 823 1261 877 ut
1305 816 1439 886 alii,
1487 817 1694 878 ordine
1740 836 1858 897 quo
1902 824 2152 878 constat.

1620 986 1718 1048 DE
1765 986 2099 1047 SYLLABA
3186 1003 3216 1042 5

744 1107 976 1186 Syllaba
1022 1114 1112 1165 est
1158 1106 1488 1166 litterarum
1521 1107 1679 1165 inter
1708 1126 1770 1166 se
1804 1108 2144 1166 coeuntium
2191 1126 2304 1166 una
2352 1109 2625 1166 iunctura
2674 1106 2763 1165 vel
2810 1107 3158 1164 enunciatio

573 1193 906 1252 litterarum
954 1211 1085 1251 cum
1133 1191 1461 1251 adiectione
1506 1194 1813 1269 temporis
1904 1191 2122 1270 syllaba
2170 1199 2365 1251 autem
2412 1194 2539 1250 sine
2587 1190 2767 1250 vocali
2814 1191 3010 1250 littera
3056 1190 3154 1249 vel

575 1279 790 1338 litteris
835 1297 950 1337 non
999 1282 1194 1354 potest
1238 1277 1386 1335 fieri.
1475 1276 1851 1359 syllabalrum
1905 1277 2057 1336 aliae
2114 1277 2354 1353 longae,
2414 1276 2563 1335 aliae
2624 1275 2852 1334 breves,
2942 1275 3155 1350 longae

575 1372 676 1422 aut
729 1368 936 1422 natura
994 1363 1141 1421 liunt
1194 1368 1293 1420 ant
1351 1363 1642 1439 positione
1705 1371 1765 1421 et
1820 1361 2041 1421 habent
2098 1361 2235 1421 bina
2294 1369 2579 1440 tempora.
2669 1367 2876 1420 natura
2923 1359 3158 1420 duobus

575 1448 766 1507 modis
813 1447 1190 1522 intelligitur,
1237 1465 1373 1505 cum
1417 1446 1634 1506 vocalis
1682 1445 1705 1526 ΙΙ
1755 1465 1863 1526 per
1908 1466 1970 1507 se
2016 1446 2186 1524 longa
2232 1453 2352 1514 est,
2401 1453 2500 1506 aut
2545 1464 2678 1505 cum
2724 1445 2956 1504 vocales
3002 1445 3157 1504 duae
3194 1459 3249 1494 ιο

574 1535 730 1592 inter
775 1551 836 1590 se
882 1534 1116 1591 iunctae
1161 1531 1598 1610 producuntur,
1658 1539 1724 1591 ut
1767 1551 1857 1591 ae.
1946 1531 2236 1610 positione
2283 1532 2488 1608 longae
2535 1530 2791 1610 syllabae
2837 1531 2985 1589 liunt
3030 1549 3157 1588 mo-

575 1618 667 1676 dis
723 1626 883 1676 octo:
942 1618 1136 1695 primo
1190 1616 1397 1685 modo,
1455 1618 1687 1694 quoties
1741 1617 1955 1676 desinit
2011 1619 2071 1676 in
2129 1623 2549 1675 consonantem
2607 1623 2667 1674 et
2720 1616 3019 1693 excipitur
3080 1614 3157 1673 ab

537 1701 762 1762 *altera
808 1708 1201 1769 consonante,
1250 1708 1312 1761 ut
1359 1705 1592 1760 ‘arma
1639 1704 2024 1780 virumque
2071 1703 2308 1761 cano’.
2384 1720 2450 1761 ar
2494 1701 2652 1760 enim
2701 1708 2909 1764 natura
2956 1698 3161 1758 brevis

575 1796 693 1856 est,
743 1795 936 1846 tamen
983 1788 1274 1865 positione
1320 1788 1386 1846 lit
1428 1786 1630 1864 longa,
1677 1789 1817 1865 quia
1863 1787 2080 1846 desinit
2110 1788 2172 1845 in
2215 1791 2636 1845 consonantem
2681 1804 2711 1843 r
2755 1794 2816 1844 et
2860 1785 3160 1862 excipitur

575 1892 607 1932 a
653 1882 1013 1931 consonante
1071 1890 1159 1931 m:
1217 1872 1298 1931 ita
1357 1882 1516 1931 arma
1577 1873 1631 1930 vi
1689 1872 1984 1950 dactyluS,
2045 1873 2144 1950 qui
2204 1878 2433 1931 constat
2488 1888 2558 1929 ex
2604 1870 2777 1946 longa
2824 1878 2883 1929 et
2928 1869 3161 1929 duabus
3196 1883 3249 1919 15

577 1956 877 2017 brevibus
956 1955 1216 2016 secundo
1261 1955 1433 2016 modo
1477 1957 1542 2015 lit
1584 1955 1758 2034 longa
1805 1955 2057 2034 syllaba,
2105 1958 2339 2035 quoties
2383 1956 2601 2016 desinit
2644 1956 2706 2014 in
2752 1955 2899 2014 duas
2945 1973 3156 2013 conso-

573 2049 817 2109 nantes,
876 2049 941 2100 ut
996 2045 1149 2100 ‘ast
1193 2060 1360 2118 ego,
1406 2060 1592 2121 quae
1652 2041 1903 2101 divum
1961 2040 2225 2101 incedo
2283 2043 2541 2118 regina
2596 2040 2999 2118 Iovisque'.
3067 2047 3163 2098 ast

574 2129 732 2187 enim
779 2128 1072 2204 positione
1117 2126 1290 2202 longa
1337 2132 1456 2195 est,
1504 2128 1641 2204 quia
1688 2127 1911 2186 desinit
1957 2129 2016 2185 in
2064 2147 2092 2186 s
2136 2134 2196 2186 et
2240 2134 2263 2185 t
2307 2125 2508 2186 ambas
2555 2132 2967 2184 consonantes,
3035 2132 3157 2183 ter-

575 2214 657 2271 tio
715 2212 887 2272 inodo
942 2211 1114 2286 longa
1170 2210 1395 2290 syllaba
1452 2218 1543 2270 est
1597 2213 1921 2289 positione,
1979 2213 2210 2289 quoties
2255 2213 2550 2290 excipitur
2595 2230 2627 2270 a
2674 2208 2903 2282 duabus
2948 2228 3156 2268 conso-

575 2296 886 2365 nantibuS,
937 2302 1000 2357 ut
1046 2295 1388 2355 ‘Atrides
1435 2294 1712 2366 Proti';
1762 2316 1895 2356 nam
1928 2299 2042 2356 etsi
2074 2316 2105 2356 a
2138 2305 2411 2376 correpta
2443 2305 2567 2364 est,
2616 2302 2810 2354 tamen
2856 2296 3157 2373 positione
3190 2309 3249 2347 20

571 2385 639 2442 lit
682 2383 881 2458 longa,
929 2383 1066 2460 quia
1115 2388 1444 2459 sequnntur
1487 2389 1512 2439 t
1555 2389 1616 2440 et
1660 2400 1718 2441 r:
1766 2389 1978 2460 quarto
2024 2381 2228 2451 modo,
2276 2383 2511 2461 quoties
2558 2380 2780 2439 desinit
2825 2379 3045 2458 syllaba
3096 2380 3156 2438 in

573 2467 867 2546 duplicem
922 2466 1207 2534 litteram,
1265 2473 1331 2525 ut
1386 2467 1507 2525 ‘ex
1564 2465 1697 2526 illo
1755 2466 2203 2526 celebratus
2257 2467 2556 2526 lionor':
2621 2467 2860 2544 quinto,
2921 2466 3159 2543 quoties

573 2551 794 2631 syllaba
852 2553 1147 2629 excipitur
1204 2571 1235 2610 a
1301 2551 1522 2629 duplici
1588 2551 1812 2619 littera,
1883 2558 1947 2610 ut
2000 2551 2483 2611 ‘exulibusue
2540 2551 2759 2610 datur
2821 2548 3156 2608 ducenda

573 2637 881 2696 Lavinia
937 2635 1324 2695 Teneris’:
1381 2643 1580 2705 sexto,
1640 2638 1875 2716 quotics
1932 2638 2226 2714 excipitur
2281 2656 2313 2696 a
2368 2635 2553 2694 vocali
2600 2636 2981 2694 consonantis
3025 2634 3158 2693 loco

574 2723 796 2801 posita,
871 2728 938 2780 ut
1008 2722 1114 2780 ‘at
1185 2739 1358 2779 vero
1432 2722 1816 2797 ingentem
1890 2724 2240 2801 quatiens
2311 2721 2730 2780 Mezentius
2802 2720 3156 2779 hastam':
3190 2735 3248 2772 25

573 2809 855 2886 septimo,
913 2808 1147 2885 quoties
1202 2806 1414 2866 desinit
1470 2805 1696 2884 syllaba·
1745 2809 1805 2866 iu
1864 2807 2121 2867 vocalem
2178 2807 2306 2866 loco
2365 2807 2742 2866 consonantis
2800 2807 3049 2883 positam
3099 2812 3162 2863 et

574 2893 869 2969 excipitur
934 2912 964 2949 a
1033 2898 1422 2959 consonante,
1492 2900 1555 2950 ut
1612 2892 1997 2951 ‘audieras
2054 2900 2125 2951 et
2180 2894 2365 2951 sama
2424 2892 2631 2950 fuit’:
2702 2898 2904 2950 octavo
2960 2890 3156 2958 modo,

573 2978 807 3056 quoties
853 2976 1076 3055 syllaba
1121 2978 1413 3056 excipitur
1459 2996 1489 3035 a
1536 2977 1719 3036 vocali
1775 2979 2154 3036 consonantis
2199 2976 2326 3035 loco
2372 2976 2588 3056 posita,
2639 2982 2703 3034 ut
2748 2974 3158 3053 ‘Troiaque

575 3081 763 3121 nunc
808 3068 1051 3120 stares
1097 3060 1521 3138 Priamique
1567 3081 1696 3120 arx
1742 3061 1897 3120 alta
1953 3063 2346 3121 maneres'.
2438 3060 2650 3120 breves
2693 3069 2831 3120 sunt
2875 3059 3156 3138 syllabae,

578 3165 727 3226 quae
777 3146 963 3205 vocali
1010 3155 1285 3225 correpta
1334 3146 1665 3206 efferuntur
1712 3154 1772 3206 et
1814 3146 2038 3207 habent
2079 3154 2346 3226 tempora
2393 3145 2642 3223 singula.
3186 3152 3245 3190 3⁰

1623 3314 1721 3375 DE
1766 3315 2085 3412 PIssuBVS

743 3451 932 3511 Pedes
987 3449 1289 3528 simplices
1342 3460 1480 3511 sunt
1536 3450 1879 3512 duodecim:
1942 3452 2246 3531 bisyllabi,
2294 3452 2405 3512 hoc
2450 3459 2541 3511 est
2584 3451 2858 3511 binarum
2904 3449 3156 3528 syllaba-

575 3555 735 3608 rum,
796 3543 1078 3614 quatuor,
1142 3532 1166 3611 ΙΙ
1227 3536 1566 3615 pariambus
1622 3537 1921 3616 spondeus
1977 3537 2210 3598 iambus
2256 3538 2583 3597 trochaeus.
2675 3535 2996 3613 trisyllabi,
3045 3535 3159 3594 hoc

573 3629 665 3681 est
709 3629 1013 3681 ternarum
1059 3619 1444 3699 syllabarum,
1493 3629 1655 3691 octo,
1702 3629 2055 3702 anapaestus
2101 3622 2364 3703 dactylus
2411 3619 2892 3701 brachysyllabus
2935 3620 3155 3680 molos-

749 3893 776 3943 1
818 3892 948 3942 aliae
985 3901 1104 3943 ante
1137 3899 1306 3942 mutae
1340 3908 1431 3943 om.
1479 3896 1531 3944 V
1541 3895 1633 3951 G5
1811 3892 2015 3962 novem]
2058 3895 2179 3943 VIII
2215 3908 2248 3950 5
2420 3893 2453 3942 h
2487 3894 2665 3957 priore
2699 3894 2806 3942 loco
2841 3907 2932 3944 om.
2972 3892 3016 3941 G

573 3976 780 4012 numero
821 3964 876 4012 V
1048 3966 1080 4012 2
1119 3963 1311 4025 regitur
1356 3966 1408 4014 V
1420 3965 1462 4014 G
1636 3966 1668 4012 4
1714 3973 1763 4013 et
1801 3972 1854 4012 ut
1890 3964 1976 4014 alii
2014 3964 2191 4013 ordine
2224 3981 2321 4027 quo
2366 3972 2559 4013 constat
2593 3965 2645 4013 V
2676 3972 2732 4011 ut
2768 3962 2855 4011 alii
2891 3972 2940 4010 et
2977 3963 3158 4011 ordine

572 4041 769 4083 constat
809 4034 867 4093 G,
901 4049 992 4082 om.
1032 4045 1065 4087 ς
1169 4034 1202 4084 6
1238 4034 1519 4083 enunciatio
1558 4034 1730 4085 literae
1765 4035 1959 4083 uocalis
1995 4032 2127 4097 (tum
2164 4036 2287 4089 add.
2329 4035 2395 4097 G)
2432 4034 2753 4082 adiunctione
2787 4034 3032 4096 temporis
3065 4032 3157 4087 G5

706 4101 742 4152 9
772 4102 918 4167 flunt]
957 4111 1073 4151 sunt
1105 4116 1138 4158 ς
1257 4103 1321 4153 10
1357 4104 1654 4169 intelligitur
1689 4105 1834 4153 euius
1870 4104 2065 4153 uocalis
2105 4119 2197 4169 per
2233 4120 2287 4154 se
2326 4104 2479 4168 longa
2510 4114 2586 4152 est
2623 4111 2709 4151 aut
2744 4118 2855 4151 eum
2885 4103 3157 4152 uocalesue

571 4173 701 4221 inter
750 4188 805 4221 se
845 4174 1046 4222 iunctae
1085 4172 1432 4238 producuntur
1467 4175 1510 4225 G
1545 4174 1846 4239 intelligitur
1886 4184 1973 4223 aut
2011 4190 2124 4222 cum
2163 4174 2353 4223 uocalis
2389 4186 2479 4239 per
2524 4188 2579 4221 se
2618 4174 2773 4237 longa
2810 4182 2888 4222 est
2923 4183 3009 4221 ant
3039 4189 3155 4222 cum

572 4243 764 4307 uocalis
796 4244 960 4293 uoeali
995 4244 1126 4291 inter
1162 4258 1216 4291 se
1250 4245 1450 4292 iunctae
1487 4245 1775 4309 producunt
1812 4256 1845 4298 ς
1882 4242 2178 4309 intelligitur
2224 4260 2335 4293 eum
2370 4243 2574 4293 uocales
2610 4244 2740 4293 inter
2773 4258 2829 4291 se
2866 4244 3156 4307 producun-

571 4325 653 4361 tur
697 4315 752 4363 V
888 4314 952 4364 13
987 4327 1043 4361 ar
1084 4313 1218 4361 enim
1257 4314 1448 4381 syllaba
1483 4315 1737 4379 positione
1770 4314 1824 4360 fit
1856 4314 2007 4377 longa
2033 4329 2066 4370 ς
2170 4311 2368 4380 natura]
2414 4330 2527 4362 cum
2558 4316 2601 4364 G
2743 4313 2808 4361 14
2844 4328 2870 4360 ι·
2904 4314 3157 4378 excipitur

579 4384 631 4432 V
767 4383 831 4433 15
867 4383 936 4431 ita
972 4392 1020 4432 et
1058 4398 1197 4431 arma
1236 4384 1325 4441 ὃς
1468 4384 1532 4433 17
1569 4381 1668 4447 ast]
1707 4384 1866 4448 Ver-9.
1903 4383 2035 4435 Aen,
2075 4384 2095 4431 1
2133 4384 2202 4433 46
2340 4385 2521 4449 regina
2557 4384 2791 4446 Iovisque
2828 4398 2919 4435 om.
2959 4383 3054 4439 (ἴς

575 4451 639 4503 18
663 4454 915 4517 positione
950 4461 1028 4501 est
1071 4454 1126 4503 V
1257 4454 1326 4503 20
1356 4453 1583 4519 Atrides]
1629 4455 1792 4520 Very.
1830 4454 1958 4503 Aen.
1997 4452 2065 4501 XI
2100 4452 2201 4504 262
2305 4455 2441 4503 Proti
2477 4470 2568 4506 om.
2618 4454 2670 4501 V
2677 4468 2710 4509 5
2813 4467 2929 4501 nam
2966 4453 3011 4500 si
3057 4453 3160 4503 VG

710 4524 776 4571 22
814 4538 879 4571 ex
911 4520 1020 4589 illo]
1073 4525 1230 4588 Vera.
1260 4525 1390 4577 Aen.
1430 4523 1545 4573 VIII
1583 4524 1685 4574 268
1826 4523 1988 4575 honos
2022 4538 2055 4579 5
2218 4523 2285 4573 23
2323 4521 2642 4587 exulibusue]
2694 4524 2852 4586 Vero.
2893 4522 3023 4572 Aen.
3062 4525 3156 4572 VII

569 4591 671 4642 359
810 4594 878 4641 24
913 4593 1110 4642 lauinea
1143 4594 1186 4644 G
1324 4594 1530 4644 Teucris
1564 4609 1657 4644 om.
1708 4594 1759 4643 V
1774 4594 1818 4644 G
1958 4595 2026 4643 25
2065 4602 2116 4641 at
2149 4591 2287 4660 vero]
2331 4594 2487 4658 Very.
2530 4593 2659 4652 Aeo.
2702 4591 2750 4640 X
2788 4592 2890 4644 762
3032 4609 3157 4657 qua—

569 4658 720 4728 tiens]
760 4663 990 4724 quotiens
1034 4665 1085 4713 V
1097 4663 1140 4712 G
1280 4664 1347 4714 26
1385 4672 1433 4712 et
1469 4679 1562 4717 om.
1606 4664 1649 4713 G
1790 4665 1855 4713 27
1888 4661 2145 4728 audieras]
2187 4665 2342 4728 Very.
2373 4662 2534 4713 bucol.
2565 4664 2614 4721 9,
2648 4663 2707 4712 11
2855 4663 2925 4713 28
2961 4663 3159 4726 syllaba

571 4746 600 4780 a
649 4732 815 4781 uocali
861 4733 1115 4797 excipitur
1162 4733 1488 4784 consonantis
1537 4733 1647 4783 loco
1694 4734 1862 4798 posita
1899 4745 1932 4787 5
1980 4735 2232 4799 excipitur
2276 4732 2474 4796 syllaba
2509 4749 2538 4781 a
2574 4730 2740 4782 nocali
2787 4733 3071 4797 composita
3106 4734 3166 4783 V

566 4800 766 4861 ‚syllaba
802 4816 832 4849 a
870 4802 1032 4851 nocali
1071 4804 1179 4851 loeo
1218 4804 1383 4868 posita
1420 4804 1464 4852 G
1603 4801 1878 4868 Troiaque]
1931 4806 2088 4867 Ver-9.
2131 4807 2263 4853 Aen.
2303 4804 2344 4852 11
2383 4803 2450 4854 56
2590 4801 2657 4851 29
2710 4811 2935 4852 maneret
2971 4802 3015 4851 G

570 4869 638 4931 333
675 4869 990 4937 pat-iambus]
1034 4870 1321 4937 pyrrichius
1361 4886 1394 4929 5
1534 4873 1782 4936 spondius
1835 4874 1890 4922 V
2023 4873 2246 4923 trochius
2298 4873 2357 4922 V
2491 4873 2558 4924 34
2606 4872 2852 4921 trinamm
2902 4873 2947 4923 G
