3541 5564
1592 361 1734 422 ARS
2829 354 2951 420 387

438 489 474 517 e.
501 474 615 516 2-4.
2651 482 2695 525 p.
2725 468 2827 510 3—5
2852 466 2902 508 B.

389 554 677 635 plasmuS,
725 559 1007 633 quantum
1055 571 1163 631 ego
1210 554 1430 621 sentio,
1480 553 1593 613 etsi
1637 571 1754 613 non
1798 553 1953 613 sorte
1999 551 2304 621 omnibuS,
2362 552 2709 631 plerumque
2755 558 2954 613 tamen

390 658 577 718 isdem
622 656 813 717 modis
858 658 1082 725 evenit,
1142 655 1360 735 quibus
1415 663 1472 715 et
1519 653 1942 716 barbarismus.
2033 674 2169 715 nam
2213 663 2277 715 ut
2320 657 2658 716 omittamus
2702 655 2953 715 diversi-

391 767 541 821 tates
584 761 959 838 superiorum
1004 759 1442 827 definitionum,
1503 766 1620 819 tam
1666 757 2026 819 barbarismi
2071 776 2245 837 quam
2292 759 2657 837 metaplasmi
2704 759 2953 837 primam

391 864 539 925 hanc
594 863 999 923 definitionem
1056 860 1301 931 habent,
1361 861 1516 941 quod
1573 863 1720 921 liunt
1763 860 1854 920 vel
1900 863 2305 922 enuntiatione
2351 861 2441 921 vel
2487 863 2728 941 scripto.
2817 879 2954 939 pec-

337 983 362 1019 5
390 984 592 1027 camus
636 965 796 1024 enim
842 972 942 1024 aut
983 963 1132 1024 male
1165 964 1555 1032 enuntiando,
1603 964 1663 1024 id
1709 970 1800 1023 est
1844 965 2050 1025 vitiose
2096 964 2420 1043 loquendo,
2467 971 2567 1024 aut
2613 964 2760 1024 male
2807 966 2954 1024 scri-

351 1068 612 1137 'bendo‚
679 1066 739 1127 id
806 1073 894 1125 est
949 1073 1228 1145 corrupte
1295 1073 1356 1126 et
1411 1064 1648 1145 oblique
1706 1066 2041 1127 litterarum
2109 1069 2326 1127 seriem
2392 1066 2774 1127 conectendO.
2863 1066 2957 1126 his

389 1169 620 1231 duobus
675 1169 864 1230 modis
917 1174 1240 1249 quaternae
1298 1172 1531 1249 species
1587 1168 2046 1246 subiunguntur.
2135 1188 2270 1230 nam
2328 1176 2427 1229 aut
2482 1169 2813 1229 adiectione
2859 1175 2958 1229 aut

389 1273 753 1334 detractione
802 1278 901 1331 aut
946 1273 1350 1332 immutatione
1398 1278 1498 1332 aut
1541 1273 2030 1332 transmutatione
2076 1292 2108 1332 a
2154 1274 2306 1334 iusta
2340 1280 2399 1333 et
2429 1271 2627 1333 debita
2667 1273 2959 1332 sermonis

389 1374 594 1452 regula
639 1373 994 1434 recedimus
1085 1394 1193 1453 per
1246 1373 1392 1435 haec
1450 1381 1757 1454 quattuor,
1817 1393 1966 1453 quae
2023 1374 2093 1435 ad
2152 1374 2587 1437 barbarismum
2635 1376 2955 1454 pertinent,

315 1495 363 1533 10
391 1475 802 1538 indubitanter
845 1478 1023 1555 quina
1081 1470 1091 1558 1
1143 1477 1484 1537 decurrunt.
1575 1495 1709 1538 nam
1756 1477 2010 1537 adiectio
2056 1477 2345 1538 detractio
2388 1478 2721 1538 immutatio
2767 1484 2957 1538 trans-

389 1581 634 1640 mutatio
679 1578 769 1638 vel
815 1579 876 1638 in
919 1579 1120 1640 littera
1167 1580 1230 1641 fit
1276 1579 1363 1639 vel
1410 1581 1470 1639 in
1517 1578 1736 1659 syllaba
1782 1580 1873 1640 vel
1916 1581 1979 1639 in
2024 1587 2289 1660 tempore
2335 1579 2426 1640 vel
2470 1581 2533 1641 in
2579 1586 2826 1641 accentu
2869 1579 2960 1639 vel

389 1684 450 1742 in
496 1682 877 1762 aspiratione.

558 1783 728 1844 Nunc
774 1790 1133 1863 oportunum
1178 1790 1237 1844 et
1280 1786 1699 1863 tempestivum
1743 1791 1830 1844 est
1874 1792 1955 1854 ut,
2003 1803 2152 1864 quae
2198 1787 2276 1846 sit
2321 1787 2477 1845 inter
2522 1784 2959 1845 barbarismum
3038 1812 3053 1824 ·

391 1894 450 1946 et
495 1886 938 1965 metaplasmum
984 1887 1289 1955 distantia,
1352 1887 1836 1966 praeloquamur,
1895 1890 2236 1967 priusquam
2284 1888 2355 1947 de
2402 1888 2651 1965 singulis
2696 1859 2963 1966 exempla

316 2004 364 2043 ιε»
391 1988 920 2049 accommodemus.
1013 1996 1149 2049 tunc
1206 1991 1365 2061 enim
1422 1989 1654 2049 facilius
1698 1991 1826 2067 ipsa
1872 1990 2136 2069 exempla
2182 1989 2252 2051 ad
2299 2007 2510 2050 sensus
2553 1997 2786 2050 nostros
2830 2008 2961 2051 sua-

393 2093 544 2152 viter
589 2090 1014 2170 penetrabunt,
1062 2094 1111 2151 si
1158 2093 1247 2151 vis
1292 2092 1606 2152 distantiae
1644 2094 1814 2170 prius
1857 2094 2043 2153 suerit
2086 2094 2375 2153 intimata.
2438 2111 2581 2170 ergo
2626 2095 2783 2152 inter
2829 2092 2961 2153 bar-

393 2194 718 2254 barismum
773 2199 833 2252 et
889 2193 1333 2272 metaplasmum
1389 2193 1500 2253 hoc
1557 2196 1839 2263 interest,
1896 2196 2053 2274 quod
2101 2194 2511 2257 barbarismus
2558 2199 2616 2256 in
2662 2197 2961 2256 communi

390 2314 692 2364 sermone,
742 2295 1157 2375 metaplasmus
1199 2299 1260 2356 in
1307 2305 1576 2375 poemate
1623 2303 1741 2366 est;
1791 2298 1933 2357 item
1977 2297 2133 2377 quod
2180 2297 2587 2358 barbarismus
2631 2300 2782 2358 citra
2827 2316 2962 2359 auc-

391 2400 686 2458 toritatem
733 2397 1007 2457 lectionis
1063 2400 1338 2479 imperite
1397 2417 1554 2459 nunc
1602 2401 1660 2459 in
1707 2399 2063 2478 quibusdam
2107 2400 2254 2460 locis
2300 2402 2730 2478 praesumitur,
2777 2407 2960 2461 meta·

316 2516 366 2557 20
390 2500 647 2579 plasmus
691 2507 884 2559 autem
931 2499 1026 2560 ille
1061 2507 1176 2570 est,
1224 2504 1326 2580 qui
1359 2520 1430 2561 ex
1462 2510 1727 2562 veterum
1760 2503 2119 2580 scriptorum
2151 2504 2499 2563 auctoritate
2533 2504 2625 2563 vel
2661 2502 2962 2581 praeiudi-

391 2609 553 2663 catae
597 2602 1047 2662 consuetudinis
1091 2605 1319 2663 ratione
1366 2605 1704 2684 profertur;
1752 2607 1897 2664 item
1928 2605 2081 2683 quod
2115 2605 2532 2684 metaplasmus
2564 2604 2651 2664 vel
2684 2603 2759 2663 ob
2800 2606 2962 2664 simi-

389 2706 702 2766 litudinem
747 2704 1019 2764 lectionis
1058 2713 1161 2765 aut
1200 2708 1420 2767 veteris
1462 2707 1911 2767 consuetudinis
1953 2727 1983 2767 a
2015 2707 2205 2767 doctis
2236 2708 2300 2768 fit
2330 2709 2620 2775 scienter,
2665 2705 2963 2767 barbaris-

392 2827 524 2869 mus
570 2826 706 2868 vero
752 2807 826 2868 ab
872 2809 1355 2887 imprudentibus
1399 2810 1556 2871 nulla
1603 2816 1702 2870 aut
1748 2818 2012 2870 veterum
2071 2817 2170 2870 aut
2215 2810 2664 2871 consuetudinis
2707 2812 2963 2871 auctori-

393 2918 509 2970 tate
556 2917 870 2989 perspecta
925 2914 1263 2972 assumitur.
1353 2913 1496 2972 item
1557 2914 1714 2972 inter
1767 2912 2204 2974 barbarismum
2261 2919 2322 2972 et
2365 2912 2809 2991 metaplasmum
2854 2913 2965 2992 hoc

317 3035 367 3075 25
395 3016 673 3081 interest,
721 3012 875 3090 quod
924 3013 1287 3074 adiectiones
1332 3014 1464 3075 illac
1512 3015 1984 3076 detractionesve
2038 3021 2354 3093 ceteraque
2400 3032 2551 3093 quae
2599 3014 2860 3074 diximus
2903 3016 2963 3074 in

395 3115 613 3175 litteris
657 3112 965 3192 syllabisve
1012 3133 1077 3175 ac
1124 3116 1406 3195 deinceps
1451 3119 1671 3177 ceteris
1715 3117 1826 3176 sub
1859 3136 1975 3177 uno
2015 3119 2253 3177 nomine
2288 3115 2641 3177 barbarismi
2688 3123 2964 3195 peccant;

395 3219 454 3277 in
503 3215 885 3293 metaplasmo
929 3236 1070 3277 vero
1115 3218 1224 3278 alia
1273 3226 1448 3297 atque
1495 3218 1607 3279 alia
1655 3221 1894 3278 uomina
1941 3237 2048 3297 pro
2092 3217 2477 3297 qualitatibus
2530 3218 2792 3298 locisque
2838 3238 2964 3279 sus-

394 3321 655 3398 cipiunt,
705 3320 859 3378 sicut
902 3339 1036 3380 mox
1083 3320 1410 3398 apparebit.

563 3420 734 3481 Nunc
779 3422 1046 3501 exempla
1092 3423 1163 3483 de
1209 3423 1590 3503 metaplasmo
1635 3425 1803 3500 prius
1847 3423 2137 3484 dabimus.
2199 3425 2421 3483 etenim
2467 3426 2830 3485 confirmatis
2873 3424 2969 3484 bis

315 3530 454 3587 κομι
508 3524 929 3592 manifestatiS‚
999 3543 1149 3604 quae
1207 3527 1438 3585 ratione
1495 3531 1553 3584 et
1609 3525 2064 3586 auctoritatibus
2110 3520 2122 3607 l
2172 3533 2473 3595 constant,
2544 3525 2847 3605 illaquae
2905 3528 2966 3585 in

395 3625 832 3686 barbarismum
877 3636 1099 3687 temere
1148 3625 1504 3687 delabuntur
1558 3629 1825 3705 apertius
1880 3627 2269 3706 apparebunt.
2359 3628 2687 3689 adiectione
2734 3628 2967 3688 litterae

394 3729 480 3788 vel
527 3727 781 3808 syllabae
828 3747 937 3808 per
983 3731 1096 3789 tria
1141 3729 1300 3798 loca,
1349 3732 1502 3790 sicut
1532 3729 1824 3798 diximuS,
1870 3736 1995 3789 tres
2038 3729 2404 3809 metaplasmi
2451 3732 2626 3799 fiunt,
2675 3731 2970 3809 prothesis

391 3831 735 3911 epenthesis
779 3848 1094 3909 paragoge.
1185 3832 1485 3910 prothesis
1530 3838 1620 3891 est
1662 3831 1928 3901 litterae,
1975 3831 2077 3891 ubi
2126 3833 2195 3892 ad
2243 3839 2419 3911 caput
2462 3851 2577 3892 uua
2621 3832 2822 3894 littera
2867 3832 2965 3892 ad-

392 3933 585 4001 ditur,
633 3939 697 3992 ut
744 3933 939 3992 ‘cum
985 3934 1214 3993 sociis
1259 3942 1632 4014 gnatoque
1679 3933 2145 4014 penatibus':
2194 3935 2343 3994 dixit
2387 3936 2545 3994 enim
2591 3941 2785 4012 gnato,
2834 3953 2966 3995 cum

316 4057 365 4098 ³5
392 4035 592 4095 dicere
651 4033 860 4094 debuit
913 4041 1069 4095 nato.
1160 4033 1272 4094 hoc
1329 4038 1430 4115 qui
1488 4037 1629 4097 velit
1683 4038 1742 4096 in
1802 4036 1915 4097 alia
1980 4043 2149 4115 parte
2220 4039 2508 4097 orationis
2564 4038 2761 4097 facere
2818 4039 2967 4097 citra

392 4137 838 4214 auctoritatem,
896 4143 961 4196 ut
1016 4137 1064 4196 si
1125 4137 1284 4198 dicat
1337 4141 1567 4219 coperit
1609 4157 1718 4218 pro
1763 4140 1991 4218 operit,
2050 4138 2230 4198 faciet
2272 4137 2732 4199 barbarismum.
2824 4140 2968 4198 item

393 4238 690 4318 prothesis
734 4245 828 4298 est
871 4238 1126 4318 syllabae

696 4341 960 4401 tetulit
1004 4340 1272 4403 senilis
1315 4342 1558 4403 hostis
1604 4343 1686 4403 ad
1732 4342 2015 4404 caelum
2059 4359 2341 4403 manus:

569 4581 601 4629 2
651 4582 880 4645 peruenit
910 4582 976 4633 M
1007 4582 1242 4648 prouenit
1278 4582 1604 4632 Buttmannus
1776 4580 1808 4631 3
1853 4580 2067 4645 primam
2108 4579 2236 4629 banc
2273 4579 2614 4629 definitionem
2650 4593 2969 4631 communem

396 4649 583 4700 habent
634 4649 962 4702 Buumannus
1013 4654 1266 4717 propriam
1318 4651 1450 4701 banc
1484 4651 1825 4701 definitionem
1874 4649 2054 4699 habent
2086 4650 2412 4701 Heium-hius
2448 4651 2588 4712 opud
2624 4650 2972 4702 Buttmannum

534 4719 568 4768 6
604 4723 944 4772 connectendo
988 4723 1054 4773 M
1157 4721 1219 4774 13
1263 4731 1340 4773 est
1365 4736 1455 4774 om.
1491 4721 1558 4772 M
1656 4718 1740 4785 nit]
1782 4720 1835 4770 fit
1872 4720 1933 4770 M
2073 4719 2141 4769 20
2174 4731 2344 4769 uetere
2382 4719 2443 4768 M
2550 4720 2628 4769 vel
2663 4737 2754 4772 om.
2794 4721 2860 4771 M

395 4788 465 4839 30
499 4790 551 4838 in
590 4790 896 4840 barbarismo
929 4793 994 4842 M
1085 4792 1152 4844 34
1181 4808 1295 4843 cum
1326 4789 1505 4858 sociis]
1561 4793 1718 4854 Ver-9.
1751 4791 1883 4840 Aen.
1927 4791 1993 4840 111
2034 4790 2098 4840 12
2201 4789 2270 4840 38
2305 4790 2468 4839 tetulit
2496 4789 2672 4840 senilis
2711 4790 2868 4840 Poena
2905 4791 2971 4842 ad

398 4858 593 4909 caelum
632 4874 812 4909 manus
851 4863 1114 4927 Pompeius
1148 4881 1202 4929 p.
1241 4862 1360 4926 296,
1394 4860 1426 4912 3
1569 4859 1768 4927 senilis]
1812 4861 1984 4911 senius
2014 4860 2080 4913 M
2111 4874 2299 4910 saeuus
2338 4860 2495 4910 edidit
2530 4860 2858 4913 Buttmannus
2885 4858 2897 4874 ⁸
