<?xml version="1.0" encoding="UTF-8"?>
<!DOCTYPE html PUBLIC "-//W3C//DTD XHTML 1.0 Transitional//EN"
    "http://www.w3.org/TR/xhtml1/DTD/xhtml1-transitional.dtd">
<html xmlns="http://www.w3.org/1999/xhtml" xml:lang="en" lang="en">
 <head>
  <title>
</title>
<meta http-equiv="Content-Type" content="text/html;charset=utf-8" />
  <meta name='ocr-system' content='tesseract 3.04.00' />
  <meta name='ocr-capabilities' content='ocr_page ocr_carea ocr_par ocr_line ocrx_word'/>
</head>
<body>
  <div class='ocr_page' id='page_1' title='image "./grammaticilatin10keilgoog_0689.png"; bbox 0 0 3541 5564; ppageno 0'>
   <div class='ocr_carea' id='block_1_1' title="bbox 1246 1328 2050 1475">
    <p class='ocr_par' dir='ltr' id='par_1_1' title="bbox 1246 1328 2050 1475">
     <span class='ocr_line' id='line_1_1' title="bbox 1246 1328 2050 1475; baseline 0.001 -1"><span class='ocrx_word' id='word_1_1' title='bbox 1246 1328 2050 1475; x_wconf 82' lang='lat' dir='ltr'><strong>ADDENDA</strong></span> 
     </span>
    </p>
   </div>
   <div class='ocr_carea' id='block_1_2' title="bbox 1560 1615 1848 1623">
    <p class='ocr_par' dir='ltr' id='par_1_2' title="bbox 1560 1615 1848 1623">
     <span class='ocr_line' id='line_1_2' title="bbox 1560 1615 1848 1623; baseline 0.003 -3"><span class='ocrx_word' id='word_1_2' title='bbox 1560 1615 1848 1623; x_wconf 46' lang='grc' dir='ltr'>ᾑ-</span> 
     </span>
    </p>
   </div>
   <div class='ocr_carea' id='block_1_3' title="bbox 318 1783 2946 2532">
    <p class='ocr_par' dir='ltr' id='par_1_3' title="bbox 318 1783 2946 2532">
     <span class='ocr_line' id='line_1_3' title="bbox 491 1783 2941 1849; baseline -0.002 -14"><span class='ocrx_word' id='word_1_3' title='bbox 491 1788 545 1835; x_wconf 93' lang='lat' dir='ltr'>ln</span> <span class='ocrx_word' id='word_1_4' title='bbox 571 1786 799 1836; x_wconf 87' lang='lat' dir='ltr'>Cledouii</span> <span class='ocrx_word' id='word_1_5' title='bbox 833 1796 939 1835; x_wconf 88' lang='lat' dir='ltr'>arte</span> <span class='ocrx_word' id='word_1_6' title='bbox 977 1785 1175 1834; x_wconf 85' lang='lat' dir='ltr'>edenda</span> <span class='ocrx_word' id='word_1_7' title='bbox 1212 1798 1416 1849; x_wconf 82' lang='lat' dir='ltr'>operam</span> <span class='ocrx_word' id='word_1_8' title='bbox 1453 1798 1600 1833; x_wconf 87' lang='lat' dir='ltr'>suam</span> <span class='ocrx_word' id='word_1_9' title='bbox 1638 1783 1909 1832; x_wconf 76' lang='lat' dir='ltr'>liberaliter</span> <span class='ocrx_word' id='word_1_10' title='bbox 1933 1783 2053 1832; x_wconf 90' lang='lat' dir='ltr'>mihi</span> <span class='ocrx_word' id='word_1_11' title='bbox 2083 1785 2331 1849; x_wconf 88' lang='lat' dir='ltr'>praestitit</span> <span class='ocrx_word' id='word_1_12' title='bbox 2355 1783 2675 1833; x_wconf 87' lang='lat' dir='ltr'>Hermannus</span> <span class='ocrx_word' id='word_1_13' title='bbox 2701 1784 2941 1848; x_wconf 83' lang='lat' dir='ltr'>Hagenus</span> 
     </span>
     <span class='ocr_line' id='line_1_4' title="bbox 318 1852 2940 1917; baseline -0.002 -14"><span class='ocrx_word' id='word_1_14' title='bbox 318 1891 323 1897; x_wconf 85' lang='lat'>.</span> <span class='ocrx_word' id='word_1_15' title='bbox 356 1855 643 1904; x_wconf 79' lang='lat' dir='ltr'>BeruensiS.</span> <span class='ocrx_word' id='word_1_16' title='bbox 696 1855 780 1915; x_wconf 89' lang='lat' dir='ltr'>qui</span> <span class='ocrx_word' id='word_1_17' title='bbox 807 1854 929 1903; x_wconf 92' lang='lat' dir='ltr'>dum</span> <span class='ocrx_word' id='word_1_18' title='bbox 956 1854 1137 1903; x_wconf 91' lang='lat' dir='ltr'>librum</span> <span class='ocrx_word' id='word_1_19' title='bbox 1166 1868 1315 1902; x_wconf 82' lang='lat' dir='ltr'>manu</span> <span class='ocrx_word' id='word_1_20' title='bbox 1342 1853 1589 1916; x_wconf 88' lang='lat' dir='ltr'>scriptum</span> <span class='ocrx_word' id='word_1_21' title='bbox 1626 1853 1793 1901; x_wconf 89' lang='lat' dir='ltr'>denuo</span> <span class='ocrx_word' id='word_1_22' title='bbox 1819 1867 1932 1900; x_wconf 89' lang='lat' dir='ltr'>cum</span> <span class='ocrx_word' id='word_1_23' title='bbox 1963 1866 2093 1901; x_wconf 84' lang='lat' dir='ltr'>nova</span> <span class='ocrx_word' id='word_1_24' title='bbox 2121 1852 2357 1909; x_wconf 78' lang='lat' dir='ltr'>editione,</span> <span class='ocrx_word' id='word_1_25' title='bbox 2385 1860 2438 1901; x_wconf 90' lang='lat' dir='ltr'>ut</span> <span class='ocrx_word' id='word_1_26' title='bbox 2464 1852 2678 1917; x_wconf 88' lang='lat' dir='ltr'>primum</span> <span class='ocrx_word' id='word_1_27' title='bbox 2703 1852 2940 1917; x_wconf 77' lang='lat' dir='ltr'><strong>plagulae</strong></span> 
     </span>
     <span class='ocr_line' id='line_1_5' title="bbox 356 1920 2944 1993; baseline -0.001 -22"><span class='ocrx_word' id='word_1_28' title='bbox 356 1939 419 1972; x_wconf 86' lang='lat' dir='ltr'>ex</span> <span class='ocrx_word' id='word_1_29' title='bbox 445 1922 646 1971; x_wconf 82' lang='lat' dir='ltr'>officina</span> <span class='ocrx_word' id='word_1_30' title='bbox 672 1936 944 1986; x_wconf 88' lang='lat' dir='ltr'>operarum</span> <span class='ocrx_word' id='word_1_31' title='bbox 978 1922 1292 1986; x_wconf 83' lang='lat' dir='ltr'>prodierunt,</span> <span class='ocrx_word' id='word_1_32' title='bbox 1331 1920 1541 1979; x_wconf 74' lang='lat' dir='ltr'>confert,</span> <span class='ocrx_word' id='word_1_33' title='bbox 1580 1935 1677 1970; x_wconf 91' lang='lat' dir='ltr'>non</span> <span class='ocrx_word' id='word_1_34' title='bbox 1716 1921 1881 1993; x_wconf 63' lang='lat' dir='ltr'>solum</span> <span class='ocrx_word' id='word_1_35' title='bbox 1919 1921 2110 1969; x_wconf 88' lang='lat' dir='ltr'>codicis</span> <span class='ocrx_word' id='word_1_36' title='bbox 2134 1922 2439 1985; x_wconf 79' lang='lat' dir='ltr'>scripturam</span> <span class='ocrx_word' id='word_1_37' title='bbox 2467 1935 2624 1985; x_wconf 88' lang='lat' dir='ltr'>saepe</span> <span class='ocrx_word' id='word_1_38' title='bbox 2650 1921 2944 1969; x_wconf 80' lang='lat' dir='ltr'>correctoris</span> 
     </span>
     <span class='ocr_line' id='line_1_6' title="bbox 356 1988 2946 2056; baseline -0.001 -17"><span class='ocrx_word' id='word_1_39' title='bbox 356 2006 510 2056; x_wconf 88' lang='lat' dir='ltr'>opera</span> <span class='ocrx_word' id='word_1_40' title='bbox 535 1990 614 2039; x_wconf 88' lang='lat' dir='ltr'>vel</span> <span class='ocrx_word' id='word_1_41' title='bbox 642 1991 821 2039; x_wconf 87' lang='lat' dir='ltr'>litteris</span> <span class='ocrx_word' id='word_1_42' title='bbox 847 1992 975 2039; x_wconf 87' lang='lat' dir='ltr'>male</span> <span class='ocrx_word' id='word_1_43' title='bbox 1000 1990 1235 2039; x_wconf 88' lang='lat' dir='ltr'>obductis</span> <span class='ocrx_word' id='word_1_44' title='bbox 1262 1990 1582 2037; x_wconf 78' lang='lat' dir='ltr'><strong>obscuratam</strong></span> <span class='ocrx_word' id='word_1_45' title='bbox 1606 1989 1936 2052; x_wconf 83' lang='lat' dir='ltr'>conpluribus</span> <span class='ocrx_word' id='word_1_46' title='bbox 1976 1988 2100 2038; x_wconf 91' lang='lat' dir='ltr'>locis</span> <span class='ocrx_word' id='word_1_47' title='bbox 2125 1990 2431 2049; x_wconf 89' lang='lat' dir='ltr'>accuratius,</span> <span class='ocrx_word' id='word_1_48' title='bbox 2460 2004 2609 2054; x_wconf 86' lang='lat' dir='ltr'>quam</span> <span class='ocrx_word' id='word_1_49' title='bbox 2636 1999 2786 2037; x_wconf 87' lang='lat' dir='ltr'>autea</span> <span class='ocrx_word' id='word_1_50' title='bbox 2811 2000 2860 2036; x_wconf 86' lang='lat' dir='ltr'>et</span> <span class='ocrx_word' id='word_1_51' title='bbox 2883 1990 2946 2036; x_wconf 89' lang='lat' dir='ltr'>ab</span> 
     </span>
     <span class='ocr_line' id='line_1_7' title="bbox 358 2050 2940 2118; baseline -0.001 -12"><span class='ocrx_word' id='word_1_52' title='bbox 358 2050 449 2108; x_wconf 74' lang='lat' dir='ltr'>iuo‘</span> <span class='ocrx_word' id='word_1_53' title='bbox 470 2068 519 2107; x_wconf 91' lang='lat' dir='ltr'>et</span> <span class='ocrx_word' id='word_1_54' title='bbox 544 2074 573 2107; x_wconf 87' lang='lat' dir='ltr'>a</span> <span class='ocrx_word' id='word_1_55' title='bbox 599 2074 677 2106; x_wconf 88' lang='lat' dir='ltr'>me</span> <span class='ocrx_word' id='word_1_56' title='bbox 703 2058 892 2107; x_wconf 79' lang='lat' dir='ltr'>factum</span> <span class='ocrx_word' id='word_1_57' title='bbox 920 2068 1042 2117; x_wconf 87' lang='lat' dir='ltr'>erat,</span> <span class='ocrx_word' id='word_1_58' title='bbox 1084 2057 1206 2107; x_wconf 79' lang='lat' dir='ltr'>milii</span> <span class='ocrx_word' id='word_1_59' title='bbox 1243 2056 1498 2115; x_wconf 84' lang='lat' dir='ltr'>indicavit,</span> <span class='ocrx_word' id='word_1_60' title='bbox 1535 2058 1625 2107; x_wconf 90' lang='lat' dir='ltr'>sed</span> <span class='ocrx_word' id='word_1_61' title='bbox 1664 2058 1813 2105; x_wconf 87' lang='lat' dir='ltr'>etiam</span> <span class='ocrx_word' id='word_1_62' title='bbox 1842 2058 2042 2105; x_wconf 88' lang='lat' dir='ltr'>criticas</span> <span class='ocrx_word' id='word_1_63' title='bbox 2068 2058 2464 2118; x_wconf 81' lang='lat' dir='ltr'>observationes,</span> <span class='ocrx_word' id='word_1_64' title='bbox 2494 2057 2676 2118; x_wconf 90' lang='lat' dir='ltr'>quibus</span> <span class='ocrx_word' id='word_1_65' title='bbox 2703 2056 2940 2105; x_wconf 88' lang='lat' dir='ltr'>emenda·</span> 
     </span>
     <span class='ocr_line' id='line_1_8' title="bbox 357 2124 2944 2191; baseline -0.001 -16"><span class='ocrx_word' id='word_1_66' title='bbox 357 2128 543 2175; x_wconf 86' lang='lat' dir='ltr'>tionem</span> <span class='ocrx_word' id='word_1_67' title='bbox 574 2126 686 2175; x_wconf 80' lang='lat' dir='ltr'>libri</span> <span class='ocrx_word' id='word_1_68' title='bbox 710 2127 1078 2191; x_wconf 79' lang='lat' dir='ltr'>corruptissimi</span> <span class='ocrx_word' id='word_1_69' title='bbox 1114 2127 1199 2175; x_wconf 86' lang='lat' dir='ltr'>vix</span> <span class='ocrx_word' id='word_1_70' title='bbox 1224 2124 1509 2174; x_wconf 74' lang='lat' dir='ltr'>inchoatam</span> <span class='ocrx_word' id='word_1_71' title='bbox 1536 2125 1817 2183; x_wconf 85' lang='lat' dir='ltr'>adiuvaret,</span> <span class='ocrx_word' id='word_1_72' title='bbox 1853 2141 1943 2191; x_wconf 89' lang='lat' dir='ltr'>per</span> <span class='ocrx_word' id='word_1_73' title='bbox 1978 2125 2170 2174; x_wconf 80' lang='lat' dir='ltr'>litteras</span> <span class='ocrx_word' id='word_1_74' title='bbox 2198 2140 2392 2174; x_wconf 89' lang='lat' dir='ltr'>mecum</span> <span class='ocrx_word' id='word_1_75' title='bbox 2422 2126 2831 2175; x_wconf 80' lang='lat' dir='ltr'>communicavit.</span> <span class='ocrx_word' id='word_1_76' title='bbox 2882 2140 2944 2173; x_wconf 86' lang='lat' dir='ltr'>ex</span> 
     </span>
     <span class='ocr_line' id='line_1_9' title="bbox 357 2193 2946 2259; baseline -0.001 -16"><span class='ocrx_word' id='word_1_77' title='bbox 357 2195 435 2243; x_wconf 80' lang='lat' dir='ltr'>his</span> <span class='ocrx_word' id='word_1_78' title='bbox 463 2210 530 2242; x_wconf 87' lang='lat' dir='ltr'>ea</span> <span class='ocrx_word' id='word_1_79' title='bbox 566 2209 694 2256; x_wconf 87' lang='lat' dir='ltr'>quae</span> <span class='ocrx_word' id='word_1_80' title='bbox 729 2195 794 2242; x_wconf 86' lang='lat' dir='ltr'>ad</span> <span class='ocrx_word' id='word_1_81' title='bbox 827 2195 1101 2257; x_wconf 78' lang='lat' dir='ltr'>genuinam</span> <span class='ocrx_word' id='word_1_82' title='bbox 1138 2194 1328 2243; x_wconf 88' lang='lat' dir='ltr'>codicis</span> <span class='ocrx_word' id='word_1_83' title='bbox 1363 2194 1664 2259; x_wconf 85' lang='lat' dir='ltr'>scripturam</span> <span class='ocrx_word' id='word_1_84' title='bbox 1702 2193 2104 2242; x_wconf 84' lang='lat' dir='ltr'>constituendam</span> <span class='ocrx_word' id='word_1_85' title='bbox 2129 2194 2452 2258; x_wconf 83' lang='lat' dir='ltr'>pertinebant</span> <span class='ocrx_word' id='word_1_86' title='bbox 2476 2203 2673 2258; x_wconf 87' lang='lat' dir='ltr'>praeter</span> <span class='ocrx_word' id='word_1_87' title='bbox 2695 2194 2946 2257; x_wconf 88' lang='lat' dir='ltr'>paucissi-</span> 
     </span>
     <span class='ocr_line' id='line_1_10' title="bbox 357 2262 2941 2326; baseline 0 -14"><span class='ocrx_word' id='word_1_88' title='bbox 357 2278 468 2312; x_wconf 89' lang='lat' dir='ltr'>mos</span> <span class='ocrx_word' id='word_1_89' title='bbox 504 2262 752 2323; x_wconf 87' lang='lat' dir='ltr'>quosdam</span> <span class='ocrx_word' id='word_1_90' title='bbox 789 2271 836 2310; x_wconf 88' lang='lat' dir='ltr'>et</span> <span class='ocrx_word' id='word_1_91' title='bbox 875 2263 1159 2311; x_wconf 85' lang='lat' dir='ltr'>levissimos</span> <span class='ocrx_word' id='word_1_92' title='bbox 1196 2262 1385 2311; x_wconf 89' lang='lat' dir='ltr'>librarii</span> <span class='ocrx_word' id='word_1_93' title='bbox 1423 2276 1618 2310; x_wconf 87' lang='lat' dir='ltr'>errores</span> <span class='ocrx_word' id='word_1_94' title='bbox 1654 2276 1843 2325; x_wconf 89' lang='lat' dir='ltr'>eosque</span> <span class='ocrx_word' id='word_1_95' title='bbox 1879 2271 2057 2326; x_wconf 89' lang='lat' dir='ltr'>postea</span> <span class='ocrx_word' id='word_1_96' title='bbox 2094 2272 2346 2311; x_wconf 85' lang='lat' dir='ltr'>correctos</span> <span class='ocrx_word' id='word_1_97' title='bbox 2381 2262 2431 2310; x_wconf 90' lang='lat' dir='ltr'>iu</span> <span class='ocrx_word' id='word_1_98' title='bbox 2459 2262 2732 2311; x_wconf 89' lang='lat' dir='ltr'>editionem</span> <span class='ocrx_word' id='word_1_99' title='bbox 2757 2262 2941 2325; x_wconf 82' lang='lat' dir='ltr'>recepi.</span> 
     </span>
     <span class='ocr_line' id='line_1_11' title="bbox 367 2329 2944 2395; baseline 0 -18"><span class='ocrx_word' id='word_1_100' title='bbox 367 2331 809 2379; x_wconf 78' lang='lat' dir='ltr'>emendationibus</span> <span class='ocrx_word' id='word_1_101' title='bbox 835 2341 1001 2378; x_wconf 86' lang='lat' dir='ltr'>autem</span> <span class='ocrx_word' id='word_1_102' title='bbox 1030 2331 1123 2378; x_wconf 90' lang='lat' dir='ltr'>viri</span> <span class='ocrx_word' id='word_1_103' title='bbox 1152 2330 1449 2378; x_wconf 86' lang='lat' dir='ltr'>amicissimi</span> <span class='ocrx_word' id='word_1_104' title='bbox 1473 2331 1541 2377; x_wconf 89' lang='lat' dir='ltr'>ita</span> <span class='ocrx_word' id='word_1_105' title='bbox 1570 2337 1621 2378; x_wconf 90' lang='lat' dir='ltr'>ut</span> <span class='ocrx_word' id='word_1_106' title='bbox 1645 2329 1910 2394; x_wconf 89' lang='lat' dir='ltr'>cupiebam</span> <span class='ocrx_word' id='word_1_107' title='bbox 1948 2341 2052 2378; x_wconf 90' lang='lat' dir='ltr'>tum</span> <span class='ocrx_word' id='word_1_108' title='bbox 2079 2331 2152 2379; x_wconf 90' lang='lat' dir='ltr'>nti</span> <span class='ocrx_word' id='word_1_109' title='bbox 2177 2344 2276 2379; x_wconf 90' lang='lat' dir='ltr'>non</span> <span class='ocrx_word' id='word_1_110' title='bbox 2303 2338 2547 2394; x_wconf 88' lang='lat' dir='ltr'>poteram.</span> <span class='ocrx_word' id='word_1_111' title='bbox 2598 2345 2787 2395; x_wconf 84' lang='lat' dir='ltr'>paucas</span> <span class='ocrx_word' id='word_1_112' title='bbox 2814 2331 2944 2378; x_wconf 91' lang='lat' dir='ltr'>enim</span> 
     </span>
     <span class='ocr_line' id='line_1_12' title="bbox 362 2396 2946 2464; baseline -0 -18"><span class='ocrx_word' id='word_1_113' title='bbox 362 2400 415 2447; x_wconf 90' lang='lat' dir='ltr'>iu</span> <span class='ocrx_word' id='word_1_114' title='bbox 447 2408 640 2448; x_wconf 83' lang='lat' dir='ltr'>textum</span> <span class='ocrx_word' id='word_1_115' title='bbox 671 2399 934 2447; x_wconf 85' lang='lat' dir='ltr'>verborum</span> <span class='ocrx_word' id='word_1_116' title='bbox 962 2399 1149 2464; x_wconf 83' lang='lat' dir='ltr'>recepi,</span> <span class='ocrx_word' id='word_1_117' title='bbox 1179 2414 1235 2447; x_wconf 88' lang='lat' dir='ltr'>ac</span> <span class='ocrx_word' id='word_1_118' title='bbox 1266 2414 1327 2446; x_wconf 88' lang='lat' dir='ltr'>ne</span> <span class='ocrx_word' id='word_1_119' title='bbox 1347 2396 1425 2446; x_wconf 80' lang='lat' dir='ltr'>his</span> <span class='ocrx_word' id='word_1_120' title='bbox 1444 2398 1648 2460; x_wconf 84' lang='lat' dir='ltr'>quidem</span> <span class='ocrx_word' id='word_1_121' title='bbox 1669 2399 1904 2446; x_wconf 88' lang='lat' dir='ltr'>omnibns</span> <span class='ocrx_word' id='word_1_122' title='bbox 1931 2399 1975 2447; x_wconf 92' lang='lat' dir='ltr'>in</span> <span class='ocrx_word' id='word_1_123' title='bbox 2005 2398 2232 2447; x_wconf 87' lang='lat' dir='ltr'>subiecta</span> <span class='ocrx_word' id='word_1_124' title='bbox 2257 2398 2604 2462; x_wconf 80' lang='lat' dir='ltr'>adnotatione,</span> <span class='ocrx_word' id='word_1_125' title='bbox 2631 2409 2686 2446; x_wconf 89' lang='lat' dir='ltr'>ut</span> <span class='ocrx_word' id='word_1_126' title='bbox 2711 2413 2801 2464; x_wconf 89' lang='lat' dir='ltr'>par</span> <span class='ocrx_word' id='word_1_127' title='bbox 2826 2409 2946 2454; x_wconf 89' lang='lat' dir='ltr'>erat,</span> 
     </span>
     <span class='ocr_line' id='line_1_13' title="bbox 367 2465 2945 2532; baseline -0.002 -15"><span class='ocrx_word' id='word_1_128' title='bbox 367 2482 549 2517; x_wconf 88' lang='lat' dir='ltr'>nomen</span> <span class='ocrx_word' id='word_1_129' title='bbox 578 2468 859 2515; x_wconf 81' lang='lat' dir='ltr'>inventoris</span> <span class='ocrx_word' id='word_1_130' title='bbox 885 2467 1171 2515; x_wconf 85' lang='lat' dir='ltr'>adscribere</span> <span class='ocrx_word' id='word_1_131' title='bbox 1200 2482 1288 2532; x_wconf 87' lang='lat' dir='ltr'>per</span> <span class='ocrx_word' id='word_1_132' title='bbox 1312 2466 1574 2529; x_wconf 85' lang='lat' dir='ltr'>angustias</span> <span class='ocrx_word' id='word_1_133' title='bbox 1600 2465 1884 2515; x_wconf 87' lang='lat' dir='ltr'>chartarum</span> <span class='ocrx_word' id='word_1_134' title='bbox 1911 2467 2067 2518; x_wconf 87' lang='lat' dir='ltr'>licuit.</span> <span class='ocrx_word' id='word_1_135' title='bbox 2108 2467 2352 2531; x_wconf 88' lang='lat' dir='ltr'>plurimas</span> <span class='ocrx_word' id='word_1_136' title='bbox 2381 2481 2499 2516; x_wconf 91' lang='lat' dir='ltr'>vero</span> <span class='ocrx_word' id='word_1_137' title='bbox 2527 2466 2692 2528; x_wconf 89' lang='lat' dir='ltr'>omisi,</span> <span class='ocrx_word' id='word_1_138' title='bbox 2718 2480 2819 2515; x_wconf 87' lang='lat' dir='ltr'>non</span> <span class='ocrx_word' id='word_1_139' title='bbox 2845 2480 2945 2527; x_wconf 88' lang='lat' dir='ltr'>quo</span> 
     </span>
    </p>
   </div>
   <div class='ocr_carea' id='block_1_4' title="bbox 359 2533 3026 2600">
    <p class='ocr_par' dir='ltr' id='par_1_4' title="bbox 359 2533 3026 2600">
     <span class='ocr_line' id='line_1_14' title="bbox 359 2533 3026 2600; baseline -0.001 -17"><span class='ocrx_word' id='word_1_140' title='bbox 359 2537 703 2599; x_wconf 87' lang='lat' dir='ltr'>inprobarem,</span> <span class='ocrx_word' id='word_1_141' title='bbox 743 2536 835 2584; x_wconf 88' lang='lat' dir='ltr'>sed</span> <span class='ocrx_word' id='word_1_142' title='bbox 874 2535 991 2596; x_wconf 88' lang='lat' dir='ltr'>quia</span> <span class='ocrx_word' id='word_1_143' title='bbox 1028 2536 1105 2584; x_wconf 90' lang='lat' dir='ltr'>vel</span> <span class='ocrx_word' id='word_1_144' title='bbox 1142 2534 1296 2600; x_wconf 83' lang='lat' dir='ltr'>recipi</span> <span class='ocrx_word' id='word_1_145' title='bbox 1330 2536 1428 2582; x_wconf 92' lang='lat' dir='ltr'>iam</span> <span class='ocrx_word' id='word_1_146' title='bbox 1460 2550 1558 2585; x_wconf 90' lang='lat' dir='ltr'>non</span> <span class='ocrx_word' id='word_1_147' title='bbox 1585 2544 1817 2600; x_wconf 86' lang='lat' dir='ltr'>poterant</span> <span class='ocrx_word' id='word_1_148' title='bbox 1844 2533 1921 2583; x_wconf 83' lang='lat' dir='ltr'>vel</span> <span class='ocrx_word' id='word_1_149' title='bbox 1947 2536 2010 2583; x_wconf 93' lang='lat' dir='ltr'>ab</span> <span class='ocrx_word' id='word_1_150' title='bbox 2037 2549 2095 2583; x_wconf 91' lang='lat' dir='ltr'>eo</span> <span class='ocrx_word' id='word_1_151' title='bbox 2123 2535 2332 2584; x_wconf 89' lang='lat' dir='ltr'>consilio</span> <span class='ocrx_word' id='word_1_152' title='bbox 2358 2534 2495 2597; x_wconf 90' lang='lat' dir='ltr'>quod</span> <span class='ocrx_word' id='word_1_153' title='bbox 2520 2536 2569 2583; x_wconf 91' lang='lat' dir='ltr'>in</span> <span class='ocrx_word' id='word_1_154' title='bbox 2597 2534 2795 2583; x_wconf 89' lang='lat' dir='ltr'>edendo</span> <span class='ocrx_word' id='word_1_155' title='bbox 2822 2534 2944 2582; x_wconf 87' lang='lat' dir='ltr'>libro</span> <span class='ocrx_word' id='word_1_156' title='bbox 3017 2576 3026 2587; x_wconf 84' lang='lat'>,</span> 
     </span>
    </p>
   </div>
   <div class='ocr_carea' id='block_1_5' title="bbox 357 2602 2946 3146">
    <p class='ocr_par' dir='ltr' id='par_1_5' title="bbox 357 2602 2946 3146">
     <span class='ocr_line' id='line_1_15' title="bbox 358 2602 2946 2669; baseline -0.001 -17"><span class='ocrx_word' id='word_1_157' title='bbox 358 2612 566 2652; x_wconf 88' lang='lat' dir='ltr'>secutus</span> <span class='ocrx_word' id='word_1_158' title='bbox 605 2617 741 2651; x_wconf 88' lang='lat' dir='ltr'>eram</span> <span class='ocrx_word' id='word_1_159' title='bbox 775 2602 969 2651; x_wconf 85' lang='lat' dir='ltr'>alienae</span> <span class='ocrx_word' id='word_1_160' title='bbox 1004 2614 1162 2655; x_wconf 88' lang='lat' dir='ltr'>erant.</span> <span class='ocrx_word' id='word_1_161' title='bbox 1212 2618 1325 2652; x_wconf 87' lang='lat' dir='ltr'>nam</span> <span class='ocrx_word' id='word_1_162' title='bbox 1361 2617 1473 2650; x_wconf 88' lang='lat' dir='ltr'>cum</span> <span class='ocrx_word' id='word_1_163' title='bbox 1509 2603 1622 2669; x_wconf 88' lang='lat' dir='ltr'>ipse</span> <span class='ocrx_word' id='word_1_164' title='bbox 1654 2611 1861 2668; x_wconf 88' lang='lat' dir='ltr'>propter</span> <span class='ocrx_word' id='word_1_165' title='bbox 1903 2618 1989 2652; x_wconf 85' lang='lat' dir='ltr'>eas</span> <span class='ocrx_word' id='word_1_166' title='bbox 2020 2617 2201 2652; x_wconf 89' lang='lat' dir='ltr'>causas</span> <span class='ocrx_word' id='word_1_167' title='bbox 2235 2618 2361 2665; x_wconf 88' lang='lat' dir='ltr'>quas</span> <span class='ocrx_word' id='word_1_168' title='bbox 2395 2604 2446 2651; x_wconf 91' lang='lat' dir='ltr'>in</span> <span class='ocrx_word' id='word_1_169' title='bbox 2484 2602 2799 2668; x_wconf 74' lang='lat' dir='ltr'>praefatione</span> <span class='ocrx_word' id='word_1_170' title='bbox 2840 2603 2946 2651; x_wconf 82' lang='lat' dir='ltr'>dixi</span> 
     </span>
     <span class='ocr_line' id='line_1_16' title="bbox 357 2670 2944 2736; baseline -0 -17"><span class='ocrx_word' id='word_1_171' title='bbox 357 2674 597 2720; x_wconf 81' lang='lat' dir='ltr'>maiorem</span> <span class='ocrx_word' id='word_1_172' title='bbox 635 2687 807 2719; x_wconf 86' lang='lat' dir='ltr'>curam</span> <span class='ocrx_word' id='word_1_173' title='bbox 835 2670 951 2720; x_wconf 85' lang='lat' dir='ltr'>huic</span> <span class='ocrx_word' id='word_1_174' title='bbox 978 2671 1102 2721; x_wconf 90' lang='lat' dir='ltr'>libro</span> <span class='ocrx_word' id='word_1_175' title='bbox 1129 2671 1404 2736; x_wconf 86' lang='lat' dir='ltr'>inpendere</span> <span class='ocrx_word' id='word_1_176' title='bbox 1441 2672 1736 2727; x_wconf 84' lang='lat' dir='ltr'>noluissem,</span> <span class='ocrx_word' id='word_1_177' title='bbox 1773 2671 1863 2719; x_wconf 88' lang='lat' dir='ltr'>sed</span> <span class='ocrx_word' id='word_1_178' title='bbox 1889 2672 2109 2720; x_wconf 85' lang='lat' dir='ltr'>diversis</span> <span class='ocrx_word' id='word_1_179' title='bbox 2135 2672 2483 2721; x_wconf 85' lang='lat' dir='ltr'>commentarii</span> <span class='ocrx_word' id='word_1_180' title='bbox 2509 2671 2735 2736; x_wconf 83' lang='lat' dir='ltr'>partibus</span> <span class='ocrx_word' id='word_1_181' title='bbox 2760 2671 2944 2720; x_wconf 88' lang='lat' dir='ltr'>distin-</span> 
     </span>
     <span class='ocr_line' id='line_1_17' title="bbox 358 2739 2944 2805; baseline 0 -18"><span class='ocrx_word' id='word_1_182' title='bbox 358 2740 449 2788; x_wconf 88' lang='lat' dir='ltr'>ctis</span> <span class='ocrx_word' id='word_1_183' title='bbox 476 2750 524 2787; x_wconf 89' lang='lat' dir='ltr'>et</span> <span class='ocrx_word' id='word_1_184' title='bbox 547 2740 864 2804; x_wconf 80' lang='lat' dir='ltr'>gravissimis</span> <span class='ocrx_word' id='word_1_185' title='bbox 901 2740 1035 2790; x_wconf 88' lang='lat' dir='ltr'>vitiis</span> <span class='ocrx_word' id='word_1_186' title='bbox 1072 2739 1285 2790; x_wconf 89' lang='lat' dir='ltr'>sublatis</span> <span class='ocrx_word' id='word_1_187' title='bbox 1321 2740 1668 2805; x_wconf 86' lang='lat' dir='ltr'>perturbatum</span> <span class='ocrx_word' id='word_1_188' title='bbox 1705 2739 1896 2790; x_wconf 86' lang='lat' dir='ltr'>codicis</span> <span class='ocrx_word' id='word_1_189' title='bbox 1934 2739 2159 2789; x_wconf 90' lang='lat' dir='ltr'>ordinem</span> <span class='ocrx_word' id='word_1_190' title='bbox 2187 2754 2244 2788; x_wconf 85' lang='lat' dir='ltr'>ac</span> <span class='ocrx_word' id='word_1_191' title='bbox 2272 2741 2576 2805; x_wconf 86' lang='lat' dir='ltr'>scripturam</span> <span class='ocrx_word' id='word_1_192' title='bbox 2603 2739 2944 2804; x_wconf 82' lang='lat' dir='ltr'>reliquissem,</span> 
     </span>
     <span class='ocr_line' id='line_1_18' title="bbox 358 2808 2944 2874; baseline -0 -19"><span class='ocrx_word' id='word_1_193' title='bbox 358 2809 442 2856; x_wconf 86' lang='lat' dir='ltr'>ille</span> <span class='ocrx_word' id='word_1_194' title='bbox 475 2809 712 2857; x_wconf 87' lang='lat' dir='ltr'>disiectas</span> <span class='ocrx_word' id='word_1_195' title='bbox 751 2819 799 2856; x_wconf 89' lang='lat' dir='ltr'>et</span> <span class='ocrx_word' id='word_1_196' title='bbox 832 2818 1097 2874; x_wconf 88' lang='lat' dir='ltr'>corruptas</span> <span class='ocrx_word' id='word_1_197' title='bbox 1135 2809 1317 2857; x_wconf 87' lang='lat' dir='ltr'>veteris</span> <span class='ocrx_word' id='word_1_198' title='bbox 1353 2809 1704 2858; x_wconf 86' lang='lat' dir='ltr'>commentarii</span> <span class='ocrx_word' id='word_1_199' title='bbox 1741 2809 1979 2871; x_wconf 87' lang='lat' dir='ltr'>reliquias</span> <span class='ocrx_word' id='word_1_200' title='bbox 2015 2809 2317 2858; x_wconf 89' lang='lat' dir='ltr'>coniecturis</span> <span class='ocrx_word' id='word_1_201' title='bbox 2354 2810 2404 2857; x_wconf 90' lang='lat' dir='ltr'>in</span> <span class='ocrx_word' id='word_1_202' title='bbox 2441 2808 2669 2858; x_wconf 88' lang='lat' dir='ltr'>ordinem</span> <span class='ocrx_word' id='word_1_203' title='bbox 2714 2809 2944 2872; x_wconf 77' lang='lat' dir='ltr'>redigere</span> 
     </span>
     <span class='ocr_line' id='line_1_19' title="bbox 359 2876 2946 2942; baseline 0.001 -19"><span class='ocrx_word' id='word_1_204' title='bbox 359 2876 595 2926; x_wconf 86' lang='lat' dir='ltr'>institnit.</span> <span class='ocrx_word' id='word_1_205' title='bbox 650 2878 698 2924; x_wconf 90' lang='lat' dir='ltr'>in</span> <span class='ocrx_word' id='word_1_206' title='bbox 736 2891 835 2937; x_wconf 89' lang='lat' dir='ltr'>qno</span> <span class='ocrx_word' id='word_1_207' title='bbox 871 2877 1086 2942; x_wconf 86' lang='lat' dir='ltr'>plurima</span> <span class='ocrx_word' id='word_1_208' title='bbox 1122 2892 1246 2926; x_wconf 86' lang='lat' dir='ltr'>saue</span> <span class='ocrx_word' id='word_1_209' title='bbox 1278 2876 1548 2926; x_wconf 87' lang='lat' dir='ltr'>admodum</span> <span class='ocrx_word' id='word_1_210' title='bbox 1588 2877 1885 2942; x_wconf 82' lang='lat' dir='ltr'>probabilia,</span> <span class='ocrx_word' id='word_1_211' title='bbox 1925 2891 2023 2925; x_wconf 90' lang='lat' dir='ltr'>non</span> <span class='ocrx_word' id='word_1_212' title='bbox 2064 2877 2199 2926; x_wconf 86' lang='lat' dir='ltr'>nulla</span> <span class='ocrx_word' id='word_1_213' title='bbox 2226 2878 2376 2925; x_wconf 90' lang='lat' dir='ltr'>etiam</span> <span class='ocrx_word' id='word_1_214' title='bbox 2401 2877 2465 2925; x_wconf 89' lang='lat' dir='ltr'>ad</span> <span class='ocrx_word' id='word_1_215' title='bbox 2493 2878 2673 2926; x_wconf 88' lang='lat' dir='ltr'>iustam</span> <span class='ocrx_word' id='word_1_216' title='bbox 2701 2876 2946 2942; x_wconf 85' lang='lat' dir='ltr'>emenda-</span> 
     </span>
     <span class='ocr_line' id='line_1_20' title="bbox 359 2943 2942 3010; baseline 0 -20"><span class='ocrx_word' id='word_1_217' title='bbox 359 2943 543 2992; x_wconf 85' lang='lat' dir='ltr'>tionem</span> <span class='ocrx_word' id='word_1_218' title='bbox 578 2957 782 3007; x_wconf 82' lang='lat' dir='ltr'>prorsus</span> <span class='ocrx_word' id='word_1_219' title='bbox 818 2946 1104 2994; x_wconf 86' lang='lat' dir='ltr'>necessaria</span> <span class='ocrx_word' id='word_1_220' title='bbox 1140 2947 1421 3010; x_wconf 86' lang='lat' dir='ltr'>proposuit.</span> <span class='ocrx_word' id='word_1_221' title='bbox 1483 2947 1605 2994; x_wconf 82' lang='lat' dir='ltr'>haec</span> <span class='ocrx_word' id='word_1_222' title='bbox 1641 2945 1794 3008; x_wconf 82' lang='lat' dir='ltr'>igitur</span> <span class='ocrx_word' id='word_1_223' title='bbox 1827 2946 2066 3007; x_wconf 87' lang='lat' dir='ltr'>quoniam</span> <span class='ocrx_word' id='word_1_224' title='bbox 2103 2946 2155 2994; x_wconf 88' lang='lat' dir='ltr'>in</span> <span class='ocrx_word' id='word_1_225' title='bbox 2197 2945 2523 2994; x_wconf 87' lang='lat' dir='ltr'>adnotatione</span> <span class='ocrx_word' id='word_1_226' title='bbox 2563 2945 2800 2995; x_wconf 86' lang='lat' dir='ltr'>exhibere</span> <span class='ocrx_word' id='word_1_227' title='bbox 2846 2960 2942 2994; x_wconf 91' lang='lat' dir='ltr'>non</span> 
     </span>
     <span class='ocr_line' id='line_1_21' title="bbox 361 3011 2942 3078; baseline 0.002 -21"><span class='ocrx_word' id='word_1_228' title='bbox 361 3012 513 3070; x_wconf 88' lang='lat' dir='ltr'>licuit,</span> <span class='ocrx_word' id='word_1_229' title='bbox 551 3026 684 3059; x_wconf 88' lang='lat' dir='ltr'>nunc</span> <span class='ocrx_word' id='word_1_230' title='bbox 717 3011 1254 3076; x_wconf 68' lang='lat' dir='ltr'>supplementi‘instar</span> <span class='ocrx_word' id='word_1_231' title='bbox 1288 3014 1500 3063; x_wconf 87' lang='lat' dir='ltr'>subieci.</span> <span class='ocrx_word' id='word_1_232' title='bbox 1550 3027 1854 3077; x_wconf 87' lang='lat' dir='ltr'>quamquam</span> <span class='ocrx_word' id='word_1_233' title='bbox 1889 3013 1955 3062; x_wconf 89' lang='lat' dir='ltr'>ad</span> <span class='ocrx_word' id='word_1_234' title='bbox 1989 3013 2345 3078; x_wconf 78' lang='lat' dir='ltr'>perficiendam</span> <span class='ocrx_word' id='word_1_235' title='bbox 2385 3014 2494 3062; x_wconf 88' lang='lat' dir='ltr'>libri</span> <span class='ocrx_word' id='word_1_236' title='bbox 2521 3013 2942 3072; x_wconf 86' lang='lat' dir='ltr'>emendationem,</span> 
     </span>
     <span class='ocr_line' id='line_1_22' title="bbox 365 3079 2248 3146; baseline 0.003 -19"><span class='ocrx_word' id='word_1_237' title='bbox 365 3079 408 3127; x_wconf 88' lang='lat' dir='ltr'>si</span> <span class='ocrx_word' id='word_1_238' title='bbox 436 3093 621 3143; x_wconf 86' lang='lat' dir='ltr'>operae</span> <span class='ocrx_word' id='word_1_239' title='bbox 648 3081 863 3142; x_wconf 89' lang='lat' dir='ltr'>pretium</span> <span class='ocrx_word' id='word_1_240' title='bbox 888 3090 984 3138; x_wconf 86' lang='lat' dir='ltr'>est,</span> <span class='ocrx_word' id='word_1_241' title='bbox 1015 3081 1168 3130; x_wconf 89' lang='lat' dir='ltr'>multo</span> <span class='ocrx_word' id='word_1_242' title='bbox 1204 3082 1350 3146; x_wconf 86' lang='lat' dir='ltr'>plura</span> <span class='ocrx_word' id='word_1_243' title='bbox 1376 3083 1527 3130; x_wconf 87' lang='lat' dir='ltr'>etiam</span> <span class='ocrx_word' id='word_1_244' title='bbox 1553 3096 1824 3146; x_wconf 85' lang='lat' dir='ltr'>superesse</span> <span class='ocrx_word' id='word_1_245' title='bbox 1850 3081 1997 3130; x_wconf 74' lang='lat' dir='ltr'>facile</span> <span class='ocrx_word' id='word_1_246' title='bbox 2022 3082 2248 3146; x_wconf 85' lang='lat' dir='ltr'>adparet.</span> 
     </span>
    </p>
   </div>
   <div class='ocr_carea' id='block_1_6' title="bbox 364 3163 2947 4730">
    <p class='ocr_par' dir='ltr' id='par_1_6' title="bbox 393 3163 2942 3230">
     <span class='ocr_line' id='line_1_23' title="bbox 393 3163 2942 3230; baseline 0.002 -19"><span class='ocrx_word' id='word_1_247' title='bbox 393 3165 443 3224; x_wconf 84' lang='lat'>9,</span> <span class='ocrx_word' id='word_1_248' title='bbox 470 3165 493 3212; x_wconf 92' lang='lat'>1</span> <span class='ocrx_word' id='word_1_249' title='bbox 570 3163 734 3212; x_wconf 84' lang='lat' dir='ltr'>SCDo</span> <span class='ocrx_word' id='word_1_250' title='bbox 767 3200 778 3210; x_wconf 92' lang='lat'><strong>.</strong></span> <span class='ocrx_word' id='word_1_251' title='bbox 803 3202 816 3213; x_wconf 93' lang='lat'><strong>.</strong></span> <span class='ocrx_word' id='word_1_252' title='bbox 838 3199 851 3213; x_wconf 89' lang='lat'><strong>.</strong></span> <span class='ocrx_word' id='word_1_253' title='bbox 888 3165 1020 3212; x_wconf 74' lang='lat' dir='ltr'>RAT</span> <span class='ocrx_word' id='word_1_254' title='bbox 1131 3201 1143 3212; x_wconf 89' lang='lat'><strong>.</strong></span> <span class='ocrx_word' id='word_1_255' title='bbox 1183 3165 1506 3215; x_wconf 80' lang='lat' dir='ltr'>IAMANlVS</span> <span class='ocrx_word' id='word_1_256' title='bbox 1540 3168 1614 3215; x_wconf 82' lang='lat' dir='ltr'>ita</span> <span class='ocrx_word' id='word_1_257' title='bbox 1646 3168 1845 3230; x_wconf 80' lang='lat' dir='ltr'>scripta</span> <span class='ocrx_word' id='word_1_258' title='bbox 1876 3173 1993 3214; x_wconf 74' lang='lat' dir='ltr'>sune</span> <span class='ocrx_word' id='word_1_259' title='bbox 2024 3168 2075 3215; x_wconf 80' lang='lat' dir='ltr'>in</span> <span class='ocrx_word' id='word_1_260' title='bbox 2111 3168 2302 3227; x_wconf 82' lang='lat' dir='ltr'>codice,</span> <span class='ocrx_word' id='word_1_261' title='bbox 2341 3173 2392 3214; x_wconf 80' lang='lat' dir='ltr'>ut</span> <span class='ocrx_word' id='word_1_262' title='bbox 2418 3167 2489 3214; x_wconf 81' lang='lat' dir='ltr'>ad</span> <span class='ocrx_word' id='word_1_263' title='bbox 2515 3166 2746 3215; x_wconf 80' lang='lat' dir='ltr'>Cledonii</span> <span class='ocrx_word' id='word_1_264' title='bbox 2767 3166 2942 3215; x_wconf 80' lang='lat' dir='ltr'>librum</span> 
     </span>
    </p>

    <p class='ocr_par' dir='ltr' id='par_1_7' title="bbox 561 3233 2946 3298">
     <span class='ocr_line' id='line_1_24' title="bbox 561 3233 2946 3298; baseline 0.001 -19"><span class='ocrx_word' id='word_1_265' title='bbox 561 3247 661 3281; x_wconf 81' lang='lat' dir='ltr'>non</span> <span class='ocrx_word' id='word_1_266' title='bbox 693 3233 958 3295; x_wconf 77' lang='lat' dir='ltr'>pertinere</span> <span class='ocrx_word' id='word_1_267' title='bbox 992 3233 1275 3284; x_wconf 79' lang='lat' dir='ltr'>videantur.</span> <span class='ocrx_word' id='word_1_268' title='bbox 1322 3236 1537 3282; x_wconf 73' lang='lat' dir='ltr'>ultimum</span> <span class='ocrx_word' id='word_1_269' title='bbox 1572 3241 1711 3284; x_wconf 82' lang='lat' dir='ltr'>certe</span> <span class='ocrx_word' id='word_1_270' title='bbox 1745 3235 2030 3284; x_wconf 73' lang='lat' dir='ltr'>vocabulum</span> <span class='ocrx_word' id='word_1_271' title='bbox 2065 3243 2247 3297; x_wconf 76' lang='lat' dir='ltr'>postea</span> <span class='ocrx_word' id='word_1_272' title='bbox 2283 3235 2539 3297; x_wconf 71' lang='lat' dir='ltr'>adpictum</span> <span class='ocrx_word' id='word_1_273' title='bbox 2575 3250 2688 3283; x_wconf 77' lang='lat' dir='ltr'>esse</span> <span class='ocrx_word' id='word_1_274' title='bbox 2725 3236 2946 3298; x_wconf 78' lang='lat' dir='ltr'>adparet</span> 
     </span>
    </p>

    <p class='ocr_par' dir='ltr' id='par_1_8' title="bbox 459 3299 2947 3498">
     <span class='ocr_line' id='line_1_25' title="bbox 459 3299 2938 3366; baseline 0.002 -19"><span class='ocrx_word' id='word_1_275' title='bbox 459 3300 491 3347; x_wconf 86' lang='lat'>8</span> <span class='ocrx_word' id='word_1_276' title='bbox 565 3299 885 3349; x_wconf 84' lang='lat' dir='ltr'>necessitudo</span> <span class='ocrx_word' id='word_1_277' title='bbox 921 3307 1167 3351; x_wconf 85' lang='lat' dir='ltr'>versetur.</span> <span class='ocrx_word' id='word_1_278' title='bbox 1241 3313 1338 3349; x_wconf 91' lang='lat' dir='ltr'>non</span> <span class='ocrx_word' id='word_1_279' title='bbox 1384 3301 1678 3364; x_wconf 87' lang='lat' dir='ltr'>adgrediar:</span> <span class='ocrx_word' id='word_1_280' title='bbox 1726 3302 1996 3350; x_wconf 85' lang='lat' dir='ltr'>indevotus</span> <span class='ocrx_word' id='word_1_281' title='bbox 2030 3317 2109 3349; x_wconf 88' lang='lat' dir='ltr'>me</span> <span class='ocrx_word' id='word_1_282' title='bbox 2144 3317 2345 3365; x_wconf 89' lang='lat' dir='ltr'>quoque</span> <span class='ocrx_word' id='word_1_283' title='bbox 2385 3310 2660 3352; x_wconf 84' lang='lat' dir='ltr'>accusante</span> <span class='ocrx_word' id='word_1_284' title='bbox 2704 3303 2938 3366; x_wconf 84' lang='lat' dir='ltr'>reperiar.</span> 
     </span>
     <span class='ocr_line' id='line_1_26' title="bbox 561 3366 2947 3434; baseline 0.002 -20"><span class='ocrx_word' id='word_1_285' title='bbox 561 3366 855 3432; x_wconf 84' lang='lat' dir='ltr'>adgrediar:</span> <span class='ocrx_word' id='word_1_286' title='bbox 894 3367 1187 3417; x_wconf 89' lang='lat' dir='ltr'>temeritatis</span> <span class='ocrx_word' id='word_1_287' title='bbox 1223 3369 1429 3418; x_wconf 83' lang='lat' dir='ltr'>flatibus</span> <span class='ocrx_word' id='word_1_288' title='bbox 1461 3379 1603 3417; x_wconf 89' lang='lat' dir='ltr'>aestu</span> <span class='ocrx_word' id='word_1_289' title='bbox 1643 3370 1925 3434; x_wconf 86' lang='lat' dir='ltr'>procelloso</span> <span class='ocrx_word' id='word_1_290' title='bbox 1952 3369 2173 3418; x_wconf 87' lang='lat' dir='ltr'>iactabor</span> <span class='ocrx_word' id='word_1_291' title='bbox 2200 3378 2248 3418; x_wconf 90' lang='lat' dir='ltr'>et</span> <span class='ocrx_word' id='word_1_292' title='bbox 2273 3382 2371 3418; x_wconf 84' lang='lat' dir='ltr'>tam</span> <span class='ocrx_word' id='word_1_293' title='bbox 2400 3371 2696 3418; x_wconf 87' lang='lat' dir='ltr'>temerarius</span> <span class='ocrx_word' id='word_1_294' title='bbox 2723 3371 2947 3433; x_wconf 84' lang='lat' dir='ltr'>corrigar</span> 
     </span>
     <span class='ocr_line' id='line_1_27' title="bbox 563 3435 1463 3498; baseline 0.002 -15"><span class='ocrx_word' id='word_1_295' title='bbox 563 3450 713 3498; x_wconf 88' lang='lat' dir='ltr'>quam</span> <span class='ocrx_word' id='word_1_296' title='bbox 741 3435 943 3485; x_wconf 87' lang='lat' dir='ltr'>nomine</span> <span class='ocrx_word' id='word_1_297' title='bbox 968 3435 1244 3484; x_wconf 89' lang='lat' dir='ltr'>conditoris</span> <span class='ocrx_word' id='word_1_298' title='bbox 1270 3435 1463 3485; x_wconf 81' lang='lat' dir='ltr'>afficiar</span> 
     </span>
    </p>

    <p class='ocr_par' dir='ltr' id='par_1_9' title="bbox 464 3502 2946 3704">
     <span class='ocr_line' id='line_1_28' title="bbox 464 3502 2944 3572; baseline 0.002 -21"><span class='ocrx_word' id='word_1_299' title='bbox 464 3505 526 3552; x_wconf 86' lang='lat'>15</span> <span class='ocrx_word' id='word_1_300' title='bbox 562 3503 722 3552; x_wconf 87' lang='lat' dir='ltr'>Basso</span> <span class='ocrx_word' id='word_1_301' title='bbox 749 3503 1027 3568; x_wconf 76' lang='lat' dir='ltr'>(superser-</span> <span class='ocrx_word' id='word_1_302' title='bbox 1055 3502 1139 3564; x_wconf 88' lang='lat' dir='ltr'>ex)</span> <span class='ocrx_word' id='word_1_303' title='bbox 1160 3506 1355 3553; x_wconf 80' lang='lat' dir='ltr'>recenti</span> <span class='ocrx_word' id='word_1_304' title='bbox 1385 3521 1532 3554; x_wconf 81' lang='lat' dir='ltr'>manu</span> <span class='ocrx_word' id='word_1_305' title='bbox 1555 3506 1606 3553; x_wconf 82' lang='lat' dir='ltr'>in</span> <span class='ocrx_word' id='word_1_306' title='bbox 1631 3507 1856 3569; x_wconf 70' lang='lat' dir='ltr'>maryine</span> <span class='ocrx_word' id='word_1_307' title='bbox 1879 3506 2120 3568; x_wconf 76' lang='lat' dir='ltr'>scriptum</span> <span class='ocrx_word' id='word_1_308' title='bbox 2143 3513 2235 3558; x_wconf 78' lang='lat' dir='ltr'>est.</span> <span class='ocrx_word' id='word_1_309' title='bbox 2280 3505 2536 3567; x_wconf 79' lang='lat' dir='ltr'>lNDUAS,</span> <span class='ocrx_word' id='word_1_310' title='bbox 2563 3509 2700 3571; x_wconf 79' lang='lat' dir='ltr'>quod</span> <span class='ocrx_word' id='word_1_311' title='bbox 2719 3509 2944 3572; x_wconf 80' lang='lat' dir='ltr'>scripse·</span> 
     </span>
     <span class='ocr_line' id='line_1_29' title="bbox 560 3570 2946 3636; baseline 0.003 -18"><span class='ocrx_word' id='word_1_312' title='bbox 560 3578 647 3619; x_wconf 82' lang='lat' dir='ltr'>rat</span> <span class='ocrx_word' id='word_1_313' title='bbox 687 3570 950 3628; x_wconf 74' lang='lat' dir='ltr'>librarius,</span> <span class='ocrx_word' id='word_1_314' title='bbox 973 3577 1156 3636; x_wconf 81' lang='lat' dir='ltr'>postea</span> <span class='ocrx_word' id='word_1_315' title='bbox 1189 3574 1375 3622; x_wconf 76' lang='lat' dir='ltr'>litteris</span> <span class='ocrx_word' id='word_1_316' title='bbox 1415 3576 1542 3622; x_wconf 80' lang='lat' dir='ltr'>male</span> <span class='ocrx_word' id='word_1_317' title='bbox 1577 3572 1806 3622; x_wconf 74' lang='lat' dir='ltr'>obductis</span> <span class='ocrx_word' id='word_1_318' title='bbox 1843 3573 2033 3634; x_wconf 75' lang='lat' dir='ltr'>factmn</span> <span class='ocrx_word' id='word_1_319' title='bbox 2069 3582 2145 3623; x_wconf 73' lang='lat' dir='ltr'>est</span> <span class='ocrx_word' id='word_1_320' title='bbox 2188 3573 2419 3626; x_wconf 82' lang='lat' dir='ltr'><strong>NOUAS.</strong></span> <span class='ocrx_word' id='word_1_321' title='bbox 2478 3577 2675 3624; x_wconf 77' lang='lat' dir='ltr'>recenti</span> <span class='ocrx_word' id='word_1_322' title='bbox 2707 3592 2852 3624; x_wconf 78' lang='lat' dir='ltr'>nmnu</span> <span class='ocrx_word' id='word_1_323' title='bbox 2896 3578 2946 3624; x_wconf 81' lang='lat' dir='ltr'>in</span> 
     </span>
     <span class='ocr_line' id='line_1_30' title="bbox 560 3639 1728 3704; baseline 0.003 -17"><span class='ocrx_word' id='word_1_324' title='bbox 560 3641 785 3703; x_wconf 65' lang='lat' dir='ltr'>margine</span> <span class='ocrx_word' id='word_1_325' title='bbox 810 3642 986 3689; x_wconf 77' lang='lat' dir='ltr'>iterum</span> <span class='ocrx_word' id='word_1_326' title='bbox 1019 3641 1329 3704; x_wconf 69' lang='lat' dir='ltr'>adam-iphem</span> <span class='ocrx_word' id='word_1_327' title='bbox 1352 3649 1430 3690; x_wconf 81' lang='lat' dir='ltr'>est</span> <span class='ocrx_word' id='word_1_328' title='bbox 1455 3640 1519 3690; x_wconf 84' lang='grc' dir='ltr'>ΙΝ</span> <span class='ocrx_word' id='word_1_329' title='bbox 1554 3639 1728 3690; x_wconf 81' lang='lat' dir='ltr'>DVAS</span> 
     </span>
    </p>

    <p class='ocr_par' dir='ltr' id='par_1_10' title="bbox 366 3706 2228 3774">
     <span class='ocr_line' id='line_1_31' title="bbox 366 3706 2228 3774; baseline 0.003 -20"><span class='ocrx_word' id='word_1_330' title='bbox 366 3708 443 3764; x_wconf 90' lang='lat'>11,</span> <span class='ocrx_word' id='word_1_331' title='bbox 469 3708 529 3756; x_wconf 91' lang='lat'>13</span> <span class='ocrx_word' id='word_1_332' title='bbox 568 3716 622 3756; x_wconf 87' lang='lat' dir='ltr'>ut</span> <span class='ocrx_word' id='word_1_333' title='bbox 647 3706 831 3756; x_wconf 81' lang='lat' dir='ltr'>efficax</span> <span class='ocrx_word' id='word_1_334' title='bbox 855 3723 944 3772; x_wconf 92' lang='lat' dir='ltr'>pro</span> <span class='ocrx_word' id='word_1_335' title='bbox 971 3707 1215 3766; x_wconf 83' lang='lat' dir='ltr'>efficiens,</span> <span class='ocrx_word' id='word_1_336' title='bbox 1243 3719 1299 3758; x_wconf 90' lang='lat' dir='ltr'>ut</span> <span class='ocrx_word' id='word_1_337' title='bbox 1325 3710 1655 3774; x_wconf 81' lang='lat' dir='ltr'>nugigerulus</span> <span class='ocrx_word' id='word_1_338' title='bbox 1682 3724 1774 3774; x_wconf 87' lang='lat' dir='ltr'>pro</span> <span class='ocrx_word' id='word_1_339' title='bbox 1805 3725 1965 3774; x_wconf 83' lang='lat' dir='ltr'>nugas</span> <span class='ocrx_word' id='word_1_340' title='bbox 1990 3710 2228 3760; x_wconf 80' lang='lat' dir='ltr'>adferens</span> 
     </span>
    </p>

    <p class='ocr_par' dir='ltr' id='par_1_11' title="bbox 465 3776 2942 3978">
     <span class='ocr_line' id='line_1_32' title="bbox 465 3776 2942 3839; baseline 0.002 -16"><span class='ocrx_word' id='word_1_341' title='bbox 465 3777 667 3825; x_wconf 83' lang='grc'>14--20</span> <span class='ocrx_word' id='word_1_342' title='bbox 699 3776 1028 3839; x_wconf 74' lang='lat' dir='ltr'>perturbatus</span> <span class='ocrx_word' id='word_1_343' title='bbox 1052 3777 1314 3827; x_wconf 82' lang='lat' dir='ltr'>verborum</span> <span class='ocrx_word' id='word_1_344' title='bbox 1337 3779 1465 3828; x_wconf 77' lang='lat' dir='ltr'>ordo</span> <span class='ocrx_word' id='word_1_345' title='bbox 1489 3779 1566 3827; x_wconf 81' lang='lat' dir='ltr'>sic</span> <span class='ocrx_word' id='word_1_346' title='bbox 1589 3779 1789 3827; x_wconf 78' lang='lat' dir='ltr'>videtur</span> <span class='ocrx_word' id='word_1_347' title='bbox 1821 3780 2163 3828; x_wconf 76' lang='lat' dir='ltr'>restituendus</span> <span class='ocrx_word' id='word_1_348' title='bbox 2187 3794 2313 3835; x_wconf 79' lang='lat' dir='ltr'>esse,</span> <span class='ocrx_word' id='word_1_349' title='bbox 2342 3796 2370 3828; x_wconf 86' lang='lat' dir='ltr'>a</span> <span class='ocrx_word' id='word_1_350' title='bbox 2398 3779 2473 3827; x_wconf 91' lang='lat' dir='ltr'>vel</span> <span class='ocrx_word' id='word_1_351' title='bbox 2503 3794 2531 3828; x_wconf 93' lang='lat' dir='ltr'>o</span> <span class='ocrx_word' id='word_1_352' title='bbox 2559 3777 2747 3829; x_wconf 81' lang='lat' dir='ltr'>l’u‘erint</span> <span class='ocrx_word' id='word_1_353' title='bbox 2771 3781 2942 3829; x_wconf 90' lang='lat' dir='ltr'>termi-</span> 
     </span>
     <span class='ocr_line' id='line_1_33' title="bbox 562 3845 2940 3911; baseline 0.001 -19"><span class='ocrx_word' id='word_1_354' title='bbox 562 3855 704 3892; x_wconf 86' lang='lat' dir='ltr'>nata:</span> <span class='ocrx_word' id='word_1_355' title='bbox 740 3855 939 3910; x_wconf 87' lang='lat' dir='ltr'>praeter</span> <span class='ocrx_word' id='word_1_356' title='bbox 966 3870 1026 3879; x_wconf 92' lang='lat'>—</span> <span class='ocrx_word' id='word_1_357' title='bbox 1052 3845 1286 3894; x_wconf 89' lang='lat' dir='ltr'>anomala</span> <span class='ocrx_word' id='word_1_358' title='bbox 1320 3855 1455 3897; x_wconf 84' lang='lat' dir='ltr'>sunt.</span> <span class='ocrx_word' id='word_1_359' title='bbox 1505 3847 1797 3908; x_wconf 86' lang='lat' dir='ltr'>genetivum</span> <span class='ocrx_word' id='word_1_360' title='bbox 1836 3847 2080 3911; x_wconf 86' lang='lat' dir='ltr'>pluralem</span> <span class='ocrx_word' id='word_1_361' title='bbox 2114 3873 2182 3886; x_wconf 89' lang='lat'>-</span> <span class='ocrx_word' id='word_1_362' title='bbox 2214 3849 2276 3902; x_wconf 58' lang='lat' dir='ltr'>in,</span> <span class='ocrx_word' id='word_1_363' title='bbox 2301 3848 2371 3895; x_wconf 88' lang='lat' dir='ltr'>is:</span> <span class='ocrx_word' id='word_1_364' title='bbox 2412 3856 2464 3895; x_wconf 89' lang='lat' dir='ltr'>ut</span> <span class='ocrx_word' id='word_1_365' title='bbox 2500 3848 2643 3897; x_wconf 82' lang='lat' dir='ltr'>Musa</span> <span class='ocrx_word' id='word_1_366' title='bbox 2683 3849 2940 3898; x_wconf 84' lang='lat' dir='ltr'>Musarum</span> 
     </span>
     <span class='ocr_line' id='line_1_34' title="bbox 562 3911 2569 3978; baseline 0.002 -18"><span class='ocrx_word' id='word_1_367' title='bbox 562 3911 739 3962; x_wconf 83' lang='lat' dir='ltr'>Musis.</span> <span class='ocrx_word' id='word_1_368' title='bbox 789 3913 834 3961; x_wconf 85' lang='lat' dir='ltr'>si</span> <span class='ocrx_word' id='word_1_369' title='bbox 859 3928 886 3960; x_wconf 93' lang='lat' dir='ltr'>e</span> <span class='ocrx_word' id='word_1_370' title='bbox 911 3924 1142 3978; x_wconf 87' lang='lat' dir='ltr'>correpta</span> <span class='ocrx_word' id='word_1_371' title='bbox 1167 3940 1231 3947; x_wconf 89' lang='lat'>—</span> <span class='ocrx_word' id='word_1_372' title='bbox 1258 3914 1406 3975; x_wconf 89' lang='lat' dir='ltr'>siqua</span> <span class='ocrx_word' id='word_1_373' title='bbox 1430 3914 1567 3964; x_wconf 87' lang='lat' dir='ltr'>talia.</span> <span class='ocrx_word' id='word_1_374' title='bbox 1619 3914 1958 3978; x_wconf 83' lang='lat' dir='ltr'>intellegimus</span> <span class='ocrx_word' id='word_1_375' title='bbox 1995 3917 2144 3966; x_wconf 85' lang='lat' dir='ltr'>etiam</span> <span class='ocrx_word' id='word_1_376' title='bbox 2173 3916 2285 3966; x_wconf 81' lang='lat' dir='ltr'>hinc</span> <span class='ocrx_word' id='word_1_377' title='bbox 2313 3943 2374 3951; x_wconf 93' lang='lat'>—</span> <span class='ocrx_word' id='word_1_378' title='bbox 2402 3930 2569 3965; x_wconf 85' lang='lat' dir='ltr'>rerum</span> 
     </span>
    </p>

    <p class='ocr_par' dir='ltr' id='par_1_12' title="bbox 461 3979 1502 4046">
     <span class='ocr_line' id='line_1_35' title="bbox 461 3979 1502 4046; baseline 0.005 -19"><span class='ocrx_word' id='word_1_379' title='bbox 461 3980 526 4028; x_wconf 91' lang='grc'>22</span> <span class='ocrx_word' id='word_1_380' title='bbox 565 3991 618 4029; x_wconf 92' lang='lat' dir='ltr'>ut</span> <span class='ocrx_word' id='word_1_381' title='bbox 643 3979 794 4029; x_wconf 90' lang='lat' dir='ltr'>huius</span> <span class='ocrx_word' id='word_1_382' title='bbox 817 3981 1025 4045; x_wconf 89' lang='lat' dir='ltr'>parietis</span> <span class='ocrx_word' id='word_1_383' title='bbox 1050 3980 1228 4031; x_wconf 81' lang='lat' dir='ltr'>horum</span> <span class='ocrx_word' id='word_1_384' title='bbox 1256 3983 1502 4046; x_wconf 88' lang='lat' dir='ltr'>parietum</span> 
     </span>
    </p>

    <p class='ocr_par' dir='ltr' id='par_1_13' title="bbox 460 4048 1561 4112">
     <span class='ocr_line' id='line_1_36' title="bbox 460 4048 1561 4112; baseline 0.002 -15"><span class='ocrx_word' id='word_1_385' title='bbox 460 4049 528 4098; x_wconf 81' lang='lat'>25</span> <span class='ocrx_word' id='word_1_386' title='bbox 565 4048 701 4112; x_wconf 85' lang='lat' dir='ltr'>quod</span> <span class='ocrx_word' id='word_1_387' title='bbox 724 4048 807 4097; x_wconf 88' lang='lat' dir='ltr'>alii</span> <span class='ocrx_word' id='word_1_388' title='bbox 830 4048 984 4097; x_wconf 86' lang='lat' dir='ltr'>aliurn</span> <span class='ocrx_word' id='word_1_389' title='bbox 1013 4064 1189 4099; x_wconf 87' lang='lat' dir='ltr'>casum</span> <span class='ocrx_word' id='word_1_390' title='bbox 1214 4050 1561 4100; x_wconf 86' lang='lat' dir='ltr'>demonstrent</span> 
     </span>
    </p>

    <p class='ocr_par' dir='ltr' id='par_1_14' title="bbox 463 4116 1502 4168">
     <span class='ocr_line' id='line_1_37' title="bbox 463 4116 1502 4168; baseline 0.003 -3"><span class='ocrx_word' id='word_1_391' title='bbox 463 4117 528 4165; x_wconf 80' lang='lat'>28</span> <span class='ocrx_word' id='word_1_392' title='bbox 564 4116 644 4165; x_wconf 84' lang='lat' dir='ltr'>hic</span> <span class='ocrx_word' id='word_1_393' title='bbox 671 4117 851 4166; x_wconf 84' lang='lat' dir='ltr'>fluctus</span> <span class='ocrx_word' id='word_1_394' title='bbox 876 4116 1028 4167; x_wconf 88' lang='lat' dir='ltr'>huius</span> <span class='ocrx_word' id='word_1_395' title='bbox 1056 4120 1240 4168; x_wconf 81' lang='lat' dir='ltr'>unctus</span> <span class='ocrx_word' id='word_1_396' title='bbox 1264 4135 1293 4166; x_wconf 93' lang='lat' dir='ltr'>o</span> <span class='ocrx_word' id='word_1_397' title='bbox 1320 4120 1502 4168; x_wconf 82' lang='lat' dir='ltr'>fluctus</span> 
     </span>
    </p>

    <p class='ocr_par' dir='ltr' id='par_1_15' title="bbox 460 4183 2940 4319">
     <span class='ocr_line' id='line_1_38' title="bbox 460 4183 2940 4243; baseline 0.002 -9"><span class='ocrx_word' id='word_1_398' title='bbox 460 4186 525 4234; x_wconf 84' lang='lat'>30</span> <span class='ocrx_word' id='word_1_399' title='bbox 560 4186 610 4233; x_wconf 89' lang='lat' dir='ltr'>in</span> <span class='ocrx_word' id='word_1_400' title='bbox 636 4185 698 4243; x_wconf 90' lang='lat' dir='ltr'>is,</span> <span class='ocrx_word' id='word_1_401' title='bbox 727 4183 808 4233; x_wconf 78' lang='lat' dir='ltr'>liic</span> <span class='ocrx_word' id='word_1_402' title='bbox 833 4185 1011 4235; x_wconf 87' lang='lat' dir='ltr'>doctus</span> <span class='ocrx_word' id='word_1_403' title='bbox 1038 4185 1189 4236; x_wconf 79' lang='lat' dir='ltr'>liuius</span> <span class='ocrx_word' id='word_1_404' title='bbox 1216 4187 1348 4236; x_wconf 90' lang='lat' dir='ltr'>docti</span> <span class='ocrx_word' id='word_1_405' title='bbox 1375 4202 1403 4236; x_wconf 93' lang='lat' dir='ltr'>o</span> <span class='ocrx_word' id='word_1_406' title='bbox 1430 4187 1579 4237; x_wconf 89' lang='lat' dir='ltr'>docte</span> <span class='ocrx_word' id='word_1_407' title='bbox 1604 4186 1782 4237; x_wconf 86' lang='lat' dir='ltr'>horum</span> <span class='ocrx_word' id='word_1_408' title='bbox 1810 4188 2071 4238; x_wconf 89' lang='lat' dir='ltr'>doctorum</span> <span class='ocrx_word' id='word_1_409' title='bbox 2100 4189 2177 4239; x_wconf 76' lang='lat' dir='ltr'>liis</span> <span class='ocrx_word' id='word_1_410' title='bbox 2205 4198 2253 4239; x_wconf 90' lang='lat' dir='ltr'>et</span> <span class='ocrx_word' id='word_1_411' title='bbox 2278 4191 2341 4239; x_wconf 90' lang='lat' dir='ltr'>ab</span> <span class='ocrx_word' id='word_1_412' title='bbox 2369 4190 2447 4240; x_wconf 80' lang='lat' dir='ltr'>liis</span> <span class='ocrx_word' id='word_1_413' title='bbox 2473 4191 2650 4240; x_wconf 89' lang='lat' dir='ltr'>doctis.</span> <span class='ocrx_word' id='word_1_414' title='bbox 2689 4191 2940 4240; x_wconf 83' lang='lat' dir='ltr'>interdum</span> 
     </span>
     <span class='ocr_line' id='line_1_39' title="bbox 559 4251 1569 4319; baseline 0.003 -19"><span class='ocrx_word' id='word_1_415' title='bbox 559 4278 627 4289; x_wconf 92' lang='lat'>--</span> <span class='ocrx_word' id='word_1_416' title='bbox 652 4263 707 4301; x_wconf 91' lang='lat' dir='ltr'>ut</span> <span class='ocrx_word' id='word_1_417' title='bbox 732 4251 938 4316; x_wconf 88' lang='lat' dir='ltr'>Salusti,</span> <span class='ocrx_word' id='word_1_418' title='bbox 965 4255 1039 4303; x_wconf 91' lang='lat' dir='ltr'>sic</span> <span class='ocrx_word' id='word_1_419' title='bbox 1064 4265 1112 4303; x_wconf 90' lang='lat' dir='ltr'>et</span> <span class='ocrx_word' id='word_1_420' title='bbox 1138 4255 1347 4315; x_wconf 83' lang='lat' dir='ltr'>Varius;</span> <span class='ocrx_word' id='word_1_421' title='bbox 1376 4256 1569 4319; x_wconf 86' lang='lat' dir='ltr'>antiqui</span> 
     </span>
    </p>

    <p class='ocr_par' dir='ltr' id='par_1_16' title="bbox 364 4320 2074 4387">
     <span class='ocr_line' id='line_1_40' title="bbox 364 4320 2074 4387; baseline 0.004 -17"><span class='ocrx_word' id='word_1_422' title='bbox 364 4323 442 4381; x_wconf 89' lang='grc'>12,</span> <span class='ocrx_word' id='word_1_423' title='bbox 464 4322 525 4372; x_wconf 87' lang='grc'>16</span> <span class='ocrx_word' id='word_1_424' title='bbox 560 4321 894 4371; x_wconf 78' lang='lat' dir='ltr'>verrinarum</span> <span class='ocrx_word' id='word_1_425' title='bbox 920 4320 1159 4387; x_wconf 85' lang='lat' dir='ltr'>septimo]</span> <span class='ocrx_word' id='word_1_426' title='bbox 1191 4325 1242 4372; x_wconf 78' lang='lat' dir='ltr'>in</span> <span class='ocrx_word' id='word_1_427' title='bbox 1275 4323 1430 4373; x_wconf 81' lang='lat' dir='ltr'>Ver-r.</span> <span class='ocrx_word' id='word_1_428' title='bbox 1458 4332 1560 4374; x_wconf 84' lang='lat' dir='ltr'>act.</span> <span class='ocrx_word' id='word_1_429' title='bbox 1584 4339 1690 4373; x_wconf 74' lang='lat' dir='ltr'>sec.</span> <span class='ocrx_word' id='word_1_430' title='bbox 1718 4326 1762 4374; x_wconf 92' lang='lat' dir='ltr'>V</span> <span class='ocrx_word' id='word_1_431' title='bbox 1788 4327 1871 4384; x_wconf 77' lang='lat'>34,</span> <span class='ocrx_word' id='word_1_432' title='bbox 1900 4329 1983 4377; x_wconf 84' lang='lat'>89.</span> <span class='ocrx_word' id='word_1_433' title='bbox 2011 4330 2074 4378; x_wconf 77' lang='lat'>91</span> 
     </span>
    </p>

    <p class='ocr_par' dir='ltr' id='par_1_17' title="bbox 461 4389 2942 4508">
     <span class='ocr_line' id='line_1_41' title="bbox 461 4389 2942 4461; baseline 0.004 -24"><span class='ocrx_word' id='word_1_434' title='bbox 461 4391 525 4438; x_wconf 88' lang='grc'>20</span> <span class='ocrx_word' id='word_1_435' title='bbox 562 4389 846 4453; x_wconf 72' lang='lat' dir='ltr'>praefectus</span> <span class='ocrx_word' id='word_1_436' title='bbox 887 4391 934 4438; x_wconf 92' lang='lat' dir='ltr'>si</span> <span class='ocrx_word' id='word_1_437' title='bbox 974 4391 1293 4456; x_wconf 85' lang='lat' dir='ltr'>participium</span> <span class='ocrx_word' id='word_1_438' title='bbox 1338 4391 1550 4456; x_wconf 86' lang='lat' dir='ltr'>dixeris,</span> <span class='ocrx_word' id='word_1_439' title='bbox 1597 4394 1923 4458; x_wconf 88' lang='lat' dir='ltr'>praeteritum</span> <span class='ocrx_word' id='word_1_440' title='bbox 1968 4396 2242 4461; x_wconf 88' lang='lat' dir='ltr'>perl&#39;ectnm</span> <span class='ocrx_word' id='word_1_441' title='bbox 2289 4405 2366 4445; x_wconf 88' lang='lat' dir='ltr'>est</span> <span class='ocrx_word' id='word_1_442' title='bbox 2410 4405 2459 4446; x_wconf 88' lang='lat' dir='ltr'>et</span> <span class='ocrx_word' id='word_1_443' title='bbox 2503 4396 2766 4446; x_wconf 81' lang='lat' dir='ltr'>faciendus</span> <span class='ocrx_word' id='word_1_444' title='bbox 2812 4396 2942 4446; x_wconf 85' lang='lat' dir='ltr'>l&#39;utu·</span> 
     </span>
     <span class='ocr_line' id='line_1_42' title="bbox 561 4469 783 4508; baseline 0 -1"><span class='ocrx_word' id='word_1_445' title='bbox 561 4473 672 4507; x_wconf 87' lang='lat' dir='ltr'>rum</span> <span class='ocrx_word' id='word_1_446' title='bbox 704 4469 783 4508; x_wconf 88' lang='lat' dir='ltr'>est</span> 
     </span>
    </p>

    <p class='ocr_par' dir='ltr' id='par_1_18' title="bbox 463 4526 2945 4730">
     <span class='ocr_line' id='line_1_43' title="bbox 463 4526 2945 4597; baseline 0.003 -24"><span class='ocrx_word' id='word_1_447' title='bbox 463 4526 528 4574; x_wconf 85' lang='grc'>28</span> <span class='ocrx_word' id='word_1_448' title='bbox 564 4537 652 4575; x_wconf 87' lang='lat' dir='ltr'>aut</span> <span class='ocrx_word' id='word_1_449' title='bbox 675 4527 927 4592; x_wconf 85' lang='lat' dir='ltr'>praetorio</span> <span class='ocrx_word' id='word_1_450' title='bbox 954 4537 1041 4576; x_wconf 91' lang='lat' dir='ltr'>aut</span> <span class='ocrx_word' id='word_1_451' title='bbox 1064 4526 1283 4576; x_wconf 76' lang='lat' dir='ltr'>fabricae</span> <span class='ocrx_word' id='word_1_452' title='bbox 1309 4529 1392 4591; x_wconf 89' lang='lat' dir='ltr'>qui</span> <span class='ocrx_word' id='word_1_453' title='bbox 1419 4531 1780 4594; x_wconf 86' lang='lat' dir='ltr'>superpositus</span> <span class='ocrx_word' id='word_1_454' title='bbox 1818 4530 1970 4580; x_wconf 85' lang='lat' dir='ltr'>l&#39;uerit</span> <span class='ocrx_word' id='word_1_455' title='bbox 1995 4547 2024 4579; x_wconf 86' lang='lat' dir='ltr'>a</span> <span class='ocrx_word' id='word_1_456' title='bbox 2051 4532 2304 4597; x_wconf 77' lang='lat' dir='ltr'>praesecto</span> <span class='ocrx_word' id='word_1_457' title='bbox 2333 4533 2408 4582; x_wconf 90' lang='lat' dir='ltr'>vel</span> <span class='ocrx_word' id='word_1_458' title='bbox 2444 4533 2672 4583; x_wconf 75' lang='lat' dir='ltr'>fabricae</span> <span class='ocrx_word' id='word_1_459' title='bbox 2699 4533 2776 4581; x_wconf 82' lang='lat' dir='ltr'>vel</span> <span class='ocrx_word' id='word_1_460' title='bbox 2802 4548 2945 4597; x_wconf 89' lang='lat' dir='ltr'>prae·</span> 
     </span>
     <span class='ocr_line' id='line_1_44' title="bbox 563 4595 2942 4666; baseline 0.003 -23"><span class='ocrx_word' id='word_1_461' title='bbox 563 4596 692 4644; x_wconf 88' lang='lat' dir='ltr'>torio</span> <span class='ocrx_word' id='word_1_462' title='bbox 727 4596 804 4643; x_wconf 87' lang='lat' dir='ltr'>vel</span> <span class='ocrx_word' id='word_1_463' title='bbox 841 4595 1027 4643; x_wconf 86' lang='lat' dir='ltr'>civitati</span> <span class='ocrx_word' id='word_1_464' title='bbox 1064 4596 1300 4647; x_wconf 84' lang='lat' dir='ltr'>vicarius.</span> <span class='ocrx_word' id='word_1_465' title='bbox 1350 4614 1478 4662; x_wconf 80' lang='lat' dir='ltr'>quae</span> <span class='ocrx_word' id='word_1_466' title='bbox 1510 4604 1790 4663; x_wconf 77' lang='lat' dir='ltr'>sequuntur</span> <span class='ocrx_word' id='word_1_467' title='bbox 1825 4613 1920 4648; x_wconf 92' lang='lat' dir='ltr'>non</span> <span class='ocrx_word' id='word_1_468' title='bbox 1956 4600 2087 4648; x_wconf 88' lang='lat' dir='ltr'>enim</span> <span class='ocrx_word' id='word_1_469' title='bbox 2124 4626 2190 4635; x_wconf 90' lang='lat'>—</span> <span class='ocrx_word' id='word_1_470' title='bbox 2223 4600 2490 4652; x_wconf 73' lang='lat' dir='ltr'>faciendus</span> <span class='ocrx_word' id='word_1_471' title='bbox 2537 4611 2613 4650; x_wconf 85' lang='lat' dir='ltr'>est</span> <span class='ocrx_word' id='word_1_472' title='bbox 2657 4601 2942 4666; x_wconf 77' lang='lat' dir='ltr'>praefectus</span> 
     </span>
     <span class='ocr_line' id='line_1_45' title="bbox 565 4664 2113 4730; baseline 0.004 -20"><span class='ocrx_word' id='word_1_473' title='bbox 565 4664 947 4728; x_wconf 77' lang='lat' dir='ltr'>transponenda</span> <span class='ocrx_word' id='word_1_474' title='bbox 968 4670 1085 4712; x_wconf 76' lang='lat' dir='ltr'>sunt</span> <span class='ocrx_word' id='word_1_475' title='bbox 1105 4671 1226 4728; x_wconf 76' lang='lat' dir='ltr'>post</span> <span class='ocrx_word' id='word_1_476' title='bbox 1250 4667 1315 4714; x_wconf 84' lang='grc'>25</span> <span class='ocrx_word' id='word_1_477' title='bbox 1342 4666 1382 4714; x_wconf 87' lang='lat' dir='ltr'>si</span> <span class='ocrx_word' id='word_1_478' title='bbox 1409 4665 1586 4715; x_wconf 88' lang='lat' dir='ltr'>dixero</span> <span class='ocrx_word' id='word_1_479' title='bbox 1610 4666 1897 4730; x_wconf 81' lang='lat' dir='ltr'>praefectus</span> <span class='ocrx_word' id='word_1_480' title='bbox 1923 4669 2113 4716; x_wconf 89' lang='lat' dir='ltr'>civitati</span> 
     </span>
    </p>
   </div>
   <div class='ocr_carea' id='block_1_7' title="bbox 368 4730 2942 4853">
    <p class='ocr_par' dir='ltr' id='par_1_19' title="bbox 368 4730 2942 4853">
     <span class='ocr_line' id='line_1_46' title="bbox 368 4730 2942 4847; baseline 0.004 -71"><span class='ocrx_word' id='word_1_481' title='bbox 368 4731 445 4786; x_wconf 83' lang='lat'>14,</span> <span class='ocrx_word' id='word_1_482' title='bbox 475 4730 670 4780; x_wconf 83' lang='lat'>12-14</span> <span class='ocrx_word' id='word_1_483' title='bbox 704 4732 971 4847; x_wconf 72' lang='lat' dir='ltr'>recipiupt.</span> <span class='ocrx_word' id='word_1_484' title='bbox 1024 4733 1256 4797; x_wconf 87' lang='lat' dir='ltr'>bipertita</span> <span class='ocrx_word' id='word_1_485' title='bbox 1294 4743 1367 4782; x_wconf 89' lang='lat' dir='ltr'>est</span> <span class='ocrx_word' id='word_1_486' title='bbox 1395 4759 1455 4768; x_wconf 93' lang='lat'>—-</span> <span class='ocrx_word' id='word_1_487' title='bbox 1484 4749 1575 4798; x_wconf 82' lang='lat' dir='ltr'>ego</span> <span class='ocrx_word' id='word_1_488' title='bbox 1612 4745 1665 4782; x_wconf 86' lang='lat' dir='ltr'>tu</span> <span class='ocrx_word' id='word_1_489' title='bbox 1702 4735 1810 4784; x_wconf 87' lang='lat' dir='ltr'>ille:</span> <span class='ocrx_word' id='word_1_490' title='bbox 1850 4736 1934 4784; x_wconf 88' lang='lat' dir='ltr'>ille</span> <span class='ocrx_word' id='word_1_491' title='bbox 1961 4745 2098 4802; x_wconf 86' lang='lat' dir='ltr'>tunc,</span> <span class='ocrx_word' id='word_1_492' title='bbox 2129 4738 2329 4800; x_wconf 84' lang='lat' dir='ltr'>quando</span> <span class='ocrx_word' id='word_1_493' title='bbox 2357 4738 2420 4787; x_wconf 90' lang='lat' dir='ltr'>de</span> <span class='ocrx_word' id='word_1_494' title='bbox 2448 4739 2701 4804; x_wconf 85' lang='lat' dir='ltr'>praesenti</span> <span class='ocrx_word' id='word_1_495' title='bbox 2729 4753 2942 4802; x_wconf 83' lang='lat' dir='ltr'>persona</span> 
     </span>
     <span class='ocr_line' id='line_1_47' title="bbox 567 4801 954 4853; baseline 0.008 -8"><span class='ocrx_word' id='word_1_496' title='bbox 567 4807 825 4853; x_wconf 82' lang='lat' dir='ltr'>tractetur.</span> <span class='ocrx_word' id='word_1_497' title='bbox 872 4801 954 4848; x_wconf 88' lang='lat' dir='ltr'>aii</span> 
     </span>
    </p>
   </div>
   <div class='ocr_carea' id='block_1_8' title="bbox 464 4867 2544 5021">
    <p class='ocr_par' dir='ltr' id='par_1_20' title="bbox 464 4867 2544 5021">
     <span class='ocr_line' id='line_1_48' title="bbox 464 4867 2092 4934; baseline 0.005 -21"><span class='ocrx_word' id='word_1_498' title='bbox 464 4868 528 4914; x_wconf 82' lang='lat'>33</span> <span class='ocrx_word' id='word_1_499' title='bbox 565 4867 727 4931; x_wconf 89' lang='lat' dir='ltr'>ipsius</span> <span class='ocrx_word' id='word_1_500' title='bbox 750 4893 817 4902; x_wconf 93' lang='lat'>—-</span> <span class='ocrx_word' id='word_1_501' title='bbox 842 4868 974 4917; x_wconf 85' lang='lat' dir='ltr'>illius</span> <span class='ocrx_word' id='word_1_502' title='bbox 1000 4875 1115 4932; x_wconf 80' lang='lat' dir='ltr'>post</span> <span class='ocrx_word' id='word_1_503' title='bbox 1145 4872 1223 4930; x_wconf 84' lang='lat'>15,</span> <span class='ocrx_word' id='word_1_504' title='bbox 1254 4872 1277 4918; x_wconf 97' lang='lat'>1</span> <span class='ocrx_word' id='word_1_505' title='bbox 1308 4871 1546 4919; x_wconf 84' lang='lat' dir='ltr'>absentes</span> <span class='ocrx_word' id='word_1_506' title='bbox 1573 4875 1955 4934; x_wconf 71' lang='lat' dir='ltr'>transponenda</span> <span class='ocrx_word' id='word_1_507' title='bbox 1979 4880 2092 4921; x_wconf 65' lang='lat' dir='ltr'>sum</span> 
     </span>
     <span class='ocr_line' id='line_1_49' title="bbox 465 4947 2544 5021; baseline 0.005 -28"><span class='ocrx_word' id='word_1_508' title='bbox 465 4954 817 4997; x_wconf 75' lang='lat' dir='ltr'>GRAMMATtCl</span> <span class='ocrx_word' id='word_1_509' title='bbox 844 4956 1023 4998; x_wconf 62' lang='lat' dir='ltr'>Larini</span> <span class='ocrx_word' id='word_1_510' title='bbox 1058 4957 1115 5010; x_wconf 45' lang='lat' dir='ltr'>v,</span> <span class='ocrx_word' id='word_1_511' title='bbox 1186 4947 1189 4950; x_wconf 75' lang='grc'>’</span> <span class='ocrx_word' id='word_1_512' title='bbox 2460 4960 2544 5021; x_wconf 84' lang='lat'>44</span> 
     </span>
    </p>
   </div>
  </div>
 </body>
</html>
