<?xml version="1.0" encoding="UTF-8"?>
<!DOCTYPE html PUBLIC "-//W3C//DTD XHTML 1.0 Transitional//EN"
    "http://www.w3.org/TR/xhtml1/DTD/xhtml1-transitional.dtd">
<html xmlns="http://www.w3.org/1999/xhtml" xml:lang="en" lang="en">
 <head>
  <title>
</title>
<meta http-equiv="Content-Type" content="text/html;charset=utf-8" />
  <meta name='ocr-system' content='tesseract 3.04.00' />
  <meta name='ocr-capabilities' content='ocr_page ocr_carea ocr_par ocr_line ocrx_word'/>
</head>
<body>
  <div class='ocr_page' id='page_1' title='image "./grammaticilatin10keilgoog_0025.png"; bbox 0 0 3541 5564; ppageno 0'>
   <div class='ocr_carea' id='block_1_1' title="bbox 1539 360 2894 432">
    <p class='ocr_par' dir='ltr' id='par_1_1' title="bbox 1539 360 2894 432">
     <span class='ocr_line' id='line_1_1' title="bbox 1539 360 2894 432; baseline 0 0"><span class='ocrx_word' id='word_1_1' title='bbox 1539 362 1681 432; x_wconf 68' lang='grc' dir='ltr'>ΑΒΘ</span> <span class='ocrx_word' id='word_1_2' title='bbox 2819 360 2894 432; x_wconf 81' lang='grc'>17</span> 
     </span>
    </p>
   </div>
   <div class='ocr_carea' id='block_1_2' title="bbox 323 476 3116 743">
    <p class='ocr_par' dir='ltr' id='par_1_2' title="bbox 323 476 3116 743">
     <span class='ocr_line' id='line_1_2' title="bbox 2499 476 2842 529; baseline -0.006 -12"><span class='ocrx_word' id='word_1_3' title='bbox 2499 489 2541 529; x_wconf 87' lang='lat' dir='ltr'>p.</span> <span class='ocrx_word' id='word_1_4' title='bbox 2571 478 2769 518; x_wconf 81' lang='lat'><strong>1869—71</strong></span> <span class='ocrx_word' id='word_1_5' title='bbox 2799 476 2842 516; x_wconf 82' lang='lat' dir='ltr'>P.</span> 
     </span>
     <span class='ocr_line' id='line_1_3' title="bbox 323 552 3116 641; baseline -0.003 -18"><span class='ocrx_word' id='word_1_6' title='bbox 323 561 532 631; x_wconf 87' lang='lat' dir='ltr'>fuerit,</span> <span class='ocrx_word' id='word_1_7' title='bbox 580 577 906 641; x_wconf 78' lang='lat' dir='ltr'><strong>pronomen</strong></span> <span class='ocrx_word' id='word_1_8' title='bbox 955 559 1094 627; x_wconf 77' lang='lat' dir='ltr'>erit;</span> <span class='ocrx_word' id='word_1_9' title='bbox 1144 560 1194 618; x_wconf 91' lang='lat' dir='ltr'>si</span> <span class='ocrx_word' id='word_1_10' title='bbox 1237 567 1471 638; x_wconf 88' lang='lat' dir='ltr'>tempus</span> <span class='ocrx_word' id='word_1_11' title='bbox 1515 556 1736 628; x_wconf 90' lang='lat' dir='ltr'>solum,</span> <span class='ocrx_word' id='word_1_12' title='bbox 1769 552 1798 640; x_wconf 76' lang='grc'>11</span> <span class='ocrx_word' id='word_1_13' title='bbox 1827 558 2200 637; x_wconf 78' lang='lat' dir='ltr'>participium</span> <span class='ocrx_word' id='word_1_14' title='bbox 2249 558 2376 618; x_wconf 87' lang='lat' dir='ltr'>erit.</span> <span class='ocrx_word' id='word_1_15' title='bbox 2468 575 2612 636; x_wconf 82' lang='lat' dir='ltr'>ergo</span> <span class='ocrx_word' id='word_1_16' title='bbox 2655 565 2890 637; x_wconf 88' lang='lat' dir='ltr'>tempus</span> <span class='ocrx_word' id='word_1_17' title='bbox 2915 568 3116 629; x_wconf 82' lang='lat'>359,11</span> 
     </span>
     <span class='ocr_line' id='line_1_4' title="bbox 323 658 2898 743; baseline -0.002 -19"><span class='ocrx_word' id='word_1_18' title='bbox 323 674 377 724; x_wconf 88' lang='lat' dir='ltr'>et</span> <span class='ocrx_word' id='word_1_19' title='bbox 438 681 695 743; x_wconf 87' lang='lat' dir='ltr'>persona</span> <span class='ocrx_word' id='word_1_20' title='bbox 739 660 1006 743; x_wconf 59' lang='lat' dir='ltr'>:verbum</span> <span class='ocrx_word' id='word_1_21' title='bbox 1076 660 1311 722; x_wconf 87' lang='lat' dir='ltr'>faciunt.</span> <span class='ocrx_word' id='word_1_22' title='bbox 1384 694 1459 703; x_wconf 93' lang='lat'><em>-</em></span> <span class='ocrx_word' id='word_1_23' title='bbox 1526 658 1992 719; x_wconf 85' lang='lat' dir='ltr'>Inchoativa:</span> <span class='ocrx_word' id='word_1_24' title='bbox 2058 658 2424 719; x_wconf 80' lang='lat' dir='ltr'>inchoativae</span> <span class='ocrx_word' id='word_1_25' title='bbox 2478 660 2707 720; x_wconf 87' lang='lat' dir='ltr'>formae</span> <span class='ocrx_word' id='word_1_26' title='bbox 2750 659 2898 720; x_wconf 88' lang='lat' dir='ltr'>haec</span> 
     </span>
    </p>
   </div>
   <div class='ocr_carea' id='block_1_3' title="bbox 248 759 3125 4100">
    <p class='ocr_par' dir='ltr' id='par_1_3' title="bbox 248 759 2986 3594">
     <span class='ocr_line' id='line_1_5' title="bbox 322 759 2893 842; baseline -0.002 -17"><span class='ocrx_word' id='word_1_27' title='bbox 322 764 537 825; x_wconf 85' lang='lat' dir='ltr'>debent</span> <span class='ocrx_word' id='word_1_28' title='bbox 581 781 939 842; x_wconf 82' lang='lat' dir='ltr'><strong>congruere,</strong></span> <span class='ocrx_word' id='word_1_29' title='bbox 999 771 1066 823; x_wconf 92' lang='lat' dir='ltr'>ut</span> <span class='ocrx_word' id='word_1_30' title='bbox 1110 763 1330 823; x_wconf 87' lang='lat' dir='ltr'>oriatur</span> <span class='ocrx_word' id='word_1_31' title='bbox 1375 780 1405 821; x_wconf 94' lang='lat' dir='ltr'>a</span> <span class='ocrx_word' id='word_1_32' title='bbox 1454 759 1703 822; x_wconf 90' lang='lat' dir='ltr'>neutrali</span> <span class='ocrx_word' id='word_1_33' title='bbox 1748 759 1958 830; x_wconf 88' lang='lat' dir='ltr'>verbo,</span> <span class='ocrx_word' id='word_1_34' title='bbox 2022 767 2088 821; x_wconf 92' lang='lat' dir='ltr'>ut</span> <span class='ocrx_word' id='word_1_35' title='bbox 2129 762 2190 820; x_wconf 91' lang='lat' dir='ltr'>in</span> <span class='ocrx_word' id='word_1_36' title='bbox 2236 779 2335 821; x_wconf 84' lang='lat' dir='ltr'>sco</span> <span class='ocrx_word' id='word_1_37' title='bbox 2382 760 2664 841; x_wconf 70' lang='lat' dir='ltr'>syl-labam</span> <span class='ocrx_word' id='word_1_38' title='bbox 2710 768 2893 831; x_wconf 83' lang='lat' dir='ltr'>exeat,</span> 
     </span>
     <span class='ocr_line' id='line_1_6' title="bbox 322 860 2895 946; baseline -0.001 -20"><span class='ocrx_word' id='word_1_39' title='bbox 322 874 385 926; x_wconf 87' lang='lat' dir='ltr'>ut</span> <span class='ocrx_word' id='word_1_40' title='bbox 428 868 639 927; x_wconf 77' lang='lat' dir='ltr'>tertiae</span> <span class='ocrx_word' id='word_1_41' title='bbox 682 867 758 926; x_wconf 86' lang='lat' dir='ltr'>sit</span> <span class='ocrx_word' id='word_1_42' title='bbox 802 865 1230 943; x_wconf 83' lang='lat' dir='ltr'>coniugationis</span> <span class='ocrx_word' id='word_1_43' title='bbox 1274 881 1539 943; x_wconf 84' lang='lat' dir='ltr'><strong>semper,</strong></span> <span class='ocrx_word' id='word_1_44' title='bbox 1598 872 1662 923; x_wconf 90' lang='lat' dir='ltr'>ut</span> <span class='ocrx_word' id='word_1_45' title='bbox 1707 869 1908 923; x_wconf 87' lang='lat' dir='ltr'>careat</span> <span class='ocrx_word' id='word_1_46' title='bbox 1952 870 2218 940; x_wconf 90' lang='lat' dir='ltr'>tempore</span> <span class='ocrx_word' id='word_1_47' title='bbox 2264 864 2524 942; x_wconf 90' lang='lat' dir='ltr'>perfecto</span> <span class='ocrx_word' id='word_1_48' title='bbox 2575 860 2585 946; x_wconf 77' lang='lat' dir='ltr'>l</span> <span class='ocrx_word' id='word_1_49' title='bbox 2636 872 2694 923; x_wconf 90' lang='lat' dir='ltr'>et</span> <span class='ocrx_word' id='word_1_50' title='bbox 2736 861 2895 942; x_wconf 89' lang='lat' dir='ltr'>plus-</span> 
     </span>
     <span class='ocr_line' id='line_1_7' title="bbox 273 962 2894 1049; baseline -0.002 -20"><span class='ocrx_word' id='word_1_51' title='bbox 273 970 763 1049; x_wconf 84' lang='lat' dir='ltr'>5quamperfecto</span> <span class='ocrx_word' id='word_1_52' title='bbox 822 975 880 1027; x_wconf 86' lang='lat' dir='ltr'>et</span> <span class='ocrx_word' id='word_1_53' title='bbox 932 967 1241 1047; x_wconf 85' lang='lat' dir='ltr'>participio</span> <span class='ocrx_word' id='word_1_54' title='bbox 1300 966 1478 1026; x_wconf 89' lang='lat' dir='ltr'>futuri</span> <span class='ocrx_word' id='word_1_55' title='bbox 1542 965 1856 1043; x_wconf 87' lang='lat' dir='ltr'>temporis:</span> <span class='ocrx_word' id='word_1_56' title='bbox 1924 962 2154 1025; x_wconf 89' lang='lat' dir='ltr'>calesco</span> <span class='ocrx_word' id='word_1_57' title='bbox 2205 967 2536 1044; x_wconf 86' lang='lat' dir='ltr'>praesentis</span> <span class='ocrx_word' id='word_1_58' title='bbox 2592 967 2894 1045; x_wconf 80' lang='lat' dir='ltr'>temporiS,</span> 
     </span>
     <span class='ocr_line' id='line_1_8' title="bbox 322 1065 2986 1145; baseline -0.001 -16"><span class='ocrx_word' id='word_1_59' title='bbox 322 1069 682 1131; x_wconf 81' lang='lat' dir='ltr'>calescebam</span> <span class='ocrx_word' id='word_1_60' title='bbox 727 1068 1077 1145; x_wconf 76' lang='lat' dir='ltr'>inperfecti,</span> <span class='ocrx_word' id='word_1_61' title='bbox 1136 1068 1419 1128; x_wconf 86' lang='lat' dir='ltr'>calescam</span> <span class='ocrx_word' id='word_1_62' title='bbox 1467 1066 1666 1126; x_wconf 89' lang='lat' dir='ltr'>futuri.</span> <span class='ocrx_word' id='word_1_63' title='bbox 1726 1100 1811 1110; x_wconf 95' lang='lat'>—</span> <span class='ocrx_word' id='word_1_64' title='bbox 1867 1066 2191 1145; x_wconf 84' lang='lat' dir='ltr'>Coniuga</span> <span class='ocrx_word' id='word_1_65' title='bbox 2210 1067 2362 1126; x_wconf 90' lang='lat' dir='ltr'>tion</span> <span class='ocrx_word' id='word_1_66' title='bbox 2386 1086 2459 1126; x_wconf 84' lang='lat' dir='ltr'>es</span> <span class='ocrx_word' id='word_1_67' title='bbox 2502 1065 2893 1128; x_wconf 87' lang='lat' dir='ltr'>verborum</span> <span class='ocrx_word' id='word_1_68' title='bbox 2926 1080 2986 1126; x_wconf 81' lang='lat'>12</span> 
     </span>
     <span class='ocr_line' id='line_1_9' title="bbox 322 1167 2896 1251; baseline -0.002 -18"><span class='ocrx_word' id='word_1_69' title='bbox 322 1180 496 1251; x_wconf 88' lang='lat' dir='ltr'>quot</span> <span class='ocrx_word' id='word_1_70' title='bbox 539 1172 778 1233; x_wconf 78' lang='lat' dir='ltr'>sunt‘?:</span> <span class='ocrx_word' id='word_1_71' title='bbox 826 1168 992 1230; x_wconf 89' lang='lat' dir='ltr'>multi</span> <span class='ocrx_word' id='word_1_72' title='bbox 1023 1168 1228 1229; x_wconf 87' lang='lat' dir='ltr'>volunt</span> <span class='ocrx_word' id='word_1_73' title='bbox 1268 1176 1393 1229; x_wconf 88' lang='lat' dir='ltr'>tres</span> <span class='ocrx_word' id='word_1_74' title='bbox 1437 1169 1880 1246; x_wconf 81' lang='lat' dir='ltr'>coniugationes</span> <span class='ocrx_word' id='word_1_75' title='bbox 1926 1187 2082 1238; x_wconf 89' lang='lat' dir='ltr'>esse,</span> <span class='ocrx_word' id='word_1_76' title='bbox 2131 1167 2299 1229; x_wconf 89' lang='lat' dir='ltr'>multi</span> <span class='ocrx_word' id='word_1_77' title='bbox 2343 1176 2638 1248; x_wconf 87' lang='lat' dir='ltr'>quattuor.</span> <span class='ocrx_word' id='word_1_78' title='bbox 2703 1177 2896 1230; x_wconf 87' lang='lat' dir='ltr'>tamen</span> 
     </span>
     <span class='ocr_line' id='line_1_10' title="bbox 319 1269 2895 1351; baseline -0 -18"><span class='ocrx_word' id='word_1_79' title='bbox 319 1274 585 1351; x_wconf 82' lang='lat' dir='ltr'>singulae</span> <span class='ocrx_word' id='word_1_80' title='bbox 645 1273 799 1333; x_wconf 90' lang='lat' dir='ltr'>hanc</span> <span class='ocrx_word' id='word_1_81' title='bbox 854 1271 1077 1333; x_wconf 89' lang='lat' dir='ltr'>habent</span> <span class='ocrx_word' id='word_1_82' title='bbox 1129 1269 1412 1346; x_wconf 84' lang='lat' dir='ltr'>regulam.</span> <span class='ocrx_word' id='word_1_83' title='bbox 1503 1272 1693 1349; x_wconf 85' lang='lat' dir='ltr'>prima</span> <span class='ocrx_word' id='word_1_84' title='bbox 1749 1271 2082 1347; x_wconf 83' lang='lat' dir='ltr'>coniugatio</span> <span class='ocrx_word' id='word_1_85' title='bbox 2138 1289 2169 1329; x_wconf 88' lang='lat' dir='ltr'>a</span> <span class='ocrx_word' id='word_1_86' title='bbox 2224 1270 2570 1350; x_wconf 87' lang='lat' dir='ltr'>productam</span> <span class='ocrx_word' id='word_1_87' title='bbox 2616 1270 2793 1332; x_wconf 89' lang='lat' dir='ltr'>habet</span> <span class='ocrx_word' id='word_1_88' title='bbox 2836 1274 2895 1332; x_wconf 93' lang='lat' dir='ltr'>in</span> 
     </span>
     <span class='ocr_line' id='line_1_11' title="bbox 321 1370 2898 1452; baseline -0.001 -16"><span class='ocrx_word' id='word_1_89' title='bbox 321 1378 506 1436; x_wconf 88' lang='lat' dir='ltr'>activo</span> <span class='ocrx_word' id='word_1_90' title='bbox 551 1373 734 1435; x_wconf 86' lang='lat' dir='ltr'>verbo</span> <span class='ocrx_word' id='word_1_91' title='bbox 780 1381 838 1434; x_wconf 89' lang='lat' dir='ltr'>et</span> <span class='ocrx_word' id='word_1_92' title='bbox 884 1372 1132 1435; x_wconf 86' lang='lat' dir='ltr'>neutrali</span> <span class='ocrx_word' id='word_1_93' title='bbox 1177 1374 1236 1433; x_wconf 90' lang='lat' dir='ltr'>in</span> <span class='ocrx_word' id='word_1_94' title='bbox 1284 1371 1541 1433; x_wconf 89' lang='lat' dir='ltr'>secunda</span> <span class='ocrx_word' id='word_1_95' title='bbox 1587 1390 1842 1451; x_wconf 88' lang='lat' dir='ltr'>persona</span> <span class='ocrx_word' id='word_1_96' title='bbox 1889 1380 2024 1432; x_wconf 89' lang='lat' dir='ltr'>ante</span> <span class='ocrx_word' id='word_1_97' title='bbox 2055 1370 2342 1441; x_wconf 80' lang='lat' dir='ltr'>litteram,</span> <span class='ocrx_word' id='word_1_98' title='bbox 2373 1374 2432 1432; x_wconf 92' lang='lat' dir='ltr'>in</span> <span class='ocrx_word' id='word_1_99' title='bbox 2478 1375 2708 1452; x_wconf 88' lang='lat' dir='ltr'>passivo</span> <span class='ocrx_word' id='word_1_100' title='bbox 2737 1392 2898 1434; x_wconf 90' lang='lat' dir='ltr'>com·</span> 
     </span>
     <span class='ocr_line' id='line_1_12' title="bbox 255 1472 2896 1556; baseline 0.001 -25"><span class='ocrx_word' id='word_1_101' title='bbox 255 1494 299 1532; x_wconf 88' lang='grc' dir='ltr'>ιο</span> <span class='ocrx_word' id='word_1_102' title='bbox 323 1479 483 1538; x_wconf 90' lang='lat' dir='ltr'>muni</span> <span class='ocrx_word' id='word_1_103' title='bbox 532 1484 591 1537; x_wconf 89' lang='lat' dir='ltr'>et</span> <span class='ocrx_word' id='word_1_104' title='bbox 635 1475 956 1556; x_wconf 83' lang='lat' dir='ltr'>deponenti</span> <span class='ocrx_word' id='word_1_105' title='bbox 988 1484 1121 1537; x_wconf 90' lang='lat' dir='ltr'>ante</span> <span class='ocrx_word' id='word_1_106' title='bbox 1152 1473 1462 1554; x_wconf 84' lang='lat' dir='ltr'>syllabam,</span> <span class='ocrx_word' id='word_1_107' title='bbox 1509 1480 1574 1534; x_wconf 88' lang='lat' dir='ltr'>ut</span> <span class='ocrx_word' id='word_1_108' title='bbox 1601 1472 1775 1534; x_wconf 88' lang='lat' dir='ltr'>laudo</span> <span class='ocrx_word' id='word_1_109' title='bbox 1806 1472 2028 1542; x_wconf 82' lang='lat' dir='ltr'>laudaS,</span> <span class='ocrx_word' id='word_1_110' title='bbox 2060 1472 2269 1533; x_wconf 89' lang='lat' dir='ltr'>laudor</span> <span class='ocrx_word' id='word_1_111' title='bbox 2299 1472 2576 1536; x_wconf 70' lang='lat' dir='ltr'>laudaris</span> <span class='ocrx_word' id='word_1_112' title='bbox 2638 1476 2896 1537; x_wconf 85' lang='lat' dir='ltr'>secunda</span> 
     </span>
     <span class='ocr_line' id='line_1_13' title="bbox 322 1573 2897 1658; baseline -0 -20"><span class='ocrx_word' id='word_1_113' title='bbox 322 1587 409 1639; x_wconf 85' lang='lat' dir='ltr'>est</span> <span class='ocrx_word' id='word_1_114' title='bbox 463 1597 615 1658; x_wconf 88' lang='lat' dir='ltr'>quae</span> <span class='ocrx_word' id='word_1_115' title='bbox 681 1579 742 1637; x_wconf 93' lang='lat' dir='ltr'>in</span> <span class='ocrx_word' id='word_1_116' title='bbox 797 1579 985 1637; x_wconf 86' lang='lat' dir='ltr'>activo</span> <span class='ocrx_word' id='word_1_117' title='bbox 1041 1576 1221 1638; x_wconf 89' lang='lat' dir='ltr'>verbo</span> <span class='ocrx_word' id='word_1_118' title='bbox 1279 1584 1337 1635; x_wconf 91' lang='lat' dir='ltr'>et</span> <span class='ocrx_word' id='word_1_119' title='bbox 1390 1573 1643 1635; x_wconf 86' lang='lat' dir='ltr'>neutrali</span> <span class='ocrx_word' id='word_1_120' title='bbox 1710 1594 1741 1634; x_wconf 86' lang='lat' dir='ltr'>e</span> <span class='ocrx_word' id='word_1_121' title='bbox 1807 1575 2153 1654; x_wconf 88' lang='lat' dir='ltr'>productam</span> <span class='ocrx_word' id='word_1_122' title='bbox 2209 1574 2387 1637; x_wconf 89' lang='lat' dir='ltr'>habet</span> <span class='ocrx_word' id='word_1_123' title='bbox 2451 1583 2586 1638; x_wconf 84' lang='lat' dir='ltr'>ante</span> <span class='ocrx_word' id='word_1_124' title='bbox 2652 1579 2897 1638; x_wconf 89' lang='lat' dir='ltr'>novissi-</span> 
     </span>
     <span class='ocr_line' id='line_1_14' title="bbox 326 1672 2894 1760; baseline 0 -20"><span class='ocrx_word' id='word_1_125' title='bbox 326 1699 476 1741; x_wconf 86' lang='lat' dir='ltr'>mam</span> <span class='ocrx_word' id='word_1_126' title='bbox 523 1672 798 1753; x_wconf 83' lang='lat' dir='ltr'>litteram,</span> <span class='ocrx_word' id='word_1_127' title='bbox 846 1681 1076 1760; x_wconf 74' lang='lat' dir='ltr'>passivo</span> <span class='ocrx_word' id='word_1_128' title='bbox 1122 1679 1421 1738; x_wconf 89' lang='lat' dir='ltr'>communi</span> <span class='ocrx_word' id='word_1_129' title='bbox 1465 1676 1788 1756; x_wconf 81' lang='lat' dir='ltr'>deponenti</span> <span class='ocrx_word' id='word_1_130' title='bbox 1831 1685 1966 1738; x_wconf 87' lang='lat' dir='ltr'>ante</span> <span class='ocrx_word' id='word_1_131' title='bbox 2011 1676 2312 1757; x_wconf 83' lang='lat' dir='ltr'>syllabam,</span> <span class='ocrx_word' id='word_1_132' title='bbox 2360 1685 2427 1739; x_wconf 92' lang='lat' dir='ltr'>ut</span> <span class='ocrx_word' id='word_1_133' title='bbox 2469 1678 2655 1740; x_wconf 89' lang='lat' dir='ltr'>doceo</span> <span class='ocrx_word' id='word_1_134' title='bbox 2701 1680 2894 1747; x_wconf 88' lang='lat' dir='ltr'>doces,</span> 
     </span>
     <span class='ocr_line' id='line_1_15' title="bbox 321 1777 2896 1860; baseline 0 -19"><span class='ocrx_word' id='word_1_135' title='bbox 321 1781 541 1842; x_wconf 88' lang='lat' dir='ltr'>doceor</span> <span class='ocrx_word' id='word_1_136' title='bbox 588 1782 841 1842; x_wconf 81' lang='lat' dir='ltr'>doceriS.</span> <span class='ocrx_word' id='word_1_137' title='bbox 932 1782 1101 1841; x_wconf 89' lang='lat' dir='ltr'>tertia</span> <span class='ocrx_word' id='word_1_138' title='bbox 1149 1787 1239 1839; x_wconf 87' lang='lat' dir='ltr'>est</span> <span class='ocrx_word' id='word_1_139' title='bbox 1282 1797 1433 1859; x_wconf 87' lang='lat' dir='ltr'>quae</span> <span class='ocrx_word' id='word_1_140' title='bbox 1478 1781 1540 1839; x_wconf 90' lang='lat' dir='ltr'>in</span> <span class='ocrx_word' id='word_1_141' title='bbox 1586 1780 1773 1839; x_wconf 88' lang='lat' dir='ltr'>activo</span> <span class='ocrx_word' id='word_1_142' title='bbox 1821 1777 1999 1839; x_wconf 88' lang='lat' dir='ltr'>verbo</span> <span class='ocrx_word' id='word_1_143' title='bbox 2048 1788 2106 1839; x_wconf 92' lang='lat' dir='ltr'>et</span> <span class='ocrx_word' id='word_1_144' title='bbox 2161 1778 2415 1839; x_wconf 90' lang='lat' dir='ltr'>neutrali</span> <span class='ocrx_word' id='word_1_145' title='bbox 2463 1781 2717 1843; x_wconf 87' lang='lat' dir='ltr'>secunda</span> <span class='ocrx_word' id='word_1_146' title='bbox 2762 1800 2896 1860; x_wconf 93' lang='lat' dir='ltr'>per-</span> 
     </span>
     <span class='ocr_line' id='line_1_16' title="bbox 319 1872 2895 1962; baseline -0 -19"><span class='ocrx_word' id='word_1_147' title='bbox 319 1902 461 1944; x_wconf 88' lang='lat' dir='ltr'>sona</span> <span class='ocrx_word' id='word_1_148' title='bbox 505 1885 526 1942; x_wconf 91' lang='lat' dir='ltr'>i</span> <span class='ocrx_word' id='word_1_149' title='bbox 569 1891 905 1962; x_wconf 85' lang='lat' dir='ltr'>correptam</span> <span class='ocrx_word' id='word_1_150' title='bbox 950 1880 1128 1942; x_wconf 88' lang='lat' dir='ltr'>habet</span> <span class='ocrx_word' id='word_1_151' title='bbox 1172 1888 1308 1941; x_wconf 83' lang='lat' dir='ltr'>ante</span> <span class='ocrx_word' id='word_1_152' title='bbox 1351 1872 1634 1951; x_wconf 74' lang='lat' dir='ltr'>li‘tteram,</span> <span class='ocrx_word' id='word_1_153' title='bbox 1697 1890 1760 1941; x_wconf 91' lang='lat' dir='ltr'>ut</span> <span class='ocrx_word' id='word_1_154' title='bbox 1803 1880 1999 1942; x_wconf 86' lang='lat' dir='ltr'>scribo</span> <span class='ocrx_word' id='word_1_155' title='bbox 2045 1880 2273 1941; x_wconf 87' lang='lat' dir='ltr'>scribis.</span> <span class='ocrx_word' id='word_1_156' title='bbox 2366 1891 2569 1960; x_wconf 86' lang='lat' dir='ltr'>quarta</span> <span class='ocrx_word' id='word_1_157' title='bbox 2615 1891 2704 1943; x_wconf 88' lang='lat' dir='ltr'>est</span> <span class='ocrx_word' id='word_1_158' title='bbox 2746 1902 2895 1962; x_wconf 89' lang='lat' dir='ltr'>quae</span> 
     </span>
     <span class='ocr_line' id='line_1_17' title="bbox 254 1981 2892 2064; baseline 0.002 -23"><span class='ocrx_word' id='word_1_159' title='bbox 254 1986 381 2044; x_wconf 70' lang='lat' dir='ltr'>min</span> <span class='ocrx_word' id='word_1_160' title='bbox 438 1985 629 2044; x_wconf 84' lang='lat' dir='ltr'>activo</span> <span class='ocrx_word' id='word_1_161' title='bbox 686 1983 866 2043; x_wconf 88' lang='lat' dir='ltr'>verbo</span> <span class='ocrx_word' id='word_1_162' title='bbox 927 1990 984 2043; x_wconf 88' lang='lat' dir='ltr'>et</span> <span class='ocrx_word' id='word_1_163' title='bbox 1039 1981 1288 2043; x_wconf 88' lang='lat' dir='ltr'>neutrali</span> <span class='ocrx_word' id='word_1_164' title='bbox 1345 1982 1601 2043; x_wconf 89' lang='lat' dir='ltr'>secunda</span> <span class='ocrx_word' id='word_1_165' title='bbox 1658 2000 1909 2062; x_wconf 86' lang='lat' dir='ltr'>persona</span> <span class='ocrx_word' id='word_1_166' title='bbox 1971 1991 2106 2043; x_wconf 87' lang='lat' dir='ltr'>ante</span> <span class='ocrx_word' id='word_1_167' title='bbox 2162 1982 2418 2044; x_wconf 85' lang='lat' dir='ltr'>litteram</span> <span class='ocrx_word' id='word_1_168' title='bbox 2474 1986 2492 2043; x_wconf 96' lang='lat' dir='ltr'>i</span> <span class='ocrx_word' id='word_1_169' title='bbox 2548 1984 2892 2064; x_wconf 86' lang='lat' dir='ltr'>productam</span> 
     </span>
     <span class='ocr_line' id='line_1_18' title="bbox 322 2081 2894 2166; baseline 0.001 -21"><span class='ocrx_word' id='word_1_170' title='bbox 322 2086 527 2155; x_wconf 87' lang='lat' dir='ltr'>habet,</span> <span class='ocrx_word' id='word_1_171' title='bbox 568 2081 579 2166; x_wconf 84' lang='grc' dir='ltr'>Ι</span> <span class='ocrx_word' id='word_1_172' title='bbox 617 2087 677 2146; x_wconf 91' lang='lat' dir='ltr'>in</span> <span class='ocrx_word' id='word_1_173' title='bbox 722 2086 953 2164; x_wconf 85' lang='lat' dir='ltr'>passivo</span> <span class='ocrx_word' id='word_1_174' title='bbox 998 2094 1132 2145; x_wconf 85' lang='lat' dir='ltr'>ante</span> <span class='ocrx_word' id='word_1_175' title='bbox 1177 2083 1492 2163; x_wconf 79' lang='lat' dir='ltr'>syllabam,</span> <span class='ocrx_word' id='word_1_176' title='bbox 1539 2091 1603 2145; x_wconf 90' lang='lat' dir='ltr'>ut</span> <span class='ocrx_word' id='word_1_177' title='bbox 1647 2083 1822 2144; x_wconf 85' lang='lat' dir='ltr'>audio</span> <span class='ocrx_word' id='word_1_178' title='bbox 1854 2084 2046 2154; x_wconf 89' lang='lat' dir='ltr'>audis,</span> <span class='ocrx_word' id='word_1_179' title='bbox 2094 2083 2303 2144; x_wconf 89' lang='lat' dir='ltr'>audior</span> <span class='ocrx_word' id='word_1_180' title='bbox 2334 2084 2574 2146; x_wconf 82' lang='lat' dir='ltr'>audiris,</span> <span class='ocrx_word' id='word_1_181' title='bbox 2653 2093 2710 2146; x_wconf 90' lang='lat' dir='ltr'>et</span> <span class='ocrx_word' id='word_1_182' title='bbox 2753 2105 2894 2147; x_wconf 90' lang='lat' dir='ltr'>sane</span> 
     </span>
     <span class='ocr_line' id='line_1_19' title="bbox 321 2185 2894 2266; baseline 0 -19"><span class='ocrx_word' id='word_1_183' title='bbox 321 2187 643 2248; x_wconf 86' lang='lat' dir='ltr'>notandum</span> <span class='ocrx_word' id='word_1_184' title='bbox 689 2186 842 2265; x_wconf 83' lang='lat' dir='ltr'>quod</span> <span class='ocrx_word' id='word_1_185' title='bbox 890 2188 1077 2266; x_wconf 89' lang='lat' dir='ltr'>prima</span> <span class='ocrx_word' id='word_1_186' title='bbox 1125 2185 1380 2247; x_wconf 86' lang='lat' dir='ltr'>secunda</span> <span class='ocrx_word' id='word_1_187' title='bbox 1430 2193 1488 2262; x_wconf 92' lang='lat' dir='ltr'>et</span> <span class='ocrx_word' id='word_1_188' title='bbox 1531 2192 1733 2264; x_wconf 86' lang='lat' dir='ltr'>quarta</span> <span class='ocrx_word' id='word_1_189' title='bbox 1781 2187 2112 2264; x_wconf 86' lang='lat' dir='ltr'>coniugatio</span> <span class='ocrx_word' id='word_1_190' title='bbox 2156 2185 2478 2266; x_wconf 79' lang='lat' dir='ltr'>productae</span> <span class='ocrx_word' id='word_1_191' title='bbox 2522 2195 2675 2257; x_wconf 89' lang='lat' dir='ltr'>sunt,</span> <span class='ocrx_word' id='word_1_192' title='bbox 2725 2190 2894 2248; x_wconf 85' lang='lat' dir='ltr'>tertia</span> 
     </span>
     <span class='ocr_line' id='line_1_20' title="bbox 320 2286 2892 2369; baseline 0 -21"><span class='ocrx_word' id='word_1_193' title='bbox 320 2288 439 2349; x_wconf 88' lang='lat' dir='ltr'>sola</span> <span class='ocrx_word' id='word_1_194' title='bbox 485 2296 780 2369; x_wconf 83' lang='lat' dir='ltr'>correpta.</span> <span class='ocrx_word' id='word_1_195' title='bbox 835 2323 909 2331; x_wconf 93' lang='lat'>--</span> <span class='ocrx_word' id='word_1_196' title='bbox 960 2288 1209 2349; x_wconf 84' lang='lat' dir='ltr'>Octavus</span> <span class='ocrx_word' id='word_1_197' title='bbox 1252 2286 1463 2347; x_wconf 89' lang='lat' dir='ltr'>modus</span> <span class='ocrx_word' id='word_1_198' title='bbox 1508 2287 1744 2365; x_wconf 88' lang='lat' dir='ltr'>quidem</span> <span class='ocrx_word' id='word_1_199' title='bbox 1790 2286 2006 2348; x_wconf 87' lang='lat' dir='ltr'>dicitur</span> <span class='ocrx_word' id='word_1_200' title='bbox 2049 2290 2424 2349; x_wconf 87' lang='lat' dir='ltr'>concessivus</span> <span class='ocrx_word' id='word_1_201' title='bbox 2459 2288 2573 2349; x_wconf 89' lang='lat' dir='ltr'>hoc</span> <span class='ocrx_word' id='word_1_202' title='bbox 2604 2288 2892 2369; x_wconf 80' lang='lat' dir='ltr'>exemplo,</span> 
     </span>
     <span class='ocr_line' id='line_1_21' title="bbox 321 2388 2891 2469; baseline 0.001 -20"><span class='ocrx_word' id='word_1_203' title='bbox 321 2399 381 2450; x_wconf 91' lang='lat' dir='ltr'>ut</span> <span class='ocrx_word' id='word_1_204' title='bbox 425 2392 553 2451; x_wconf 80' lang='lat' dir='ltr'>‘fac</span> <span class='ocrx_word' id='word_1_205' title='bbox 584 2391 750 2469; x_wconf 82' lang='lat' dir='ltr'>quasi</span> <span class='ocrx_word' id='word_1_206' title='bbox 781 2388 1002 2449; x_wconf 84' lang='lat' dir='ltr'>dixeris</span> <span class='ocrx_word' id='word_1_207' title='bbox 1022 2395 1058 2461; x_wconf 90' lang='lat'>’,</span> <span class='ocrx_word' id='word_1_208' title='bbox 1107 2390 1259 2469; x_wconf 84' lang='lat' dir='ltr'>quod</span> <span class='ocrx_word' id='word_1_209' title='bbox 1308 2388 1704 2468; x_wconf 90' lang='lat' dir='ltr'>conpendiosa</span> <span class='ocrx_word' id='word_1_210' title='bbox 1751 2389 1970 2450; x_wconf 91' lang='lat' dir='ltr'>locutio</span> <span class='ocrx_word' id='word_1_211' title='bbox 2004 2391 2241 2450; x_wconf 84' lang='lat' dir='ltr'>invenit.</span> <span class='ocrx_word' id='word_1_212' title='bbox 2274 2424 2362 2434; x_wconf 90' lang='lat'>—</span> <span class='ocrx_word' id='word_1_213' title='bbox 2389 2389 2891 2461; x_wconf 82' lang='lat' dir='ltr'>IndicativuS,</span> 
     </span>
     <span class='ocr_line' id='line_1_22' title="bbox 251 2489 2889 2573; baseline -0 -21"><span class='ocrx_word' id='word_1_214' title='bbox 251 2496 445 2573; x_wconf 67' lang='lat' dir='ltr'>eoqui</span> <span class='ocrx_word' id='word_1_215' title='bbox 490 2501 562 2552; x_wconf 90' lang='lat' dir='ltr'>et</span> <span class='ocrx_word' id='word_1_216' title='bbox 604 2491 1246 2572; x_wconf 80' lang='lat' dir='ltr'>pronuntiativus:</span> <span class='ocrx_word' id='word_1_217' title='bbox 1293 2492 1452 2551; x_wconf 88' lang='lat' dir='ltr'>inter</span> <span class='ocrx_word' id='word_1_218' title='bbox 1496 2492 1908 2570; x_wconf 87' lang='lat' dir='ltr'>promissivum</span> <span class='ocrx_word' id='word_1_219' title='bbox 1958 2498 2016 2551; x_wconf 85' lang='lat' dir='ltr'>ct</span> <span class='ocrx_word' id='word_1_220' title='bbox 2057 2489 2438 2551; x_wconf 86' lang='lat' dir='ltr'>indicativum</span> <span class='ocrx_word' id='word_1_221' title='bbox 2485 2492 2598 2553; x_wconf 87' lang='lat' dir='ltr'>hoc</span> <span class='ocrx_word' id='word_1_222' title='bbox 2626 2495 2889 2553; x_wconf 85' lang='lat' dir='ltr'>interest.</span> 
     </span>
     <span class='ocr_line' id='line_1_23' title="bbox 322 2592 2895 2675; baseline 0 -20"><span class='ocrx_word' id='word_1_223' title='bbox 322 2596 718 2675; x_wconf 88' lang='lat' dir='ltr'>promittimus</span> <span class='ocrx_word' id='word_1_224' title='bbox 766 2601 992 2654; x_wconf 88' lang='lat' dir='ltr'>tantum</span> <span class='ocrx_word' id='word_1_225' title='bbox 1039 2594 1261 2662; x_wconf 86' lang='lat' dir='ltr'>futura,</span> <span class='ocrx_word' id='word_1_226' title='bbox 1311 2592 1639 2672; x_wconf 86' lang='lat' dir='ltr'>indicamus</span> <span class='ocrx_word' id='word_1_227' title='bbox 1683 2592 1956 2653; x_wconf 88' lang='lat' dir='ltr'>omnibus</span> <span class='ocrx_word' id='word_1_228' title='bbox 2001 2592 2383 2672; x_wconf 78' lang='lat' dir='ltr'>temporibus,</span> <span class='ocrx_word' id='word_1_229' title='bbox 2475 2594 2652 2655; x_wconf 85' lang='lat' dir='ltr'>verba</span> <span class='ocrx_word' id='word_1_230' title='bbox 2696 2596 2895 2674; x_wconf 91' lang='lat' dir='ltr'>inper-</span> 
     </span>
     <span class='ocr_line' id='line_1_24' title="bbox 323 2692 2891 2775; baseline 0 -19"><span class='ocrx_word' id='word_1_231' title='bbox 323 2696 543 2759; x_wconf 88' lang='lat' dir='ltr'>sonalia</span> <span class='ocrx_word' id='word_1_232' title='bbox 600 2703 847 2756; x_wconf 88' lang='lat' dir='ltr'>currunt</span> <span class='ocrx_word' id='word_1_233' title='bbox 898 2714 1007 2775; x_wconf 87' lang='lat' dir='ltr'>per</span> <span class='ocrx_word' id='word_1_234' title='bbox 1061 2695 1296 2763; x_wconf 82' lang='lat' dir='ltr'>modoS,</span> <span class='ocrx_word' id='word_1_235' title='bbox 1353 2692 1597 2770; x_wconf 86' lang='lat' dir='ltr'>legitur,</span> <span class='ocrx_word' id='word_1_236' title='bbox 1654 2693 1993 2772; x_wconf 83' lang='lat' dir='ltr'>legebatur,</span> <span class='ocrx_word' id='word_1_237' title='bbox 2041 2694 2254 2755; x_wconf 85' lang='lat' dir='ltr'>lectum</span> <span class='ocrx_word' id='word_1_238' title='bbox 2305 2704 2420 2764; x_wconf 89' lang='lat' dir='ltr'>est,</span> <span class='ocrx_word' id='word_1_239' title='bbox 2484 2696 2699 2757; x_wconf 91' lang='lat' dir='ltr'>lectum</span> <span class='ocrx_word' id='word_1_240' title='bbox 2749 2705 2891 2766; x_wconf 87' lang='lat' dir='ltr'>erat,</span> 
     </span>
     <span class='ocr_line' id='line_1_25' title="bbox 320 2795 2891 2877; baseline 0 -18"><span class='ocrx_word' id='word_1_241' title='bbox 320 2799 532 2860; x_wconf 84' lang='lat' dir='ltr'>lectum</span> <span class='ocrx_word' id='word_1_242' title='bbox 589 2800 812 2866; x_wconf 87' lang='lat' dir='ltr'>fuerat,</span> <span class='ocrx_word' id='word_1_243' title='bbox 872 2795 1133 2875; x_wconf 85' lang='lat' dir='ltr'>legetur;</span> <span class='ocrx_word' id='word_1_244' title='bbox 1190 2798 1535 2876; x_wconf 87' lang='lat' dir='ltr'>imperativo</span> <span class='ocrx_word' id='word_1_245' title='bbox 1592 2795 1767 2856; x_wconf 91' lang='lat' dir='ltr'>modo</span> <span class='ocrx_word' id='word_1_246' title='bbox 1829 2797 2089 2874; x_wconf 84' lang='lat' dir='ltr'>legatur,</span> <span class='ocrx_word' id='word_1_247' title='bbox 2149 2800 2402 2877; x_wconf 88' lang='lat' dir='ltr'>optativo</span> <span class='ocrx_word' id='word_1_248' title='bbox 2447 2797 2625 2859; x_wconf 89' lang='lat' dir='ltr'>modo</span> <span class='ocrx_word' id='word_1_249' title='bbox 2669 2800 2891 2859; x_wconf 89' lang='lat' dir='ltr'>utinam</span> 
     </span>
     <span class='ocr_line' id='line_1_26' title="bbox 320 2898 2889 2979; baseline 0 -18"><span class='ocrx_word' id='word_1_250' title='bbox 320 2901 649 2979; x_wconf 83' lang='lat' dir='ltr'>legeretur,</span> <span class='ocrx_word' id='word_1_251' title='bbox 707 2901 928 2960; x_wconf 89' lang='lat' dir='ltr'>utinam</span> <span class='ocrx_word' id='word_1_252' title='bbox 987 2899 1202 2960; x_wconf 90' lang='lat' dir='ltr'>lectum</span> <span class='ocrx_word' id='word_1_253' title='bbox 1263 2904 1457 2966; x_wconf 87' lang='lat' dir='ltr'>esset,</span> <span class='ocrx_word' id='word_1_254' title='bbox 1520 2899 1740 2958; x_wconf 88' lang='lat' dir='ltr'>utinam</span> <span class='ocrx_word' id='word_1_255' title='bbox 1797 2898 2011 2960; x_wconf 89' lang='lat' dir='ltr'>lectum</span> <span class='ocrx_word' id='word_1_256' title='bbox 2068 2901 2303 2969; x_wconf 86' lang='lat' dir='ltr'>fuisset,</span> <span class='ocrx_word' id='word_1_257' title='bbox 2365 2902 2588 2962; x_wconf 88' lang='lat' dir='ltr'>utinam</span> <span class='ocrx_word' id='word_1_258' title='bbox 2644 2900 2889 2979; x_wconf 85' lang='lat' dir='ltr'>legatur.</span> 
     </span>
     <span class='ocr_line' id='line_1_27' title="bbox 249 2999 2894 3081; baseline 0.001 -21"><span class='ocrx_word' id='word_1_259' title='bbox 249 3003 397 3063; x_wconf 60' lang='lat' dir='ltr'>zita</span> <span class='ocrx_word' id='word_1_260' title='bbox 446 3004 633 3062; x_wconf 86' lang='lat' dir='ltr'>currit</span> <span class='ocrx_word' id='word_1_261' title='bbox 677 3019 787 3081; x_wconf 91' lang='lat' dir='ltr'>per</span> <span class='ocrx_word' id='word_1_262' title='bbox 831 3000 1038 3061; x_wconf 88' lang='lat' dir='ltr'>modos</span> <span class='ocrx_word' id='word_1_263' title='bbox 1082 3000 1394 3061; x_wconf 86' lang='lat' dir='ltr'>declinatio</span> <span class='ocrx_word' id='word_1_264' title='bbox 1442 3001 1621 3059; x_wconf 88' lang='lat' dir='ltr'>totius</span> <span class='ocrx_word' id='word_1_265' title='bbox 1664 2999 1860 3061; x_wconf 87' lang='lat' dir='ltr'>verbi:</span> <span class='ocrx_word' id='word_1_266' title='bbox 1907 3021 2027 3061; x_wconf 87' lang='lat' dir='ltr'>non</span> <span class='ocrx_word' id='word_1_267' title='bbox 2059 3010 2196 3063; x_wconf 89' lang='lat' dir='ltr'>sunt</span> <span class='ocrx_word' id='word_1_268' title='bbox 2228 3001 2404 3063; x_wconf 89' lang='lat' dir='ltr'>modi.</span> <span class='ocrx_word' id='word_1_269' title='bbox 2464 3002 2711 3079; x_wconf 86' lang='lat' dir='ltr'>gerundi</span> <span class='ocrx_word' id='word_1_270' title='bbox 2756 3021 2894 3063; x_wconf 87' lang='lat' dir='ltr'>vero</span> 
     </span>
     <span class='ocr_line' id='line_1_28' title="bbox 318 3103 2889 3185; baseline 0 -20"><span class='ocrx_word' id='word_1_271' title='bbox 318 3105 452 3165; x_wconf 91' lang='lat' dir='ltr'>ideo</span> <span class='ocrx_word' id='word_1_272' title='bbox 496 3103 659 3165; x_wconf 88' lang='lat' dir='ltr'>modi</span> <span class='ocrx_word' id='word_1_273' title='bbox 702 3121 821 3164; x_wconf 91' lang='lat' dir='ltr'>non</span> <span class='ocrx_word' id='word_1_274' title='bbox 867 3109 1020 3171; x_wconf 87' lang='lat' dir='ltr'>sunt,</span> <span class='ocrx_word' id='word_1_275' title='bbox 1071 3105 1204 3180; x_wconf 88' lang='lat' dir='ltr'>quia</span> <span class='ocrx_word' id='word_1_276' title='bbox 1252 3103 1523 3162; x_wconf 87' lang='lat' dir='ltr'>videntur</span> <span class='ocrx_word' id='word_1_277' title='bbox 1569 3104 1735 3179; x_wconf 87' lang='lat' dir='ltr'>quasi</span> <span class='ocrx_word' id='word_1_278' title='bbox 1781 3103 2264 3180; x_wconf 81' lang='lat' dir='ltr'>significationem</span> <span class='ocrx_word' id='word_1_279' title='bbox 2311 3103 2532 3164; x_wconf 87' lang='lat' dir='ltr'>habere</span> <span class='ocrx_word' id='word_1_280' title='bbox 2574 3107 2889 3185; x_wconf 89' lang='lat' dir='ltr'>participii.</span> 
     </span>
     <span class='ocr_line' id='line_1_29' title="bbox 323 3201 2892 3287; baseline 0.001 -21"><span class='ocrx_word' id='word_1_281' title='bbox 323 3225 455 3267; x_wconf 87' lang='lat' dir='ltr'>nam</span> <span class='ocrx_word' id='word_1_282' title='bbox 498 3204 738 3284; x_wconf 87' lang='lat' dir='ltr'>quando</span> <span class='ocrx_word' id='word_1_283' title='bbox 782 3202 914 3263; x_wconf 91' lang='lat' dir='ltr'>dico</span> <span class='ocrx_word' id='word_1_284' title='bbox 953 3201 962 3286; x_wconf 83' lang='grc' dir='ltr'>Ι</span> <span class='ocrx_word' id='word_1_285' title='bbox 1000 3203 1264 3282; x_wconf 83' lang='lat' dir='ltr'>legendi,</span> <span class='ocrx_word' id='word_1_286' title='bbox 1312 3205 1620 3282; x_wconf 81' lang='lat' dir='ltr'>genetivus</span> <span class='ocrx_word' id='word_1_287' title='bbox 1666 3204 1896 3265; x_wconf 87' lang='lat' dir='ltr'>videtur</span> <span class='ocrx_word' id='word_1_288' title='bbox 1941 3223 2072 3264; x_wconf 90' lang='lat' dir='ltr'>esse</span> <span class='ocrx_word' id='word_1_289' title='bbox 2114 3202 2141 3287; x_wconf 82' lang='grc' dir='ltr'>Η</span> <span class='ocrx_word' id='word_1_290' title='bbox 2181 3207 2474 3285; x_wconf 87' lang='lat' dir='ltr'>participii</span> <span class='ocrx_word' id='word_1_291' title='bbox 2517 3208 2699 3268; x_wconf 87' lang='lat' dir='ltr'>futuri</span> <span class='ocrx_word' id='word_1_292' title='bbox 2745 3216 2892 3269; x_wconf 88' lang='lat' dir='ltr'>tem-</span> 
     </span>
     <span class='ocr_line' id='line_1_30' title="bbox 320 3305 2890 3387; baseline 0 -18"><span class='ocrx_word' id='word_1_293' title='bbox 320 3310 483 3387; x_wconf 91' lang='lat' dir='ltr'>poris</span> <span class='ocrx_word' id='word_1_294' title='bbox 540 3328 572 3369; x_wconf 89' lang='lat' dir='ltr'>a</span> <span class='ocrx_word' id='word_1_295' title='bbox 633 3308 895 3387; x_wconf 89' lang='lat' dir='ltr'>passivo,</span> <span class='ocrx_word' id='word_1_296' title='bbox 957 3323 1308 3385; x_wconf 81' lang='lat' dir='ltr'>quamquam</span> <span class='ocrx_word' id='word_1_297' title='bbox 1363 3306 1472 3368; x_wconf 89' lang='lat' dir='ltr'>alia</span> <span class='ocrx_word' id='word_1_298' title='bbox 1529 3306 1904 3384; x_wconf 84' lang='lat' dir='ltr'>significatio,</span> <span class='ocrx_word' id='word_1_299' title='bbox 1962 3305 2215 3384; x_wconf 83' lang='lat' dir='ltr'>legendo</span> <span class='ocrx_word' id='word_1_300' title='bbox 2259 3307 2511 3379; x_wconf 78' lang='lat' dir='ltr'>dativuS,</span> <span class='ocrx_word' id='word_1_301' title='bbox 2574 3308 2890 3387; x_wconf 83' lang='lat' dir='ltr'>legendum</span> 
     </span>
     <span class='ocr_line' id='line_1_31' title="bbox 322 3407 2888 3490; baseline 0 -20"><span class='ocrx_word' id='word_1_302' title='bbox 322 3410 709 3470; x_wconf 57' lang='lat' dir='ltr'>accusativus</span> <span class='ocrx_word' id='word_1_303' title='bbox 771 3407 986 3468; x_wconf 90' lang='lat' dir='ltr'>lectum</span> <span class='ocrx_word' id='word_1_304' title='bbox 1031 3426 1171 3468; x_wconf 90' lang='lat' dir='ltr'>vero</span> <span class='ocrx_word' id='word_1_305' title='bbox 1218 3410 1381 3489; x_wconf 86' lang='lat' dir='ltr'>quasi</span> <span class='ocrx_word' id='word_1_306' title='bbox 1425 3409 1793 3468; x_wconf 84' lang='lat' dir='ltr'>accusativus</span> <span class='ocrx_word' id='word_1_307' title='bbox 1837 3413 1927 3467; x_wconf 89' lang='lat' dir='ltr'>est</span> <span class='ocrx_word' id='word_1_308' title='bbox 1966 3410 2273 3487; x_wconf 89' lang='lat' dir='ltr'>praeteriti</span> <span class='ocrx_word' id='word_1_309' title='bbox 2317 3410 2606 3488; x_wconf 84' lang='lat' dir='ltr'>temporis</span> <span class='ocrx_word' id='word_1_310' title='bbox 2652 3413 2888 3490; x_wconf 87' lang='lat' dir='ltr'>partici-</span> 
     </span>
     <span class='ocr_line' id='line_1_32' title="bbox 248 3503 2027 3594; baseline -0.001 -24"><span class='ocrx_word' id='word_1_311' title='bbox 248 3531 296 3570; x_wconf 71' lang='grc' dir='ltr'>α)</span> <span class='ocrx_word' id='word_1_312' title='bbox 320 3512 418 3591; x_wconf 93' lang='lat' dir='ltr'>pii.</span> <span class='ocrx_word' id='word_1_313' title='bbox 472 3507 696 3594; x_wconf 88' lang='lat' dir='ltr'>[quasi:</span> <span class='ocrx_word' id='word_1_314' title='bbox 747 3509 1019 3571; x_wconf 90' lang='lat' dir='ltr'>videntur</span> <span class='ocrx_word' id='word_1_315' title='bbox 1065 3510 1269 3572; x_wconf 87' lang='lat' dir='ltr'>eadem</span> <span class='ocrx_word' id='word_1_316' title='bbox 1317 3527 1475 3578; x_wconf 88' lang='lat' dir='ltr'>esse,</span> <span class='ocrx_word' id='word_1_317' title='bbox 1524 3529 1657 3571; x_wconf 88' lang='lat' dir='ltr'>cum</span> <span class='ocrx_word' id='word_1_318' title='bbox 1700 3528 1820 3570; x_wconf 90' lang='lat' dir='ltr'>non</span> <span class='ocrx_word' id='word_1_319' title='bbox 1867 3503 2027 3592; x_wconf 89' lang='lat' dir='ltr'>sint.]</span> 
     </span>
    </p>

    <p class='ocr_par' dir='ltr' id='par_1_4' title="bbox 321 3611 3125 3997">
     <span class='ocr_line' id='line_1_33' title="bbox 486 3611 3125 3693; baseline 0.001 -21"><span class='ocrx_word' id='word_1_320' title='bbox 486 3612 736 3672; x_wconf 84' lang='lat' dir='ltr'>Formae</span> <span class='ocrx_word' id='word_1_321' title='bbox 801 3613 879 3673; x_wconf 88' lang='lat' dir='ltr'>ita</span> <span class='ocrx_word' id='word_1_322' title='bbox 937 3611 1156 3672; x_wconf 88' lang='lat' dir='ltr'>debent</span> <span class='ocrx_word' id='word_1_323' title='bbox 1209 3611 1499 3682; x_wconf 87' lang='lat' dir='ltr'>ordinari,</span> <span class='ocrx_word' id='word_1_324' title='bbox 1571 3621 1633 3672; x_wconf 91' lang='lat' dir='ltr'>ut</span> <span class='ocrx_word' id='word_1_325' title='bbox 1687 3613 1879 3691; x_wconf 86' lang='lat' dir='ltr'>prima</span> <span class='ocrx_word' id='word_1_326' title='bbox 1933 3613 2008 3671; x_wconf 86' lang='lat' dir='ltr'>sit</span> <span class='ocrx_word' id='word_1_327' title='bbox 2065 3611 2425 3681; x_wconf 86' lang='lat' dir='ltr'>meditativa,</span> <span class='ocrx_word' id='word_1_328' title='bbox 2485 3613 2743 3674; x_wconf 89' lang='lat' dir='ltr'>secunda</span> <span class='ocrx_word' id='word_1_329' title='bbox 2802 3616 2888 3675; x_wconf 91' lang='lat' dir='ltr'>in·</span> <span class='ocrx_word' id='word_1_330' title='bbox 2916 3632 3032 3693; x_wconf 82' lang='lat'>359,</span> <span class='ocrx_word' id='word_1_331' title='bbox 3064 3632 3125 3680; x_wconf 88' lang='grc' dir='ltr'>ιο</span> 
     </span>
     <span class='ocr_line' id='line_1_34' title="bbox 322 3712 2894 3796; baseline 0.001 -22"><span class='ocrx_word' id='word_1_332' title='bbox 322 3713 613 3785; x_wconf 82' lang='lat' dir='ltr'>choativa,</span> <span class='ocrx_word' id='word_1_333' title='bbox 661 3715 830 3774; x_wconf 91' lang='lat' dir='ltr'>tertia</span> <span class='ocrx_word' id='word_1_334' title='bbox 875 3714 1169 3792; x_wconf 85' lang='lat' dir='ltr'>perfecta,</span> <span class='ocrx_word' id='word_1_335' title='bbox 1217 3723 1421 3793; x_wconf 86' lang='lat' dir='ltr'>quarta</span> <span class='ocrx_word' id='word_1_336' title='bbox 1466 3714 1922 3792; x_wconf 83' lang='lat' dir='ltr'>frequentativa,</span> <span class='ocrx_word' id='word_1_337' title='bbox 1969 3712 2103 3772; x_wconf 91' lang='lat' dir='ltr'>ideo</span> <span class='ocrx_word' id='word_1_338' title='bbox 2133 3715 2266 3792; x_wconf 91' lang='lat' dir='ltr'>quia</span> <span class='ocrx_word' id='word_1_339' title='bbox 2311 3732 2556 3775; x_wconf 87' lang='lat' dir='ltr'>necesse</span> <span class='ocrx_word' id='word_1_340' title='bbox 2601 3724 2688 3775; x_wconf 86' lang='lat' dir='ltr'>est</span> <span class='ocrx_word' id='word_1_341' title='bbox 2731 3718 2894 3796; x_wconf 91' lang='lat' dir='ltr'>prius</span> 
     </span>
     <span class='ocr_line' id='line_1_35' title="bbox 321 3800 2888 3889; baseline 0.001 -13"><span class='ocrx_word' id='word_1_342' title='bbox 321 3822 385 3876; x_wconf 91' lang='lat' dir='ltr'>ut</span> <span class='ocrx_word' id='word_1_343' title='bbox 438 3814 826 3885; x_wconf 86' lang='lat' dir='ltr'>meditemur,</span> <span class='ocrx_word' id='word_1_344' title='bbox 886 3815 1130 3886; x_wconf 89' lang='lat' dir='ltr'>deinde,</span> <span class='ocrx_word' id='word_1_345' title='bbox 1200 3834 1332 3877; x_wconf 91' lang='lat' dir='ltr'>cum</span> <span class='ocrx_word' id='word_1_346' title='bbox 1388 3814 1651 3876; x_wconf 88' lang='lat' dir='ltr'>meditati</span> <span class='ocrx_word' id='word_1_347' title='bbox 1712 3817 2031 3884; x_wconf 79' lang='lat' dir='ltr'>fuerimus,</span> <span class='ocrx_word' id='word_1_348' title='bbox 2100 3822 2164 3876; x_wconf 90' lang='lat' dir='ltr'>ut</span> <span class='ocrx_word' id='word_1_349' title='bbox 2217 3816 2593 3889; x_wconf 82' lang='lat' dir='ltr'>inchoemuS,</span> <span class='ocrx_word' id='word_1_350' title='bbox 2659 3800 2888 3888; x_wconf 69' lang='lat' dir='ltr'>deinde,</span> 
     </span>
     <span class='ocr_line' id='line_1_36' title="bbox 322 3916 2890 3997; baseline 0.001 -19"><span class='ocrx_word' id='word_1_351' title='bbox 322 3936 451 3979; x_wconf 85' lang='lat' dir='ltr'>cum</span> <span class='ocrx_word' id='word_1_352' title='bbox 493 3916 998 3985; x_wconf 86' lang='lat' dir='ltr'>inchoaverimus,</span> <span class='ocrx_word' id='word_1_353' title='bbox 1049 3924 1114 3978; x_wconf 90' lang='lat' dir='ltr'>ut</span> <span class='ocrx_word' id='word_1_354' title='bbox 1158 3919 1556 3996; x_wconf 74' lang='lat' dir='ltr'>perficiamuS,</span> <span class='ocrx_word' id='word_1_355' title='bbox 1604 3917 1848 3987; x_wconf 89' lang='lat' dir='ltr'>deinde,</span> <span class='ocrx_word' id='word_1_356' title='bbox 1896 3936 2030 3977; x_wconf 90' lang='lat' dir='ltr'>cum</span> <span class='ocrx_word' id='word_1_357' title='bbox 2076 3917 2473 3989; x_wconf 76' lang='lat' dir='ltr'>effecerimuS,</span> <span class='ocrx_word' id='word_1_358' title='bbox 2520 3926 2587 3979; x_wconf 90' lang='lat' dir='ltr'>ut</span> <span class='ocrx_word' id='word_1_359' title='bbox 2615 3919 2890 3997; x_wconf 90' lang='lat' dir='ltr'>frequen-</span> 
     </span>
    </p>

    <p class='ocr_par' dir='ltr' id='par_1_5' title="bbox 254 4017 2890 4100">
     <span class='ocr_line' id='line_1_37' title="bbox 254 4017 2890 4100; baseline 0 -19"><span class='ocrx_word' id='word_1_360' title='bbox 254 4027 527 4081; x_wconf 74' lang='lat' dir='ltr'>satemus.</span> <span class='ocrx_word' id='word_1_361' title='bbox 618 4021 731 4081; x_wconf 85' lang='lat' dir='ltr'>iste</span> <span class='ocrx_word' id='word_1_362' title='bbox 777 4020 1018 4094; x_wconf 79' lang='lat' dir='ltr'>confuse</span> <span class='ocrx_word' id='word_1_363' title='bbox 1062 4017 1188 4080; x_wconf 87' lang='lat' dir='ltr'>illas</span> <span class='ocrx_word' id='word_1_364' title='bbox 1230 4021 1445 4098; x_wconf 88' lang='lat' dir='ltr'>posuit.</span> <span class='ocrx_word' id='word_1_365' title='bbox 1520 4019 1850 4080; x_wconf 88' lang='lat' dir='ltr'>meditativa</span> <span class='ocrx_word' id='word_1_366' title='bbox 1896 4020 2085 4080; x_wconf 89' lang='lat' dir='ltr'>forma</span> <span class='ocrx_word' id='word_1_367' title='bbox 2130 4039 2250 4080; x_wconf 88' lang='lat' dir='ltr'>nou</span> <span class='ocrx_word' id='word_1_368' title='bbox 2295 4020 2517 4099; x_wconf 85' lang='lat' dir='ltr'>aliquid</span> <span class='ocrx_word' id='word_1_369' title='bbox 2561 4041 2670 4082; x_wconf 90' lang='lat' dir='ltr'>nos</span> <span class='ocrx_word' id='word_1_370' title='bbox 2714 4039 2890 4100; x_wconf 87' lang='lat' dir='ltr'>agere</span> 
     </span>
    </p>
   </div>
   <div class='ocr_carea' id='block_1_4' title="bbox 404 4220 2755 4290">
    <p class='ocr_par' dir='ltr' id='par_1_6' title="bbox 404 4220 2755 4290">
     <span class='ocr_line' id='line_1_38' title="bbox 404 4220 2755 4290; baseline -0.002 -12"><span class='ocrx_word' id='word_1_371' title='bbox 404 4269 415 4278; x_wconf 94' lang='lat'><em>.</em></span> <span class='ocrx_word' id='word_1_372' title='bbox 457 4225 578 4276; x_wconf 74' lang='lat' dir='ltr'>Coa.</span> <span class='ocrx_word' id='word_1_373' title='bbox 617 4224 773 4273; x_wconf 80' lang='lat' dir='ltr'>Ber-n.</span> <span class='ocrx_word' id='word_1_374' title='bbox 814 4224 857 4272; x_wconf 86' lang='lat'>11</span> <span class='ocrx_word' id='word_1_375' title='bbox 903 4220 1110 4274; x_wconf 80' lang='lat'><strong>6—7*.</strong></span> <span class='ocrx_word' id='word_1_376' title='bbox 1251 4225 1274 4274; x_wconf 95' lang='lat'>1</span> <span class='ocrx_word' id='word_1_377' title='bbox 1325 4222 1495 4290; x_wconf 85' lang='lat' dir='ltr'>fuerit]</span> <span class='ocrx_word' id='word_1_378' title='bbox 1554 4225 1684 4274; x_wconf 82' lang='lat' dir='ltr'>fierit</span> <span class='ocrx_word' id='word_1_379' title='bbox 1835 4223 1868 4274; x_wconf 85' lang='lat'><strong>3</strong></span> <span class='ocrx_word' id='word_1_380' title='bbox 1906 4226 2128 4274; x_wconf 83' lang='lat' dir='ltr'>oriantur</span> <span class='ocrx_word' id='word_1_381' title='bbox 2267 4224 2520 4289; x_wconf 77' lang='lat' dir='ltr'>syllanum</span> <span class='ocrx_word' id='word_1_382' title='bbox 2569 4233 2755 4276; x_wconf 88' lang='lat' dir='ltr'>exeunt</span> 
     </span>
    </p>
   </div>
   <div class='ocr_carea' id='block_1_5' title="bbox 323 4293 2884 4637">
    <p class='ocr_par' dir='ltr' id='par_1_7' title="bbox 323 4293 2884 4570">
     <span class='ocr_line' id='line_1_39' title="bbox 323 4293 2884 4362; baseline -0 -17"><span class='ocrx_word' id='word_1_383' title='bbox 323 4298 355 4345; x_wconf 80' lang='lat'><strong>4</strong></span> <span class='ocrx_word' id='word_1_384' title='bbox 392 4296 489 4344; x_wconf 73' lang='lat' dir='ltr'>sint</span> <span class='ocrx_word' id='word_1_385' title='bbox 661 4296 693 4345; x_wconf 83' lang='lat'>5</span> <span class='ocrx_word' id='word_1_386' title='bbox 726 4294 977 4359; x_wconf 79' lang='lat' dir='ltr'>praesenti</span> <span class='ocrx_word' id='word_1_387' title='bbox 1006 4295 1250 4358; x_wconf 82' lang='lat' dir='ltr'>temporis</span> <span class='ocrx_word' id='word_1_388' title='bbox 1424 4294 1457 4343; x_wconf 87' lang='lat'><strong>6</strong></span> <span class='ocrx_word' id='word_1_389' title='bbox 1500 4293 1764 4359; x_wconf 75' lang='lat' dir='ltr'>inperfecti</span> <span class='ocrx_word' id='word_1_390' title='bbox 1802 4310 1894 4347; x_wconf 86' lang='lat' dir='ltr'>om.</span> <span class='ocrx_word' id='word_1_391' title='bbox 2066 4296 2097 4344; x_wconf 88' lang='lat'><strong>7</strong></span> <span class='ocrx_word' id='word_1_392' title='bbox 2136 4295 2272 4358; x_wconf 86' lang='lat' dir='ltr'>quod</span> <span class='ocrx_word' id='word_1_393' title='bbox 2320 4304 2437 4343; x_wconf 84' lang='lat' dir='ltr'>sunt</span> <span class='ocrx_word' id='word_1_394' title='bbox 2610 4296 2643 4346; x_wconf 89' lang='lat'>8</span> <span class='ocrx_word' id='word_1_395' title='bbox 2679 4294 2884 4362; x_wconf 79' lang='lat' dir='ltr'>habent]</span> 
     </span>
     <span class='ocr_line' id='line_1_40' title="bbox 324 4362 2884 4430; baseline 0.001 -18"><span class='ocrx_word' id='word_1_396' title='bbox 324 4363 466 4414; x_wconf 78' lang='lat' dir='ltr'>habet</span> <span class='ocrx_word' id='word_1_397' title='bbox 604 4379 632 4412; x_wconf 81' lang='lat' dir='ltr'>a</span> <span class='ocrx_word' id='word_1_398' title='bbox 669 4364 911 4428; x_wconf 86' lang='lat' dir='ltr'>producta</span> <span class='ocrx_word' id='word_1_399' title='bbox 1048 4363 1082 4414; x_wconf 84' lang='lat'>9</span> <span class='ocrx_word' id='word_1_400' title='bbox 1117 4370 1166 4413; x_wconf 81' lang='lat' dir='ltr'>et</span> <span class='ocrx_word' id='word_1_401' title='bbox 1203 4365 1426 4414; x_wconf 82' lang='lat' dir='ltr'>neutrale</span> <span class='ocrx_word' id='word_1_402' title='bbox 1563 4373 1677 4413; x_wconf 83' lang='lat' dir='ltr'>ante</span> <span class='ocrx_word' id='word_1_403' title='bbox 1708 4362 1875 4414; x_wconf 83' lang='lat' dir='ltr'>littera</span> <span class='ocrx_word' id='word_1_404' title='bbox 2017 4364 2081 4415; x_wconf 90' lang='grc'>10</span> <span class='ocrx_word' id='word_1_405' title='bbox 2115 4373 2230 4414; x_wconf 84' lang='lat' dir='ltr'>aute</span> <span class='ocrx_word' id='word_1_406' title='bbox 2266 4365 2462 4430; x_wconf 78' lang='lat' dir='ltr'>syllana</span> <span class='ocrx_word' id='word_1_407' title='bbox 2608 4367 2662 4415; x_wconf 92' lang='lat' dir='ltr'>ll</span> <span class='ocrx_word' id='word_1_408' title='bbox 2706 4382 2733 4414; x_wconf 89' lang='lat' dir='ltr'>e</span> <span class='ocrx_word' id='word_1_409' title='bbox 2769 4380 2884 4430; x_wconf 88' lang='lat' dir='ltr'>pro·</span> 
     </span>
     <span class='ocr_line' id='line_1_41' title="bbox 326 4432 2882 4500; baseline 0 -18"><span class='ocrx_word' id='word_1_410' title='bbox 326 4435 465 4482; x_wconf 83' lang='lat' dir='ltr'>ducta</span> <span class='ocrx_word' id='word_1_411' title='bbox 609 4432 675 4483; x_wconf 83' lang='lat'>13</span> <span class='ocrx_word' id='word_1_412' title='bbox 709 4433 1017 4497; x_wconf 80' lang='lat' dir='ltr'>tertiaequae</span> <span class='ocrx_word' id='word_1_413' title='bbox 1051 4435 1103 4482; x_wconf 87' lang='lat' dir='ltr'>in</span> <span class='ocrx_word' id='word_1_414' title='bbox 1140 4436 1306 4483; x_wconf 83' lang='lat' dir='ltr'>actiua</span> <span class='ocrx_word' id='word_1_415' title='bbox 1447 4433 1509 4483; x_wconf 85' lang='lat'>15</span> <span class='ocrx_word' id='word_1_416' title='bbox 1545 4433 1766 4483; x_wconf 79' lang='lat' dir='ltr'>secunda</span> <span class='ocrx_word' id='word_1_417' title='bbox 1797 4448 2065 4498; x_wconf 79' lang='lat' dir='ltr'>personam</span> <span class='ocrx_word' id='word_1_418' title='bbox 2172 4434 2188 4482; x_wconf 91' lang='lat' dir='ltr'>i</span> <span class='ocrx_word' id='word_1_419' title='bbox 2225 4436 2476 4500; x_wconf 82' lang='lat' dir='ltr'>producta</span> <span class='ocrx_word' id='word_1_420' title='bbox 2615 4434 2679 4485; x_wconf 83' lang='lat'>19</span> <span class='ocrx_word' id='word_1_421' title='bbox 2716 4432 2882 4500; x_wconf 79' lang='lat' dir='ltr'>quasi]</span> 
     </span>
     <span class='ocr_line' id='line_1_42' title="bbox 328 4501 2746 4570; baseline -0.001 -17"><span class='ocrx_word' id='word_1_422' title='bbox 328 4504 436 4566; x_wconf 77' lang='lat' dir='ltr'>quia</span> <span class='ocrx_word' id='word_1_423' title='bbox 575 4503 646 4553; x_wconf 82' lang='lat'>20</span> <span class='ocrx_word' id='word_1_424' title='bbox 680 4505 766 4566; x_wconf 88' lang='lat' dir='ltr'>qui</span> <span class='ocrx_word' id='word_1_425' title='bbox 807 4513 882 4553; x_wconf 79' lang='lat' dir='ltr'>est</span> <span class='ocrx_word' id='word_1_426' title='bbox 913 4505 1317 4570; x_wconf 82' lang='lat' dir='ltr'>pronuntiatibus</span> <span class='ocrx_word' id='word_1_427' title='bbox 1453 4501 1524 4552; x_wconf 75' lang='lat'>23</span> <span class='ocrx_word' id='word_1_428' title='bbox 1564 4501 1779 4569; x_wconf 83' lang='lat' dir='ltr'>legetur]</span> <span class='ocrx_word' id='word_1_429' title='bbox 1828 4504 2080 4570; x_wconf 81' lang='lat' dir='ltr'>leg-eretur</span> <span class='ocrx_word' id='word_1_430' title='bbox 2220 4506 2288 4556; x_wconf 82' lang='lat'>26</span> <span class='ocrx_word' id='word_1_431' title='bbox 2323 4503 2488 4570; x_wconf 79' lang='lat' dir='ltr'>quasi]</span> <span class='ocrx_word' id='word_1_432' title='bbox 2536 4505 2621 4568; x_wconf 86' lang='lat' dir='ltr'>qui</span> <span class='ocrx_word' id='word_1_433' title='bbox 2649 4505 2746 4552; x_wconf 78' lang='lat' dir='ltr'>iam</span> 
     </span>
    </p>

    <p class='ocr_par' dir='ltr' id='par_1_8' title="bbox 325 4572 2081 4637">
     <span class='ocr_line' id='line_1_43' title="bbox 325 4572 2081 4637; baseline 0.001 -16"><span class='ocrx_word' id='word_1_434' title='bbox 325 4572 391 4623; x_wconf 80' lang='lat'>28</span> <span class='ocrx_word' id='word_1_435' title='bbox 418 4589 564 4637; x_wconf 82' lang='lat' dir='ltr'>quam</span> <span class='ocrx_word' id='word_1_436' title='bbox 600 4574 702 4622; x_wconf 80' lang='lat' dir='ltr'>alia</span> <span class='ocrx_word' id='word_1_437' title='bbox 840 4573 903 4624; x_wconf 82' lang='lat'>31</span> <span class='ocrx_word' id='word_1_438' title='bbox 944 4574 1125 4624; x_wconf 81' lang='lat' dir='ltr'>utrima</span> <span class='ocrx_word' id='word_1_439' title='bbox 1258 4573 1326 4626; x_wconf 86' lang='lat'>35</span> <span class='ocrx_word' id='word_1_440' title='bbox 1364 4573 1763 4623; x_wconf 10' lang='lat' dir='ltr'>istaewconrusae</span> <span class='ocrx_word' id='word_1_441' title='bbox 1902 4573 2081 4637; x_wconf 82' lang='lat' dir='ltr'>aliquit</span> 
     </span>
    </p>
   </div>
   <div class='ocr_carea' id='block_1_6' title="bbox 326 4795 2887 4932">
    <p class='ocr_par' dir='ltr' id='par_1_9' title="bbox 326 4795 2887 4932">
     <span class='ocr_line' id='line_1_44' title="bbox 457 4795 2887 4862; baseline 0 -13"><span class='ocrx_word' id='word_1_442' title='bbox 457 4800 520 4850; x_wconf 82' lang='lat'>19</span> <span class='ocrx_word' id='word_1_443' title='bbox 555 4798 859 4848; x_wconf 78' lang='lat' dir='ltr'>indicativus</span> <span class='ocrx_word' id='word_1_444' title='bbox 885 4798 970 4861; x_wconf 86' lang='lat' dir='ltr'>qui</span> <span class='ocrx_word' id='word_1_445' title='bbox 999 4806 1047 4846; x_wconf 86' lang='lat' dir='ltr'>et</span> <span class='ocrx_word' id='word_1_446' title='bbox 1072 4797 1479 4862; x_wconf 81' lang='lat' dir='ltr'>pronuntiativus</span> <span class='ocrx_word' id='word_1_447' title='bbox 1504 4799 1733 4848; x_wconf 74' lang='lat' dir='ltr'>Donatus</span> <span class='ocrx_word' id='word_1_448' title='bbox 1760 4813 1817 4861; x_wconf 86' lang='lat' dir='ltr'>p.</span> <span class='ocrx_word' id='word_1_449' title='bbox 1860 4795 1979 4854; x_wconf 83' lang='lat'>381,</span> <span class='ocrx_word' id='word_1_450' title='bbox 2021 4795 2086 4846; x_wconf 89' lang='grc'>18</span> <span class='ocrx_word' id='word_1_451' title='bbox 2224 4797 2286 4847; x_wconf 86' lang='grc'>21</span> <span class='ocrx_word' id='word_1_452' title='bbox 2326 4804 2518 4845; x_wconf 80' lang='lat' dir='ltr'>tantum</span> <span class='ocrx_word' id='word_1_453' title='bbox 2557 4795 2728 4848; x_wconf 83' lang='lat' dir='ltr'>futuro</span> <span class='ocrx_word' id='word_1_454' title='bbox 2764 4800 2887 4849; x_wconf 77' lang='lat' dir='ltr'>Put-</span> 
     </span>
     <span class='ocr_line' id='line_1_45' title="bbox 326 4864 2392 4932; baseline 0.001 -18"><span class='ocrx_word' id='word_1_455' title='bbox 326 4868 481 4918; x_wconf 68' lang='lat' dir='ltr'>schim</span> <span class='ocrx_word' id='word_1_456' title='bbox 619 4869 689 4918; x_wconf 75' lang='lat'>26</span> <span class='ocrx_word' id='word_1_457' title='bbox 725 4864 895 4932; x_wconf 77' lang='lat' dir='ltr'>quasi]</span> <span class='ocrx_word' id='word_1_458' title='bbox 940 4869 1192 4931; x_wconf 78' lang='lat' dir='ltr'>quandam</span> <span class='ocrx_word' id='word_1_459' title='bbox 1224 4867 1491 4919; x_wconf 71' lang='lat' dir='ltr'>Putscleius</span> <span class='ocrx_word' id='word_1_460' title='bbox 1629 4864 1695 4915; x_wconf 83' lang='lat'>34</span> <span class='ocrx_word' id='word_1_461' title='bbox 1732 4864 2096 4930; x_wconf 77' lang='lat' dir='ltr'>perfecerimus</span> <span class='ocrx_word' id='word_1_462' title='bbox 2127 4865 2392 4919; x_wconf 72' lang='lat' dir='ltr'>Puescleius</span> 
     </span>
    </p>
   </div>
   <div class='ocr_carea' id='block_1_7' title="bbox 424 4950 2489 5016">
    <p class='ocr_par' dir='ltr' id='par_1_10' title="bbox 424 4950 2489 5016">
     <span class='ocr_line' id='line_1_46' title="bbox 424 4950 2489 5016; baseline -0.001 -15"><span class='ocrx_word' id='word_1_463' title='bbox 424 4958 774 5001; x_wconf 75' lang='lat' dir='ltr'><strong>GRAMMATICI</strong></span> <span class='ocrx_word' id='word_1_464' title='bbox 802 4957 984 4999; x_wconf 76' lang='lat' dir='ltr'>LATINI</span> <span class='ocrx_word' id='word_1_465' title='bbox 1014 4957 1067 5000; x_wconf 87' lang='lat' dir='ltr'>V.</span> <span class='ocrx_word' id='word_1_466' title='bbox 2446 4950 2489 5016; x_wconf 81' lang='lat'><strong>2</strong></span> 
     </span>
    </p>
   </div>
  </div>
 </body>
</html>
