3541 5564
1072 374 1470 436 EXCERPTA
1517 374 1923 437 BomssNsu
1961 344 2241 467 [41--43
2769 452 2782 459 ,
2829 377 2954 442 653

2574 499 2618 540 p.
2648 489 2737 528 174.
2773 488 2824 528 75
2851 487 2906 529 V.
3001 482 3004 489 '

374 568 657 627 discretio
702 572 794 625 est
836 568 996 625 inter
1042 566 1346 645 deponens
1375 574 1550 646 atque
1583 584 1895 627 commune
1915 613 1930 635 ,
1977 566 2134 645 quod
2165 566 2471 646 deponens
2501 568 2741 648 quidem
2773 571 2952 631 alter-
2981 580 2988 592 '

374 678 597 737 utram,
645 686 957 728 commune
1003 686 1145 728 vero
1190 675 1503 747 utramque
1551 669 2049 746 significationem
2093 672 2329 749 recipit.
2405 670 2541 731 ideo
2585 674 2765 733 etiam
2809 692 2954 752 qua-

376 780 508 831 tuor
566 778 899 850 temporum
958 773 1273 851 participia
1329 778 1523 841 creat,
1595 772 1733 832 bina
1790 790 1862 830 ex
1925 777 2173 850 utraque
2227 771 2595 850 producens;
2651 774 2955 854 deponens

368 892 512 933 -vero
556 874 671 935 tria
731 879 959 933 tantum
1005 874 1207 934 modo:
1266 893 1401 935 nam
1448 881 1611 935 caret
1654 874 1970 953 participio
2013 873 2203 933 futuri
2248 876 2534 954 temporis
2578 895 2609 936 a
2655 879 2953 953 significa-

319 995 344 1033 5
373 978 529 1035 tione
573 976 835 1054 passiva,
885 975 1133 1055 ideoque
1167 978 1345 1036 etiam
1377 977 1682 1057 deponens
1713 974 2001 1055 appellari
2049 993 2166 1035 non
2214 975 2363 1036 nulli
2410 976 2813 1049 crediderunt,
2863 979 2953 1040 vel

369 1077 525 1156 quod
573 1095 755 1136 unum
800 1095 871 1136 ex
916 1079 1282 1157 participiiS,
1341 1079 1429 1138 vel
1487 1078 1641 1158 quod
1690 1078 1936 1139 alteram
1982 1096 2051 1136 ex
2097 1078 2631 1153 significationibus
2677 1080 2950 1160 deponat.

370 1179 552 1239 multa
596 1178 691 1238 his
735 1178 956 1239 similia
1004 1180 1157 1259 apud
1204 1181 1462 1241 Graecos
1506 1182 1682 1241 etiam
1727 1181 2143 1259 reperiuntur:
2203 1197 2270 1238 ac
2325 1181 2523 1258 primo
2579 1185 2841 1253 neutris,
2889 1191 2953 1244 ut

370 1288 508 1341 sunt
551 1280 681 1350 illa,
730 1280 815 1355 ζῶ
859 1277 1131 1341 πλουτῶ
1172 1274 1457 1362 ὑπάρχω
1502 1277 1783 1360 ἑορτάζω
1825 1276 2037 1360 τρέχω
2088 1272 2338 1357 ἅριστῶ
2384 1282 2726 1360 περιπατῶ
2768 1281 2964 1345 νοσῶ

370 1377 762 1461 ὀφθαλμιῶς
811 1382 950 1442 dein
1000 1383 1469 1463 deponentibus,
1515 1393 1582 1445 ut
1613 1392 1748 1446 suut
1780 1384 1903 1453 illa,
1937 1378 2230 1463 κήδομαί
2253 1394 2403 1462 σου,
2451 1382 2774 1465 φείδομαί
2798 1399 2949 1466 σου,

294 1506 341 1543 10
371 1478 769 1563 ἑπιμέλομαί
806 1498 955 1563 σου,
1003 1481 1370 1566 ι”ππάζομαί
1406 1500 1536 1564 σοι,
1582 1481 1880 1566 μάχομαί
1902 1497 2030 1561 σοι,
2079 1478 2474 1565 ὃιαλέγομαί
2496 1500 2627 1566 σοι,
2675 1480 2960 1568 εὔχομαί

371 1601 511 1665 σοι,
561 1582 569 1667 Ι
617 1579 871 1665 ἄγαμαί
915 1600 1020 1660 σε,
1070 1582 1561 1668 περιβλέπομαί
1598 1601 1705 1660 σες
1766 1584 1871 1647 sed
1929 1604 2039 1647 nec
2084 1587 2499 1648 communibus
2543 1590 2757 1650 desunt
2801 1609 2974 1670 quae*

368 1690 782 1758 conferantur,
830 1696 897 1748 ut
942 1697 1079 1749 sunt
1124 1689 1254 1758 illa,
1300 1685 1619 1770 βιάζομαί
1659 1703 1734 1750 σε
1782 1685 1895 1750 καὶ
1938 1684 2244 1768 βιᾷομαι
2288 1677 2423 1750 ὑπὸ
2471 1692 2641 1770 σοῦ,
2699 1684 2952 1770 ἄνδρα·

369 1787 726 1869 ποὸίζομαί
773 1803 849 1850 σε
909 1787 1021 1851 καὶ
1075 1783 1646 1872 ἁνδραποδίζομαι
1698 1784 1833 1851 ὑπὸ
1881 1789 2009 1851 σοῦ
2022 1835 2041 1869 ,
2098 1809 2247 1870 quae
2304 1793 2479 1852 etiam
2526 1787 2698 1873 μέσα
2742 1813 2950 1855 vocare

369 1901 751 1953 consuerunt.
841 1893 953 1953 hoc
1011 1897 1191 1954 etiam
1248 1896 1308 1954 in
1353 1894 1675 1955 verborum
1719 1892 2044 1971 generibus
2089 1893 2519 1963 adnotandum,
2568 1896 2724 1975 quod
2770 1916 2948 1977 quae-

294 2015 340 2053 15
368 1997 502 2057 dam
559 1994 738 2055 verba
797 1995 969 2055 modo
1027 1997 1198 2074 quasi
1255 2002 1496 2066 neutra,
1557 1996 1731 2057 modo
1788 1997 1957 2075 quasi
2006 1995 2361 2074 deponentia
2405 1998 2824 2075 proferuntur,
2885 2006 2948 2058 ut

369 2098 499 2159 lavo
559 2098 718 2158 lavor
777 2096 886 2157 sub
946 2115 1062 2157 una
1124 2096 1448 2178 eademque
1506 2099 1938 2176 significatione
1998 2097 2280 2157 dicuntur
2335 2092 2446 2158 ἐπὶ
2499 2093 2620 2158 τοῦ
2663 2095 2949 2180 λούομαι

368 2191 479 2259 ὂιά
510 2196 633 2261 τοῦ
660 2196 906 2278 μικροῦ
947 2197 1318 2278 βῆτα,,13νο
1365 2200 1551 2269 lavaS,
1599 2200 1757 2261 lavor
1802 2200 2049 2268 lavariS,
2110 2200 2265 2259 unde
2312 2201 2459 2259 fiunt
2503 2202 2768 2279 perfecta
2814 2195 2946 2263 ἀπὸ

366 2300 489 2362 τοῦ
531 2301 659 2362 lavo
702 2301 846 2370 lavi,
894 2293 1024 2360 ἀπὸ
1071 2301 1192 2360 τοῦ
1238 2302 1399 2362 lavor
1445 2302 1672 2363 lavatus
1702 2320 1832 2363 sum
1866 2310 1925 2363 et
1970 2320 2042 2361 ex
2085 2300 2197 2360 hoe
2243 2301 2438 2362 lautus
2483 2321 2614 2362 sum
2659 2311 2720 2363 et
2766 2323 2838 2365 au
2884 2307 2946 2365 in

366 2424 400 2462 o
445 2422 731 2464 converso
776 2403 930 2463 lotus
977 2420 1139 2473 sum;
1198 2411 1257 2463 et
1308 2403 1443 2464 labo
1489 2403 1655 2464 labor
1699 2404 1907 2464 itidem
1956 2403 2068 2463 sub
2114 2422 2230 2464 una
2277 2403 2601 2483 eademque
2647 2407 2945 2483 significa-

291 2527 341 2566 20
370 2511 528 2569 tione
588 2501 699 2566 ἐπὶ
753 2502 874 2565 τοῦ
930 2498 1333 2575 ὀλισθαίνω,
1390 2505 1634 2566 ‘labat
1692 2508 1938 2566 ariete
1996 2504 2276 2565 crebro
2333 2506 2708 2573 ianua’,et
2765 2507 2947 2568 ‘levi

367 2628 523 2670 cum
588 2608 953 2686 sanguine
1001 2607 1225 2667 Nisus
1279 2607 1570 2668 labitur
1626 2607 1968 2675 infelix';
2027 2615 2087 2667 et
2142 2605 2375 2667 fabrico
2420 2614 2479 2666 et
2523 2606 2787 2668 fabricor
2834 2605 2948 2670 ἐπὶ

365 2711 485 2771 τοῦ
530 2705 893 2790 οἰκοδομῶ,
943 2716 1002 2768 et
1046 2716 1218 2770 ructo
1263 2717 1324 2769 et
1366 2717 1572 2769 ructor
1616 2701 1692 2769 τὸ
1740 2704 2120 2790 ἐρεύγομαι.
2202 2708 2359 2789 quod
2404 2710 2599 2789 ipsum
2645 2711 2824 2770 etiam
2867 2730 2944 2771 ne

367 2815 578 2874 Graeci
623 2813 862 2892 quidem
906 2815 1209 2890 ignorant:
1258 2831 1394 2873 nam
1439 2813 1578 2873 inde
1625 2821 1762 2873 sunt
1806 2812 1940 2881 illa,
1987 2807 2401 2891 βουλεύομαι
2443 2808 2774 2893 βουλεύω,
2821 2831 2948 2873 πο-

368 2908 705 2993 λιτεύομαι
748 2909 1081 2975 πολιτεύω
1128 2922 1190 2974 et
1231 2915 1327 2976 his
1371 2916 1609 2976 similia.

289 3084 339 3125 2⁵
1370 3099 1463 3144 DE
1510 3097 1925 3145 DEFEc‘mvm

535 3203 687 3263 Sunt
730 3201 1021 3282 quaedam
1064 3205 1124 3261 in
1173 3203 1567 3265 declinatione
1600 3203 1920 3263 verborum
1951 3224 2099 3284 quae
2146 3205 2421 3284 plurimis
2453 3205 2732 3266 deficiant
2773 3225 2939 3266 more
2969 3195 3087 3313 gg}
3114 3197 3178 3314 g}

367 3307 760 3374 Graecorum,
820 3305 975 3384 apud
1034 3323 1180 3383 quos
1238 3303 1433 3364 tribus
1490 3306 1681 3366 modis
1726 3305 2041 3375 deficiunt,
2101 3315 2200 3367 aut
2243 3325 2352 3386 per
2400 3309 2941 3369 inconvenientiam
3072 3300 3084 3324 ’

363 3409 732 3475 litterarum,
791 3414 891 3467 aut
948 3405 1051 3465 ubi
1110 3400 1523 3494 πεποιημένῃ
1570 3401 1746 3478 λέξις
1791 3415 1911 3475 est,
1959 3387 2060 3466 aut
2105 3426 2215 3467 usu
2260 3415 2318 3467 et
2363 3409 2794 3469 consuetudine
2842 3409 2942 3469 de·

367 3513 638 3571 sistente.
701 3528 808 3588 per
856 3510 1088 3570 litteras
1133 3526 1249 3567 non
1295 3507 1445 3568 bene
1491 3508 1604 3569 sibi
1655 3508 2076 3576 cohaerenteS,
2126 3516 2190 3568 ut
2233 3527 2554 3589 νενεμκαε
2603 3510 2738 3571 ideo
2782 3514 2944 3572 enim

287 3628 338 3668 30
367 3611 775 3674 intercedente
818 3632 860 3691 η
906 3613 972 3671 fit
1014 3604 1383 3689 νενέμηκα,
1432 3616 1490 3669 et
1535 3629 1651 3670 non
1701 3605 2018 3690 ἐνεμθην,
2065 3609 2169 3670 sed
2216 3605 2581 3691 ἐνεμήθην,
2628 3631 2738 3673 nec
2781 3633 2942 3694 νεμ-

361 3718 693 3795 anconae,
750 3714 854 3774 sed
912 3707 1402 3792 νεμηθήσομαι.
1485 3710 1603 3792 'per
1659 3707 2119 3791 πεποιημένην
2174 3705 2356 3784 λέξιν
2413 3714 2475 3772 in
2532 3714 2627 3775 his
2672 3733 2822 3794 quae
2868 3716 2939 3777 ad

364 3817 817 3896 exprimendum
849 3815 1100 3876 alicuius
1131 3817 1220 3874 rei
1253 3833 1463 3874 sonum
1494 3816 1742 3875 conficta
1776 3823 1940 3881 sunt,
1992 3822 2056 3873 ut
2086 3810 2268 3891 λίγξε
2297 3811 2476 3893 βίος,
2511 3815 2644 3891 σι’ζε
2675 3809 2942 3895 ὀφθαλ-

362 3915 512 4000 μόςε
572 3919 718 3978 haec
776 3920 935 3978 enim
996 3918 1251 3978 ulterius
1310 3934 1429 3976 non
1475 3917 1894 3985 inflectuntur,
1941 3915 2045 3975 sed
2091 3915 2185 3976 his
2227 3922 2458 3976 tantum
2502 3917 2746 3978 vocibus
2788 3939 2941 3998 quae

364 4020 546 4082 semel
605 4019 797 4080 dictae
846 4028 983 4080 sunt
1041 4025 1391 4098 permanent
1447 4020 1579 4079 fixa.
1672 4037 1781 4098 per
1826 4036 1967 4078 usus
2023 4019 2326 4077 raritatem
2373 4020 2466 4079 vel
2511 4020 2938 4081 consuetudine

288 4136 337 4176 3⁵
367 4123 725 4189 desistente,
789 4129 854 4181 ut
911 4121 1007 4182 illa
1065 4139 1216 4200 quae
1273 4121 1334 4180 in
1394 4138 1489 4179 νω
1548 4128 1792 4190 exeunt,
1862 4115 2185 4179 λανθάνω
2247 4113 2521 4181 ἆνδάνω
2585 4117 2937 4201 μανθάνω,

496 4346 528 4393 2
563 4353 835 4405 utrumque
858 4340 1278 4403 significationem
1308 4341 1497 4405 recepit
1521 4341 1573 4389 B
1689 4342 1717 4389 7
1756 4341 1973 4405 primum
1999 4355 2137 4391 corr.
2161 4340 2326 4404 primo
2351 4339 2403 4387 B
2520 4342 2584 4390 10
2607 4341 2936 4406 υππαζομαι

363 4426 466 4463 σου
490 4425 745 4478 μαχομαι
771 4423 875 4460 σου
903 4408 1246 4474 ὃιαλεγομαι
1272 4422 1373 4459 σου
1401 4423 1640 4473 ευχομαι
1664 4421 1769 4457 σου
1795 4409 1843 4457 Β
1973 4409 2033 4457 11
2062 4407 2154 4457 sed
2179 4409 2529 4466 communibus
2555 4409 2604 4458 B
2630 4424 2722 4458 nee
2745 4410 2824 4460 vel
2845 4411 2935 4460 sed

364 4496 454 4529 nec
480 4480 836 4528 communibus
875 4477 1035 4527 Ianus
1175 4479 1237 4528 13
1261 4491 1374 4527 υπο
1398 4490 1489 4527 σοι
1509 4477 1803 4541 posteriore
1838 4480 1949 4527 loco
1975 4475 2027 4523 B
2165 4477 2226 4525 17
2262 4476 2380 4543 lalyo
2417 4477 2556 4543 labae
2583 4477 2725 4540 labor
2749 4478 2934 4545 laparis

363 4574 426 4583 —
452 4549 569 4612 labo
594 4548 695 4597 laui
720 4547 772 4595 B
899 4548 974 4595 *20
1000 4543 1157 4610 labat]
1191 4547 1347 4611 Ver-9.
1375 4547 1507 4595 Aen.
1538 4545 1579 4593 11
1603 4547 1703 4595 492
1844 4542 1965 4609 levi]
2002 4544 2160 4609 Ver-9.
2187 4545 2319 4597 Aen.
2345 4545 2392 4593 V
2417 4549 2515 4598 328
2653 4548 2715 4595 21
2745 4546 2934 4597 infelex

363 4632 497 4668 corr.
525 4616 702 4665 infelix
727 4615 779 4663 B
915 4616 981 4663 26
1025 4624 1145 4663 sunt
1186 4614 1433 4676 quaedam
1477 4614 1745 4662 verborum
1790 4627 1917 4676 quae
1951 4615 2003 4661 in
2038 4611 2376 4664 declinatione
2421 4615 2653 4680 plurimis
2696 4613 2936 4664 deficiant

364 4687 578 4734 coniecit
611 4684 781 4734 editor
822 4682 1231 4733 Vindobona-nais
1367 4684 1432 4732 29
1460 4689 1513 4731 ut
1536 4695 1821 4746 νενεμηκα
1841 4681 1898 4729 'B
2034 4684 2101 4732 30
2126 4690 2176 4729 et
2200 4695 2300 4731 non
2328 4682 2669 4748 νενεμφθην
2694 4683 2786 4732 sed
2812 4697 2931 4733 ενε·

365 4752 630 4818 νεμηθην
666 4767 761 4800 nec
802 4765 1119 4817 νεμησομαι
1166 4749 1258 4801 sed
1301 4749 1701 4815 νεμηθησομαι
1730 4749 1783 4797 Β
1919 4751 1980 4801 31
2019 4749 2085 4798 ad
2117 4748 2440 4814 primendum'
2462 4751 2514 4799 B
2650 4752 2714 4801 32
2748 4747 2928 4818 λίγξε]

362 4821 515 4873 Hom,
541 4820 609 4873 Il.
637 4821 687 4869 A
716 4822 811 4871 125
948 4818 1085 4882 σίζε]
1114 4819 1267 4871 Hom.
1296 4816 1392 4872 Od.
1424 4821 1458 4869 Ι
1483 4820 1586 4870 394
1719 4820 1784 4868 34
1819 4818 1984 4868 dictae
2017 4829 2138 4868 sunt
2162 4828 2457 4883 permanent
2482 4818 2585 4870 flxa
2607 4818 2769 4870 Ianus
2802 4820 2933 4870 dicta

365 4899 441 4938 est
465 4899 761 4954 permanent
784 4888 917 4938 fixae
940 4888 991 4937 B
