3541 5564
544 299 672 376 496
1633 273 2031 366 Avcvs'rnu

595 425 640 467 p.
665 412 740 454 1⁷9
767 413 826 454 M.
2845 425 2889 467 p.
2918 412 2969 454 ss
2992 412 3069 453 w.

847 493 1056 554 immo
1101 511 1229 571 age
1276 501 1346 553 et
1388 511 1420 552 a
1465 494 1700 571 prima
1746 493 1895 562 dic,
1942 493 2243 573 hospeS,
2290 495 2593 571 origine
2640 492 2887 564 nobis;

548 588 895 659 nostrasque
941 580 1267 639 sententias
1310 577 1382 638 ad
1426 585 1659 656 tempus
1703 578 1868 639 fictas
1914 579 2238 656 adiungere
2270 578 2413 639 utile
2446 586 2564 649 est,
2611 577 2826 639 ‘immo
2858 587 2921 639 tu
2952 579 3119 648 vade,

546 668 647 746 qui
696 667 861 742 cogis
904 664 1141 731 alium’,
1191 665 1407 723 ‘immo
1451 663 1598 722 adde
1644 665 1931 734 orationi,
1978 666 2079 742 qui
2127 663 2441 724 detrahere
2487 664 2745 724 studes’.
2836 664 2973 723 huic
3018 683 3120 724 au-

550 759 666 811 tem
713 751 1112 810 coniunctioni
1161 755 1476 827 utcumque
1521 750 1784 808 vicinum
1829 755 1947 818 est,
2006 767 2140 808 cum
2187 749 2436 809 dicimus
2480 751 2706 827 potius;
2765 756 2823 808 et
2869 749 3003 809 ideo
3048 749 3119 810 ad

549 835 769 906 libros,
817 843 881 894 ut
927 834 1084 903 dixi,
1131 833 1498 952 redeund*um
1545 840 1652 892 est.
1825 913 1859 952 *
2267 915 2302 952 δὲ
3149 833 3175 872 5

1522 1105 1620 1165 DE
1666 1104 2149 1167 BARBARISMO

602 1203 646 1242 p.
671 1192 745 1231 181
774 1189 834 1229 M·
2854 1199 2900 1241 p.
2929 1189 2978 1230 80
2997 1188 3071 1227 W.

722 1260 873 1322 Sane
919 1261 1156 1340 quidam
1202 1258 1547 1319 discernunt
1600 1261 1760 1319 inter
1817 1257 2252 1319 barbarismum
2296 1266 2358 1318 et
2402 1257 2754 1328 barbarum,
2803 1266 2868 1318 ut
2911 1257 3123 1319 barba-

553 1350 772 1409 rismus
815 1348 912 1415 sit,
960 1347 1010 1406 si
1056 1363 1195 1424 pars
1238 1344 1523 1405 orationis
1568 1343 1896 1405 secundum
1940 1344 2232 1405 redditam
2278 1346 2570 1405 rationem
2613 1344 2808 1424 aliqua
2853 1351 3128 1423 superest

554 1435 797 1500 vitiosa:
858 1429 1178 1491 barbarum
1232 1435 1453 1498 autem,
1510 1431 1562 1490 si
1620 1429 1870 1489 alicuius
1932 1431 2128 1507 gentis
2185 1428 2431 1490 verbum
2488 1437 2580 1490 est
2634 1448 2752 1490 non
2798 1438 3122 1508 receptum,

554 1526 621 1578 ut
665 1518 854 1596 siquis
900 1517 1058 1576 dicat
1101 1517 1162 1576 in
1210 1514 1391 1575 latino
1436 1533 1708 1574 sermone
1754 1514 1938 1575 dellas
1982 1534 2091 1593 pro
2135 1517 2349 1583 carice,
2396 1514 2550 1593 quod
2598 1515 2800 1593 utique
2845 1516 3124 1593 punicum
3156 1531 3205 1568 10

559 1609 670 1663 est.
761 1603 811 1662 si
856 1609 1052 1662 autem
1097 1600 1322 1661 nullius
1365 1601 1606 1659 omnino
1650 1601 1845 1677 gentis
1889 1598 2136 1660 verbum
2180 1617 2289 1679 pro
2349 1599 2532 1660 verbo
2592 1601 2967 1669 enuntiatur,
3024 1598 3126 1660 tali

558 1689 703 1747 vitio
748 1705 857 1747 nec
901 1704 1116 1747 nomen
1161 1686 1484 1766 inpositum
1529 1691 1636 1744 est.

1176 2110 1576 2228 Bromi}
1628 2110 1987 2206 Amul
2047 2110 2505 2228 Avcvs'rul

1628 2484 1726 2544 DE
1772 2483 2062 2546 NOMINE

2743 2579 2787 2621 p.
2816 2569 2929 2610 197⁵.
2958 2570 3008 2610 τε
3035 2566 3083 2611 Ρ.

727 2637 937 2699 Omnia
981 2637 1218 2698 nomina
1264 2636 1396 2699 XIII
1449 2637 1668 2699 litteris
1714 2639 2143 2707 terminantur,
2191 2639 2453 2717 quinque
2498 2637 2830 2709 vocalibus,
2878 2659 2909 2700 a
2955 2658 2987 2698 e
3034 2642 3053 2700 i
3099 2659 3134 2700 o
3162 2658 3214 2697 15

559 2745 626 2795 u,
685 2742 788 2785 sex
846 2720 1325 2793 semivocalibu8‚
1382 2722 1400 2782 l
1446 2742 1504 2785 m
1549 2743 1588 2784 n
1632 2743 1663 2784 r
1708 2743 1737 2785 s
1780 2742 1849 2794 x,
1908 2730 1967 2782 et
2021 2721 2251 2785 duabus
2306 2725 2513 2793 mutiS,
2574 2741 2606 2784 c
2649 2732 2693 2784 t.
2782 2742 2820 2785 a
2864 2727 3062 2787 vocali
3102 2745 3135 2785 a

557 2809 916 2878 masculino,
979 2815 1042 2867 ut
1088 2806 1312 2869 Seneca
1356 2809 1606 2870 Catilina
1653 2808 1810 2888 Sylla
1855 2808 1998 2869 Iuba
2045 2809 2231 2870 Cinna
2276 2809 2494 2879 Pansa,
2552 2827 2768 2887 graeca
2813 2810 2979 2872 Sosia
3025 2810 3134 2871 Pa-

560 2902 715 2964 seta,
764 2894 887 2954 afra
935 2892 1219 2971 iugurtha
1249 2893 1529 2973 Micipsa;
1577 2913 1609 2954 a
1654 2895 1945 2955 feminino
1975 2894 2199 2954 femina
2231 2894 2392 2955 Musa
2437 2894 2634 2955 tabula
2680 2896 2884 2974 regula
2928 2914 3134 2956 norma

559 2982 749 3041 forma
803 2986 864 3039 et
919 2978 1088 3048 talia;
1146 2997 1181 3038 a
1237 2988 1448 3040 neutro
1492 2997 1704 3057 graeca
1749 2986 1888 3039 sunt
1930 2986 2187 3048 tantum,
2235 2987 2299 3040 ut
2343 2980 2541 3041 thema
2585 2981 2825 3041 schema
2870 2989 2931 3041 et
2971 2981 3132 3049 talia,

560 3072 620 3125 et
651 3082 834 3124 unum
864 3062 1127 3133 latinum,
1160 3082 1374 3124 nomen
1405 3064 1669 3125 fluminis
1698 3062 1901 3133 Turia,
1940 3064 2174 3124 dicente
2208 3063 2464 3125 Salustio
2497 3070 2515 3099 ‘
2537 3065 2812 3127 flumen
2846 3066 3130 3139 Turia',·
3160 3085 3212 3124 «ιο

560 3168 591 3210 a
638 3150 936 3209 communi
982 3148 1203 3209 advena
1235 3167 1494 3209 convena
1523 3148 1802 3226 indigena
1835 3147 2172 3227 Troiugena
2205 3157 2265 3209 et
2294 3149 2462 3220 talia;
2509 3149 2583 3210 ab
2614 3153 2902 3230 epicoeno
2933 3154 3134 3230 vipera

560 3233 753 3314 aquila
798 3251 997 3295 musca
1043 3234 1268 3294 locusta
1313 3234 1504 3304 ulula,
1551 3252 1726 3313 quam
1772 3252 1880 3293 nos
1925 3243 2200 3295 noctuam
2246 3234 2517 3305 dicimus,
2567 3243 2629 3295 et
2669 3237 2832 3297 talia.
2880 3236 3136 3297 diximus

561 3320 633 3379 de
679 3339 711 3380 a
758 3318 982 3387 littera;
1034 3337 1192 3379 nunc
1238 3318 1309 3378 de
1356 3338 1387 3378 e
1434 3320 1723 3379 dicamus,
1786 3317 1859 3378 ab
1906 3337 1939 3378 e
1984 3318 2182 3380 littera
2227 3319 2413 3380 vocali
2458 3321 2683 3381 nullum
2726 3321 2974 3383 latinum
3018 3322 3135 3381 nisi

561 3406 762 3464 iuncta
816 3405 1258 3485 praepositione
1317 3404 1708 3464 masculinum
1775 3405 2107 3474 invenitur,
2174 3412 2240 3464 ut
2304 3405 2657 3484 proconsule
2724 3414 3132 3487 propraetore.

701 3607 727 3659 1
766 3607 918 3656 immo
954 3622 1052 3673 age
1086 3607 1170 3656 dic
1202 3604 1392 3671 hospes
1427 3605 1488 3654 ab
1522 3607 1722 3672 origine
1764 3607 1911 3656 nobis
1955 3608 2007 3656 V
2016 3625 2036 3659 .·
2080 3609 2237 3673 Very.
2276 3608 2407 3661 Aen.
2450 3609 2465 3655 1
2505 3606 2605 3658 753
2745 3607 2777 3659 3
2815 3610 2967 3659 immo
3005 3609 3134 3659 adeo

565 3679 683 3728 ideo
726 3676 806 3741 B)
845 3678 1031 3727 rationi
1072 3677 1185 3727 BV
1318 3678 1352 3725 4
1388 3684 1438 3724 et
1472 3676 1587 3726 ideo
1624 3684 1672 3725 et
1700 3677 1766 3726 nd
1813 3678 1868 3727 V
1897 3685 1945 3726 et
1977 3677 2105 3727 adeo
2142 3679 2284 3728 etad
2331 3678 2583 3728 Weber-us
2722 3680 2755 3731 8
2791 3687 2993 3744 superet
3027 3679 3140 3728 BV

699 3747 764 3800 10
796 3746 964 3797 delecs
998 3761 1090 3812 pro
1128 3746 1233 3796 curi
1270 3762 1296 3795 e
1334 3746 1456 3809 quid
1492 3745 1563 3797 B.
1602 3746 1851 3796 ‘Dietriclz
1878 3747 2185 3815 doctissimus
2213 3751 2424 3813 collega,
2459 3764 2505 3797 v.
2539 3746 2710 3798 delecs
2741 3757 2954 3814 propter
2988 3757 3133 3812 quat-

559 3826 673 3868 tuor·
700 3833 947 3869 consonas
982 3817 1277 3878 repudiata,
1307 3830 1408 3878 pro
1438 3815 1624 3872 dellas.
1657 3832 1752 3880 quo
1788 3818 1839 3864 in
1867 3818 1972 3865 ulla
2009 3819 2179 3881 linqua
2215 3819 2448 3869 Semitica
2478 3820 2638 3880 scirpi
2665 3834 2823 3883 genus
2862 3820 3141 3882 significari

559 3896 724 3953 neque,
756 3888 944 3937 debbas
979 3885 1292 3937 scribendum
1329 3894 1524 3950 censet,
1561 3902 1666 3935 cum
1700 3886 1889 3935 semiim
1929 3887 2121 3938 debbi‘is
2159 3889 2367 3938 arabice
2409 3890 2479 3936 sie
2510 3903 2727 3953 cyperus
2757 3890 3046 3952 soseiqiatus
3088 3897 3136 3938 et

559 3959 734 4009 debsie
772 3964 895 4006 teste
930 3956 1195 4007 Forslcalio
1231 3956 1281 4004 in
1315 3957 1476 4005 Flora
1509 3955 1730 4021 Aegypt.
1773 3971 1826 4019 p.
1858 3955 2021 4005 LXIX
2060 3965 2111 4008 et
2148 3957 2212 4008 14
2247 3959 2448 4021 scirpus
2493 3958 2836 4023 corymbosus’
2886 3959 3136 4009 Weber-us

704 4026 763 4077 11
799 4023 860 4091 si]
904 4040 1017 4074 esse
1052 4026 1169 4075 BV
1198 4041 1266 4074 an
1303 4028 1452 4075 ecce?
1594 4029 1853 4075 nuntiatur
1886 4025 2004 4077 BV

728 4237 785 4292 F
823 4237 1009 4291 codex
1051 4235 1421 4292 Monacensis
1467 4234 1628 4292 6281
1677 4236 2068 4310 Frisae’nyensis
2111 4235 2186 4292 81

734 4338 770 4389 ς
809 4323 973 4377 editio
1016 4323 1296 4393 princeps
1339 4320 1697 4377 Basileensis
1739 4340 1796 4377 a.
1848 4320 2010 4379 1506

739 4453 801 4504 14
841 4468 890 4504 m
930 4467 1125 4503 nonius
1162 4453 1245 4503 niu-1
1295 4454 1380 4505 αἷῑ
1420 4466 1572 4506 meir.
1613 4453 1779 4503 ποί.
1814 4467 1996 4503 suanm
2032 4467 2293 4506 Ancus-nui
2337 4470 2403 4505 ns
2440 4469 2635 4505 nonius
2674 4455 2721 4503 F
2755 4455 2988 4505 Eiusdem
3028 4456 3133 4504 diui

563 4524 742 4575 aurelii
780 4523 1039 4589 angustini
1069 4523 1402 4591 hipponensis
1441 4523 1526 4585 effi
1562 4523 1626 4573 de
1662 4523 1993 4589 grammatica
2031 4523 2156 4573 iiber
2192 4525 2370 4589 incipit
2406 4540 2440 4581 ς
2559 4524 2622 4576 16
2659 4540 2689 4572 a
2725 4523 2886 4574 vocali
2925 4540 3015 4579 om,
3053 4526 3133 4581 ἲς

703 4593 767 4645 17
798 4595 917 4644 iuna
947 4609 1086 4645 corr.
1124 4594 1240 4644 iubs
1277 4594 1327 4643 F
1354 4608 1457 4642 uua
1492 4606 1528 4647 ς
1696 4592 1855 4642 Cinna
1895 4593 2157 4644 Putsclu’us
2194 4595 2336 4643 cinsa
2369 4596 2464 4651 Γς
2635 4610 2819 4660 graeca
2865 4595 3136 4646 Pul-eckius

563 4672 699 4715 creta
735 4663 823 4719 Γς
963 4672 1135 4729 parete
1176 4678 1210 4719 ς
1349 4662 1417 4712 20
1453 4671 1501 4711 et
1537 4677 1692 4713 unum
1730 4678 1912 4712 nomen
1950 4664 2159 4714 latinum
2199 4664 2423 4714 fluminis
2464 4666 2543 4729 (ut
2581 4665 2704 4713 add.
2743 4664 2811 4725 F)
2848 4665 2978 4713 turia
3012 4666 3133 4721 ἲς.-

562 4734 632 4797 cs.
671 4734 833 4785 Proh.
874 4734 1005 4787 each.
1035 4748 1091 4796 p.
1131 4733 1193 4793 3,
1234 4733 1297 4784 13
1435 4733 1503 4782 22
1536 4748 1686 4795 quam
1724 4748 1818 4782 nos
1851 4741 2084 4784 noctuam
2116 4735 2329 4785 dicimus
2371 4749 2463 4785 om.
2494 4747 2529 4789 ς
2668 4734 2735 4785 23
2774 4734 3004 4785 dicamus
3038 4750 3131 4784 om.

566 4805 658 4859 Fe
797 4803 897 4852 nisi
936 4804 1155 4852 iunctam
1195 4803 1561 4867 praepositioni
1609 4812 1663 4851 ut
1707 4804 2008 4869 proconsule
2044 4803 2093 4852 F
