3541 5564
1456 338 1928 402 COMMENTVM
2864 334 2989 398 245

2622 456 2665 498 p.
2692 445 2869 487 ass-ar
2896 444 2940 484 1..

577 529 727 601 Quid
773 546 914 607 ergo
959 528 1210 590 dicimus
1250 527 1324 589 de
1369 528 1494 589 istis
1538 526 1869 588 adverbiis?
1942 526 2120 607 quid?
2193 525 2346 587 hanc
2402 524 2624 587 habere
2676 527 2985 597 rationem,
3012 535 3225 596 439,10

406 631 644 710 quando
688 638 901 693 exeant
943 633 1002 693 in
1050 638 1169 700 ter,
1215 630 1450 711 quando
1494 630 1556 690 in
1604 647 1656 689 e.
1730 647 1869 689 nam
1910 628 2050 689 inde
2094 629 2155 687 in
2200 627 2628 690 dubitationem
2676 634 2981 689 venerunt.

405 735 720 796 Terentius
765 733 909 795 dicit
952 733 1274 804 duriter:
1332 734 1394 793 in
1438 730 1564 793 aliis
1609 729 1885 792 omnibus
1937 730 2189 808 legimus
2232 728 2397 790 dure.
2487 729 2693 791 Cicero
2740 716 2881 790 dicit
2924 732 2984 790 in

403 836 502 896 illa
552 838 721 897 tertia
752 837 1021 897 oratione
1067 833 1498 915 ‘respondit
1543 832 1673 894 illa
1717 840 1796 894 ut
1837 833 2201 893 meretrix
2247 849 2388 892 non
2432 831 2983 899 inhumaniter';

350 937 725 1000 5i11humane
780 936 1062 1000 debemus
1118 936 1336 999 dicere.
1422 953 1563 1014 ergo
1619 936 1898 1015 quoniam
1954 934 2285 995 invenimus
2340 933 2616 994 adverbia
2669 933 2984 1015 aliquando

399 1041 460 1100 in
519 1047 611 1101 ter
669 1041 969 1109 exeuntia,
1030 1037 1346 1118 aliquando
1401 1038 1462 1098 in
1509 1056 1541 1097 e
1597 1036 1672 1097 ab
1730 1056 1847 1098 una
1904 1036 2294 1106 derivatione,
2342 1034 2566 1096 idcirco
2612 1038 2984 1099 necessariae

404 1151 543 1203 sunt
588 1140 847 1218 regulae.
912 1147 971 1202 et
1016 1142 1095 1202 ait
1137 1142 1251 1211 sic,
1300 1140 1492 1200 omnia
1540 1137 1815 1199 adverbia
1861 1156 2012 1219 quae
2057 1138 2329 1199 oriuntur
2372 1156 2405 1198 a
2451 1140 2718 1208 nomine,
2765 1157 2984 1217 quaere

404 1243 517 1304 hoc
562 1245 758 1323 ipsum
812 1260 1031 1303 nomen
1076 1241 1249 1322 quale
1296 1243 1398 1311 sit,
1448 1247 1507 1301 et
1552 1247 1690 1301 tunc
1735 1239 2058 1319 intellegiS,
2117 1258 2295 1319 quem
2340 1240 2409 1302 ad
2457 1238 2696 1301 modum
2743 1248 2985 1302 currant

399 1347 529 1426 ipsa
577 1344 886 1406 adverbia..
966 1343 1202 1422 quando
1258 1343 1484 1404 dativus
1540 1341 1853 1421 singularis
1899 1361 1934 1403 o
1979 1342 2159 1403 fuerit
2200 1344 2576 1411 terminatuS,
2623 1342 2683 1401 in
2730 1361 2762 1401 e
2807 1344 2984 1403 mittit

321 1467 374 1506 ιο
400 1446 778 1516 adverbium;
837 1444 1075 1526 quando
1131 1453 1324 1507 autem
1382 1445 1610 1506 dativus
1664 1443 1975 1524 singularis
2020 1445 2038 1505 i
2081 1446 2461 1512 terminatur,
2519 1462 2762 1505 necesse
2806 1444 2985 1506 habet

399 1552 458 1610 in
520 1557 611 1609 ter
667 1550 924 1609 mittere.
1013 1557 1148 1627 puta
1204 1549 1255 1609 si
1310 1547 1473 1608 dicas
1529 1546 1669 1608 huic
1724 1546 1929 1616 docto,
1988 1545 2161 1608 docte
2215 1547 2385 1615 facit,
2446 1545 2584 1607 huic
2640 1545 2802 1607 claro
2845 1547 2983 1607 facit

399 1650 594 1720 clare,
645 1647 652 1731 Ι
702 1649 841 1711 huic
885 1649 1232 1712 admirando
1276 1648 1640 1711 admirande.
1701 1665 1843 1726 ergo
1888 1647 1984 1710 illa
2030 1647 2306 1710 adverbia
2355 1656 2629 1728 usurpata
2676 1655 2817 1710 sunt
2846 1647 2979 1718 duo,

399 1769 587 1812 unum
640 1771 671 1812 a
717 1751 1023 1831 Terentio,
1087 1770 1268 1812 unum
1324 1770 1355 1812 a
1412 1750 1728 1812 Cicerone:
1799 1750 1896 1811 hic
1952 1749 2134 1811 durus
2201 1749 2374 1810 huius
2429 1748 2561 1810 duri
2615 1749 2753 1810 huic
2809 1749 2977 1820 duro,

399 1853 548 1914 dure
593 1852 765 1923 facit;
813 1852 908 1914 hic
953 1852 1310 1914 inhumanus
1354 1852 1527 1913 huius
1570 1852 1878 1914 inhumani
1932 1852 2068 1913 huic
2113 1851 2465 1922 inhumano,
2511 1851 2831 1913 inhumane
2878 1851 2979 1912 de-

319 1978 369 2017 15
397 1955 534 2017 buit
578 1954 806 2025 dicere,
867 1963 925 2016 et
983 1961 1178 2016 tamen
1232 1954 1638 2015 inhumaniter
1693 1953 1859 2014 dixit.
1952 1964 2010 2015 et
2053 1953 2166 2015 hoc
2209 1954 2406 2034 potius
2451 1952 2737 2014 debemus
2779 1955 2975 2034 seqni;

392 2056 490 2118 illa
539 2059 696 2118 enim
743 2059 940 2137 potius
985 2059 1044 2118 in
1091 2058 1436 2119 auctoritate
1479 2064 1634 2117 sunt.
1697 2058 1891 2118 omnia
1940 2058 2097 2118 enim
2144 2057 2385 2117 nomina
2429 2074 2581 2136 quae
2625 2054 2820 2116 dativo
2864 2058 2979 2117 sin·

392 2159 585 2239 gulari
640 2161 702 2220 in
758 2178 793 2219 o
852 2167 1069 2220 exeunt
1124 2157 1401 2220 adverbia
1461 2160 1519 2217 in
1579 2177 1611 2217 e
1669 2160 1939 2227 mittunt;
1998 2177 2149 2238 quae
2204 2165 2400 2219 autem
2443 2159 2504 2218 in
2551 2164 2640 2217 ter
2683 2165 2900 2218 exeunt
2944 2178 2973 2217 a

393 2261 588 2323 dativo
643 2260 930 2339 singulari
982 2261 1223 2321 veniunt
1278 2262 1297 2320 i
1354 2261 1698 2330 terminato,
1769 2268 1834 2322 ut
1887 2267 2027 2340 puta
2083 2262 2223 2322 huic
2278 2260 2434 2322 facili
2491 2258 2774 2328 faciliter,
2839 2259 2977 2338 agili
3024 2332 3031 2347 .

392 2362 642 2442 agiliter.

314 2484 367 2526 ιο
563 2466 815 2525 Veniunt
867 2466 928 2524 in
986 2466 1390 2544 quaestionem
1447 2463 1544 2527 illa
1602 2464 1754 2533 duo,
1825 2463 1994 2525 facile
2055 2471 2113 2524 et
2168 2461 2422 2524 difficile.
2513 2471 2653 2543 puta
2710 2464 2760 2523 si
2815 2461 2975 2525 dicas
3000 2475 3117 2538 438,
3144 2477 3209 2525 27

393 2566 569 2628 ‘illud
631 2564 1023 2645 intellegitur,
1080 2565 1185 2627 sed
1241 2564 1533 2635 difficile',
1595 2565 1709 2627 tale
1769 2574 1858 2626 est
1922 2584 1988 2626 ac
2054 2567 2103 2627 si
2173 2565 2333 2627 dicas
2395 2564 2823 2645 ‘intellegitur,
2870 2567 2973 2626 sed

392 2668 547 2730 male
601 2666 1022 2746 intellegitur’.
1094 2686 1235 2746 ergo
1279 2667 1432 2728 male
1477 2666 1629 2730 bene
1677 2667 1952 2728 adverbia
2009 2675 2178 2736 sunt;
2251 2669 2662 2728 incunctanter
2721 2686 2862 2746 ergo
2919 2676 2975 2728 ct

390 2770 630 2833 difficile
684 2769 1026 2832 adverbium
1085 2772 1217 2832 erit.
1308 2769 1412 2831 sed
1468 2769 1597 2832 redi
1654 2769 1724 2832 ad
1783 2771 2104 2840 rationem,
2177 2778 2234 2831 et
2289 2789 2407 2832 non
2463 2776 2551 2831 est
2607 2770 2970 2833 adverbium.

391 2881 528 2935 uam
572 2873 669 2934 hic
712 2871 968 2934 difficilis
1014 2871 1185 2933 huius
1229 2870 1482 2932 difficilis
1512 2872 1650 2934 huie
1682 2871 1932 2941 difficili,
1981 2872 2158 2933 debet
2201 2871 2544 2933 adverbium
2575 2874 2636 2933 in
2668 2880 2759 2934 ter
2790 2874 2970 2942 exire,

310 2998 363 3039 25
391 2974 742 3045 tlifficiliter;
792 2992 904 3035 nec
949 2973 1263 3034 difficulter
1307 2980 1504 3052 potest
1547 2992 1704 3042 esse,
1751 2972 1854 3034 sed
1901 2972 2238 3035 difficiliter.
2300 2992 2442 3052 ergo
2487 2973 2649 3034 vides
2693 2977 2970 3054 quoniam

386 3080 451 3137 in
496 3085 589 3138 ter
635 3078 797 3138 exire
843 3074 1039 3137 debet.
1132 3074 1405 3137 similiter
1458 3076 1658 3139 facile:
1735 3094 1855 3156 quo
1911 3075 2087 3136 modo
2142 3074 2320 3136 debet
2374 3077 2571 3142 exire?
2644 3075 2740 3138 hic
2783 3076 2973 3138 facilis

389 3180 569 3240 huius
613 3178 802 3240 facilis
847 3177 981 3238 huic
1026 3176 1212 3248 facili,
1261 3176 1529 3239 faciliter.
1608 3177 1749 3258 quid
1796 3178 1977 3255 ergo?
2022 3176 2271 3238 dicimus
2316 3179 2554 3239 nomina
2598 3181 2793 3258 potius
2842 3199 2971 3241 esse

387 3300 501 3361 pro
546 3279 844 3341 adverbiis
885 3279 1106 3359 posita,
1154 3297 1331 3359 quam
1378 3297 1508 3340 esse
1553 3278 1859 3341 adverbia:
1910 3298 2028 3341 non
2076 3279 2360 3369 debemus
2406 3279 2550 3340 haec
2596 3277 2795 3342 dicere
2841 3301 2970 3343 esse

388 3383 694 3452 adverbia,
756 3382 860 3443 sed
918 3384 1152 3442 nomina
1209 3402 1321 3463 pro
1377 3381 1672 3443 adverbiis
1732 3383 1940 3462 posita.
2033 3388 2091 3442 et
2145 3400 2257 3461 qua
2317 3381 2647 3443 elocutione
2710 3384 2967 3444 utimur?

305 3507 360 3548 ao
390 3487 529 3547 dicit
573 3484 705 3546 tali:
751 3486 1082 3544 invenimus
1113 3484 1267 3564 apud
1301 3483 1619 3562 Vergilium
1653 3483 1802 3545 tales
1834 3483 2223 3553 elocutiones,
2273 3484 2669 3550 ‘horrendum
2702 3485 2966 3555 clamat',

390 3590 660 3649 ‘torvum
716 3589 1049 3648 resonant'.
1140 3582 1390 3669 quaano
1447 3586 1695 3646 dicimus
1753 3588 2018 3652 ‘torvum
2073 3587 2407 3654 resonant',
2463 3585 2578 3646 tale
2635 3596 2722 3648 est
2786 3606 2853 3650 ac
2918 3590 2967 3648 si

385 3689 576 3751 dicam
625 3690 827 3748 ‘torve
882 3691 1223 3749 resonant'.
1313 3689 1546 3766 quando
1608 3687 1741 3748 dico
1799 3687 2199 3749 ‘horrendum
2249 3686 2513 3757 clamat',
2578 3687 2692 3749 tale
2758 3698 2845 3750 est
2899 3709 2965 3751 ac

384 3795 435 3853 si
480 3791 672 3851 dicam
719 3787 1059 3850 ‘horrende
1104 3787 1370 3850 clamat'.
1459 3808 1601 3868 ergo
1656 3789 1890 3869 quando
1947 3790 2077 3850 dico
2136 3789 2341 3852 ‘facile
2387 3789 2616 3851 locutus
2661 3795 2804 3859 est',
2854 3791 2967 3852 tale

386 3901 476 3954 est
530 3911 599 3952 ac
654 3893 703 3951 si
759 3890 950 3951 dicam
1010 3890 1293 3952 ‘faciliter
1347 3890 1634 3963 locutus',
1692 3900 1757 3953 ut
1799 3894 1877 3954 sit
1919 3911 2138 3955 nomen
2182 3912 2292 3973 pro
2338 3891 2636 3953 adverbio.
2729 3891 2965 3954 difficile

301 4017 357 4059 ³5
387 3994 501 4055 tale
548 4002 638 4054 est
695 4010 761 4052 ac
817 3994 868 4053 si
922 3992 1115 4054 dicam
1160 3993 1495 4054 difficiliter.
1589 4002 1646 4055 et
1690 3994 1829 4074 quid
1875 3994 2159 4056 debemus
2204 3995 2439 4056 dicere?
2486 3995 2722 4055 nomina
2770 3996 2966 4074 potius

383 4115 512 4157 esse
555 4114 668 4176 pro
713 4093 1024 4156 adverbiis.
1089 4103 1147 4155 et
1189 4114 1339 4174 quae
1385 4105 1524 4157 sunt
1566 4096 1828 4175 legitima
1872 4097 2183 4158 adverbia?
2229 4096 2479 4158 faciliter
2526 4104 2586 4158 et
2628 4096 2962 4158 difficiliter.

527 4353 550 4402 l
591 4365 864 4414 quamnam
903 4350 1088 4399 habent
1125 4350 1390 4412 rationem,
1429 4352 1632 4415 quando
1658 4352 1870 4403 coniecit
1896 4355 2265 4405 Lindemamms
2368 4355 2399 4402 2
2427 4361 2611 4402 exeant
2634 4352 2745 4401 AB
2776 4362 2962 4402 exeunt

384 4421 467 4474 Cb
610 4420 644 4473 3
681 4421 848 4470 cicero
885 4419 920 4468 d
953 4420 1004 4471 A
1041 4422 1206 4470 cicero
1243 4420 1373 4470 dixit
1403 4421 1530 4472 BC:
1568 4424 1618 4472 in
1658 4424 1812 4476 Verr.
1856 4432 1954 4474 act.
1991 4440 2092 4474 sec.
2128 4427 2147 4474 1
2186 4425 2269 4484 52,
2310 4422 2409 4474 138
2549 4424 2583 4472 4
2611 4423 2886 4488 respondet
2920 4424 2962 4472 G

519 4499 577 4540 nt
621 4504 713 4544 om.
753 4490 834 4555 A,
872 4491 993 4545 add.
1025 4506 1058 4539 a
1233 4505 1332 4541 non
1381 4490 1723 4542 inhumaniter
1760 4492 1902 4543 BCa
1948 4509 2044 4543 non
2086 4494 2370 4545 humaniter
2408 4494 2454 4542 A
2635 4492 2700 4543 13
2738 4507 2892 4541 uuum
2931 4509 2961 4540 a

379 4561 596 4612 terentio
630 4575 788 4609 unum
824 4575 855 4610 a.
891 4561 1121 4611 cicerone
1155 4561 1300 4611 Rea
1335 4576 1490 4611 unum
1524 4563 1589 4612 ad
1626 4563 1843 4613 terentia
1880 4580 2032 4614 unum
2071 4565 2136 4614 ad
2173 4565 2403 4615 cicerone
2438 4564 2486 4614 A
2594 4562 2659 4614 16
2696 4564 2747 4611 in
2786 4572 2960 4612 aucto-

380 4634 527 4682 ritate
569 4639 687 4680 sunt
725 4629 774 4679 A
811 4632 1124 4681 auctoritatis
1160 4639 1280 4682 sunt
1315 4632 1463 4681 BCa
1602 4635 1767 4682 omnia
1809 4637 1943 4685 enim
1980 4635 2223 4684 aduerbia
2261 4650 2390 4700 quae
2422 4635 2593 4685 datiuo
2622 4633 2873 4698 singulari
2904 4635 2957 4681 in

382 4717 410 4752 o
448 4711 638 4751 exeunt
673 4702 725 4751 in
763 4716 791 4750 e
827 4701 1030 4750 mittunt
1065 4700 1233 4753 ABG
1398 4702 1464 4751 21
1511 4702 1603 4751 sed
1639 4704 1768 4751 mate
1810 4705 2123 4771 intellegitur
2159 4742 2403 4759 .......
2442 4718 2563 4771 ergo
2605 4704 2654 4753 Α
2702 4703 2794 4752 sed
2828 4705 2956 4752 mate

380 4772 693 4837 intellegitur
731 4770 940 4821 difficile
976 4785 1098 4838 ergo
1137 4772 1230 4822 Ba
1393 4772 1461 4823 26
1507 4771 1741 4821 similiter
1777 4773 1912 4823 facili
1953 4775 2119 4824 ABG
2290 4774 2357 4826 30
2397 4776 2616 4825 clamant
2653 4773 2724 4822 C:
2757 4782 2953 4824 torvum

379 4850 587 4908 repente
626 4840 808 4890 clamat
846 4849 924 4893 ese
954 4842 1095 4905 apud
1137 4842 1407 4907 Vergyilfmn
1441 4840 1570 4895 Aen.
1612 4843 1703 4892 Vll
1742 4842 1845 4893 399
1983 4845 2044 4896 31
2087 4859 2145 4892 ae
2182 4846 2225 4895 si
2264 4845 2405 4895 dicas
2443 4853 2585 4894 torue
2624 4843 2788 4895 ABG
