3541 5564
1388 375 1857 438 connnu‘rvn
2194 350 2199 354 ’
2790 376 2914 441 217

2546 499 2589 540 p.
2618 488 2794 528 272-74
2821 486 2865 527 1..

345 581 454 643 per
498 561 730 632 modos,
788 581 907 624 non
965 570 1059 623 est
1115 563 1352 640 moduS,
1401 563 1505 624 sed
1553 564 1795 625 verbum
1845 573 1950 625 est.
2041 565 2137 626 hic
2182 574 2377 629 autem
2438 566 2648 627 modus
2694 568 2813 628 exit
2854 568 2914 627 in

345 674 467 727 tres
509 664 792 745 syllaba&
838 665 899 726 in
946 676 1068 736 tur,
1115 668 1176 727 in
1221 668 1292 735 it,
1337 666 1399 726 in
1447 672 1534 726 et:
1580 667 1642 727 in
1687 675 1801 737 tur,
1849 666 2065 746 legitur
2110 668 2408 738 scribitur,
2456 669 2515 729 in
2559 669 2633 738 it,
2683 669 2911 730 contin·

343 770 453 847 git,
501 770 562 828 in
609 775 684 837 et,
733 767 934 848 pudet.
997 768 1102 830 sed
1146 787 1296 849 quae
1339 768 1399 829 in
1444 776 1540 830 tur
1586 778 1645 830 et
1689 770 1748 830 in
1793 771 1840 830 it
1884 778 2100 831 exe-unt
2144 770 2216 831 ab
2259 771 2573 832 indicativo
2620 772 2914 840 oriuntur,

345 877 408 931 ut
449 868 583 949 lego
629 869 875 949 legitur,
922 872 1200 951 contingo
1245 872 1546 950 contingit.
1638 869 1769 950 lego
1812 872 2163 934 indicativus
2208 880 2325 943 est,
2372 875 2650 952 contingo
2695 873 2916 934 indica-

297 973 493 1033 stivus
553 978 675 1041 est;
735 971 873 1033 inde
929 974 1195 1033 nascitur
1251 973 1466 1052 legitur
1522 982 1581 1035 et
1638 976 1943 1054 contingit.
2032 994 2207 1054 quae
2237 977 2299 1036 in
2356 983 2415 1036 et
2471 982 2715 1045 exeunt,
2774 973 2919 1036 duas

343 1073 564 1139 habent
606 1075 1101 1154 significationem
1161 1046 1476 1153 aliquando
1531 1095 1563 1137 a
1621 1094 1687 1137 se
1732 1078 2038 1147 oriuntur,
2086 1075 2398 1155 aliquando
2444 1077 2517 1138 ab
2562 1077 2692 1138 aliis
2738 1078 2916 1155 origi-

342 1195 477 1238 nem
535 1177 783 1238 ducunt.
871 1196 902 1238 a
959 1195 1023 1238 se
1077 1178 1377 1253 oriuntur,
1438 1180 1491 1239 si
1546 1178 1705 1241 dicas
1757 1178 1943 1258 pudet
2000 1179 2218 1240 taedet:
2295 1198 2469 1240 nemo
2528 1178 2667 1240 dicit
2720 1179 2917 1259 pudeo

341 1280 587 1347 taedeo;
647 1297 789 1358 ergo
837 1279 997 1340 vides
1041 1299 1074 1340 3
1119 1298 1185 1341 se
1230 1282 1412 1341 nasci.
1504 1278 1849 1361 [aliquando
1893 1299 1925 1342 3
1970 1300 2036 1342 se
2090 1280 2387 1361 oriuntur]
2445 1281 2758 1362 aliquando
2816 1280 2920 1341 ali-

342 1381 499 1443 unde
544 1383 832 1460 originem
877 1388 1142 1443 sumunt:
1190 1382 1241 1443 si
1285 1380 1427 1444 velis
1472 1382 1672 1444 dicere
1703 1386 2021 1454 misereor,
2070 1402 2208 1445 ecce
2242 1383 2484 1445 verbum
2518 1390 2634 1454 est,
2683 1392 2741 1444 et
2784 1382 2921 1443 facit

273 1485 483 1546 winde
529 1486 792 1547 miseret.
879 1485 1032 1544 scire
1079 1483 1262 1546 debes
1307 1486 1583 1565 quoniam
1638 1487 1716 1547 ita
1775 1486 2075 1547 definitum
2124 1494 2213 1547 est
2254 1488 2314 1547 in
2361 1493 2507 1546 arte.
2597 1493 2656 1547 tu
2702 1493 2918 1553 tamen,

341 1589 389 1647 si
439 1585 694 1648 volueris
747 1587 916 1666 sequi
958 1604 1126 1656 vera,
1184 1587 1440 1666 require.
1529 1588 1638 1648 ista
1696 1586 1875 1649 verba
1933 1587 2217 1649 defectiva
2272 1596 2435 1656 sunt;
2498 1586 2601 1649 sed
2649 1586 2920 1667 quoniam
2947 1601 3123 1662 437,8

343 1688 721 1759 defecerunt,
781 1696 1142 1769 acceperunt
1192 1690 1478 1767 imagines
1537 1674 2013 1769 pronominum.
2045 1698 2110 1752 ut
2163 1689 2327 1751 illmn
2385 1690 2677 1751 defectum
2726 1690 2920 1769 expri-

342 1799 604 1860 merent3
654 1796 915 1852 ceterum
962 1788 1138 1851 verba
1183 1798 1322 1852 sunt
1365 1790 1673 1854 defectiva.
1759 1793 1846 1852 vis
1888 1794 2044 1853 scire
2089 1794 2368 1870 quoniam
2416 1791 2591 1853 verba
2637 1799 2777 1852 sunt
2820 1790 2920 1851 de·

345 1894 595 1965 fectiva?
653 1894 806 1972 finge
860 1892 1336 1965 similitudinem,
1396 1901 1454 1953 et
1507 1895 1769 1954 invenies
1836 1896 2030 1956 omnia
2089 1895 2262 1956 verba
2319 1892 2718 1975 inpersonalia
2775 1911 2924 1973 quae

270 1998 399 2058 15in
460 2003 520 2057 et
579 2001 796 2055 exeunt
849 1994 1006 2075 quod
1063 2014 1093 2055 3
1152 1995 1412 2057 secunda
1480 1997 1891 2074 coniugatione
1959 1998 2216 2059 veniunt.
2308 2005 2446 2077 puta
2507 1996 2692 2057 doceo
2749 1995 2926 2056 doces

343 2098 549 2168 docet,
609 2097 788 2158 sedeo
843 2097 1016 2158 sedes
1070 2096 1267 2168 sedet;
1327 2116 1467 2159 ecce
1521 2100 1581 2158 in
1629 2104 1689 2158 et
1732 2105 1967 2158 exeunt.
2023 2100 2146 2159 ‘sac
2193 2107 2252 2159 et
2295 2097 2439 2161 illud
2485 2098 2667 2178 pudet
2710 2097 2922 2167 taedet,

340 2202 434 2261 sac
489 2199 631 2260 inde
685 2201 936 2279 primam
991 2217 1336 2279 personam;
1397 2198 1728 2269 videamus,
1788 2200 1838 2260 si
1896 2218 2013 2260 non
2070 2202 2183 2262 erit
2237 2199 2493 2261 secunda
2554 2196 2921 2283 conliugatim

340 2301 542 2381 pudeo
588 2301 773 2381 pudes
816 2301 1027 2381 pudet,
1074 2304 1282 2363 taedeo
1325 2302 1527 2363 laedes
1568 2302 1784 2362 taedet.
1848 2301 1951 2363 sed
1983 2303 2258 2383 quoniam
2304 2301 2516 2364 taedeo
2560 2301 2760 2363 taedcs
2806 2320 2924 2361 non

338 2404 673 2473 invenitur,
732 2413 1144 2465 remanserunt
1200 2402 1336 2464 illae
1391 2404 1602 2465 tertiae
1655 2421 1977 2483 personae,
2037 2412 2097 2464 et
2153 2410 2328 2465 erunt
2382 2403 2557 2465 verba
2614 2403 2921 2465 defectiva.

267 2523 532 2586 sequare
577 2504 692 2565 hoc
738 2503 843 2565 tibi
888 2505 1042 2567 dixi?
1088 2507 1364 2585 quoniam
1409 2507 1540 2587 ipse
1570 2505 1832 2567 Donatus
1874 2507 1935 2566 in
1966 2504 2218 2585 quodam
2266 2505 2398 2567 loco
2430 2508 2700 2567 variavit:
2748 2505 2924 2567 modo

339 2608 490 2668 dixit
547 2606 942 2686 inpersonalia
1000 2607 1172 2687 plane
1228 2627 1383 2677 esse;
1443 2608 1556 2670 alio
1611 2608 1743 2669 loco
1802 2607 1971 2669 aliter
2029 2607 2290 2669 definivit
2343 2616 2403 2669 et
2447 2608 2594 2669 dixit
2638 2609 2923 2669 defectiva

342 2728 495 2771 esse.
563 2716 625 2770 et
668 2707 786 2769 dixi
834 2709 1110 2790 quoniam
1157 2710 1292 2772 ideo
1323 2710 1592 2772 addimus
1622 2712 1991 2791 pronomina,
2043 2719 2107 2772 ut
2148 2709 2440 2771 desectum
2486 2710 2650 2771 illum
2696 2708 2924 2791 inplere

339 2814 658 2893 possimus
749 2814 888 2875 item
947 2813 1103 2893 quod
1161 2814 1219 2874 in
1276 2822 1372 2875 tur
1429 2815 1549 2874 exit
1589 2813 1887 2883 similiter,
1934 2813 2098 2892 legor
2145 2812 2359 2893 legeris
2404 2812 2649 2891 legitur,
2696 2811 2925 2873 scribor

341 2914 631 2976 scriberis
676 2913 990 2980 scribitur..
1069 2933 1207 2977 ecce
1253 2917 1422 2976 tertia
1479 2935 1729 2995 persona
1779 2923 1867 2976 est
1920 2914 2327 2977 declinationis
2371 2916 2666 2995 passivae,
2714 2913 2924 2993 legitur

265 3017 629 3080 asscribitur
672 3035 704 3077 a
751 3035 874 3087 me,
921 3036 953 3077 a
998 3022 1087 3087 te,
1137 3016 1209 3078 ab
1254 3016 1374 3079 illo.
1451 3036 1593 3097 ergo
1640 3019 2169 3098 quotienscumque
2214 3024 2352 3079 sunt
2396 3015 2683 3078 defectiva
2729 3015 2925 3085 verba,

338 3119 676 3182 succ-edunt
717 3119 826 3180 ista
872 3136 1045 3179 causa
1090 3118 1412 3181 brevitatis,

519 3221 625 3282 Est
669 3221 844 3281 etiam
890 3221 1137 3299 gerundi
1184 3221 1396 3284 modus
1427 3239 1601 3300 quem
1650 3222 1869 3284 dicunt.
1930 3221 2180 3301 gerundi
2211 3220 2452 3282 modum
2485 3220 2689 3282 dicunt
2727 3221 2924 3289 istum,
2953 3240 3070 3301 412,
3100 3240 3162 3289 17

337 3323 586 3405 legendi
631 3322 882 3402 legendo
926 3322 1239 3403 legendum
1285 3324 1505 3386 lectum
1549 3324 1726 3386 lectu.
1783 3324 2055 3405 plerique
2086 3322 2294 3385 dicunt
2332 3342 2450 3384 non
2496 3323 2732 3383 modum
2782 3341 2926 3392 esse,
2955 3308 3069 3370 504,
3097 3310 3164 3358 30

339 3427 445 3490 sed
494 3427 808 3508 participia
853 3425 1160 3487 declinata.
1250 3428 1691 3507 participiorum
1740 3426 2166 3489 declinationes
2212 3428 2433 3487 scimus
2477 3427 2555 3487 ita
2602 3444 2759 3486 esse:
2831 3431 2931 3485 aut

262 3532 611 3592 soluturum
680 3536 769 3589 est
833 3530 1209 3608 participium
1274 3548 1305 3590 a
1372 3531 1604 3610 passivo
1671 3536 1768 3589 aut
1823 3530 2239 3609 praeteritum,
2300 3530 2565 3590 futurum
2622 3527 2927 3606 legenduS,

339 3633 736 3714 praeteritum
781 3630 988 3692 lectuS.
1061 3629 1289 3694 declina
1334 3633 1445 3693 ista
1488 3632 1828 3712 participia,
1877 3638 1934 3692 et
1971 3632 2257 3693 invenies
2317 3630 2577 3690 futurum
2622 3629 2928 3708 legenduS,

339 3734 711 3796 nominativo
755 3732 853 3793 hic
895 3731 1208 3812 legenduS,
1255 3736 1524 3813 genetivo
1569 3734 1745 3795 huius
1790 3734 2055 3812 legendi,
2103 3733 2297 3793 dativo
2340 3731 2476 3792 huic
2522 3730 2789 3810 legendo,
2836 3752 2929 3793 ac-

339 3837 615 3898 cusativo
660 3835 821 3897 hunc
865 3833 1196 3914 legendum.
1269 3835 1498 3899 declina
1545 3838 1947 3917 praeteritum.
2024 3836 2122 3897 hic
2165 3835 2351 3903 lectus
2396 3833 2569 3895 huius
2614 3832 2748 3895 lecti
2794 3834 2930 3894 huic

339 3939 502 4000 lecto
559 3938 722 3999 hunc
775 3936 1009 3999 lectum.
1102 3956 1172 3997 ex
1229 3938 1418 4018 aliqua
1474 3946 1642 4019 parte
1686 3937 2095 3999 declinationis
2138 3937 2441 4017 praeteriti
2487 3936 2810 4015 participii,
2860 3954 2929 3995 ex

261 4040 545 4120 asaliqua
600 4048 769 4120 parte
818 4036 825 4118 Ι
874 4036 1282 4100 declinationis
1338 4042 1520 4101 futuri
1577 4042 1870 4120 participii
1925 4042 2197 4102 fecerunt
2250 4039 2406 4099 hunc
2462 4038 2733 4107 modum,
2792 4044 2929 4117 puta

340 4140 589 4222 legendi
632 4140 884 4219 legendo
930 4139 1240 4219 legendum
1287 4141 1536 4213 lectum,
1585 4149 1651 4202 ut
1695 4142 1961 4203 videatur
2005 4161 2124 4203 non
2172 4140 2382 4202 modus
2426 4159 2585 4210 esse,
2645 4139 2748 4200 sed
2794 4158 2928 4220 par-

339 4245 549 4326 ticipia
596 4242 775 4304 simul
821 4241 1123 4306 declinata.
1200 4245 1401 4305 futura
1446 4251 1505 4305 et
1547 4246 1868 4324 praeterita
1915 4244 2063 4305 haec
2107 4244 2337 4314 dicunt,
2385 4243 2486 4304 sed
2533 4261 2652 4303 nun
2700 4250 2790 4303 est
2837 4261 2929 4302 ve-

487 4383 525 4431 4
561 4380 678 4446 lego
718 4379 901 4446 legitur
938 4388 987 4429 et
1025 4383 1074 4430 in
1113 4381 1152 4430 it
1193 4382 1459 4448 (contingo
1495 4382 1616 4431 add.
1656 4398 1717 4445 α,
1753 4382 1850 4432 sed
1877 4389 2059 4444 postea
2101 4383 2313 4432 deletum
2350 4381 2446 4440 est)
2487 4379 2734 4446 contingit
2769 4378 2935 4429 ABG

485 4451 524 4502 8
554 4450 758 4500 aliunde
793 4451 1039 4515 originem
1077 4461 1282 4501 sumunt
1319 4452 1400 4502 Ga
1436 4450 1650 4505 aliorum
1689 4452 1936 4517 originem
1974 4459 2177 4500 sumunt
2215 4451 2263 4499 A
2302 4450 2507 4500 aliunde
2547 4451 2797 4515 originem
2839 4449 2930 4497 du·

339 4529 466 4571 cunt
507 4520 558 4570 B
702 4520 762 4572 11
805 4535 923 4570 uere
957 4536 1169 4586 sequere
1206 4521 1372 4571 ABG
1474 4521 1570 4571 ista
1608 4521 1717 4571 AB
1751 4521 1844 4570 sed
1881 4522 1977 4571 ista
2016 4521 2094 4572 Cb
2199 4521 2355 4570 uerba
2391 4519 2646 4570 defectiua
2676 4528 2795 4569 suut
2830 4519 2935 4569 BG

338 4592 607 4643 derectius
641 4599 758 4639 sunt
800 4592 953 4641 uerba
980 4591 1029 4639 A
1173 4593 1237 4642 12
1273 4590 1413 4640 illum
1441 4590 1518 4641 Cb
1555 4589 1679 4640 illud
1716 4591 1830 4641 AB
1969 4592 2033 4643 14
2071 4591 2297 4640 invenies
2333 4591 2703 4639 Lindemannus
2732 4590 2933 4638 iuuenis

339 4663 457 4714 AB
497 4662 674 4711 inueni
714 4660 756 4711 C
893 4661 957 4711 18
993 4661 1170 4711 taedeo
1209 4661 1383 4711 taedes
1419 4661 1586 4710 taedet
1620 4676 1712 4713 om.
1756 4660 1922 4712 ΑΒΘ
2057 4662 2121 4711 21
2162 4656 2334 4726 plane]
2376 4658 2527 4726 plena
2558 4659 2599 4709 G
2736 4661 2804 4707 22
2840 4659 2931 4707 de-

341 4734 598 4782 feetiuum
626 4730 751 4780 illud
790 4730 956 4781 ABG
1064 4732 1134 4782 23
1168 4732 1426 4797 possimus
1464 4730 1553 4780 Ba
1592 4745 1859 4796 possemus
1898 4731 2037 4782 Aah
2167 4732 2232 4779 27
2272 4739 2347 4779 est
2384 4730 2531 4779 etiam
2568 4730 2783 4794 gerundi
2814 4727 2931 4794 (ge-

340 4803 492 4852 rendi
538 4798 667 4864 Bc)
701 4802 838 4851 modi
875 4799 1010 4864 quod
1052 4800 1227 4851 dicunt
1260 4801 1541 4867 gerundum
1584 4801 1887 4865 (gerendum
1924 4801 2053 4863 BC)
2090 4800 2293 4850 modum
2328 4798 2558 4849 ABG
2640 4799 2709 4849 36
2746 4799 2930 4849 lectum

341 4874 479 4922 lectu
517 4871 572 4921 B
716 4871 781 4922 37
820 4870 988 4920 future
1027 4898 1090 4907 —-
1127 4871 1312 4932 218,1
1350 4870 1597 4922 declinata
1632 4886 1725 4924 om.
1754 4871 1828 4938 A,
1859 4871 1981 4922 add.
2015 4887 2049 4920 a
2189 4866 2334 4936 haec]
2378 4870 2473 4921 hoc
2505 4869 2657 4920 BCa
