3541 5564
614 349 741 415 584
1477 352 1574 412 DE
1619 351 1866 412 DVBIIS
1915 350 2361 414 NoMlNlssvS·

667 473 709 512 p.
733 461 797 500 88.
823 461 872 499 89
902 459 950 500 u.

783 539 1063 599 Materies
1115 541 1355 616 generis
1412 541 1710 608 seminini,
1769 548 1834 599 ut
1888 539 2248 600 Prudentius
2296 539 2379 617 (c.
2425 539 2647 617 Symm.
2694 535 2944 619 11257)
3006 538 3198 597 ‘deus

616 642 950 702 inlustravit
995 640 1290 702 alumnam
1333 642 1703 702 materiem’.

785 740 1082 802 Metallum
1138 745 1377 820 generis
1433 745 1661 812 neutri,
1718 752 1785 804 ut
1839 743 2197 805 Prudentius
2244 741 2327 823 (c.
2375 743 2595 821 Symm.
2645 741 2695 801 ll
2739 737 2893 823 287)
2944 741 3199 801 ‘rursus

617 853 674 905 et
721 845 789 905 ad
838 846 1145 924 proprium
1192 844 1443 905 restillet
1486 863 1633 905 vena
1678 845 2035 906 metallum'.

785 946 910 1006 Mos
952 948 1192 1023 generis
1235 945 1577 1016 masculini,
1625 954 1691 1006 ut
1735 947 2122 1027 Symmachus
2170 947 2241 1025 (X
2287 945 2388 1026 61)
2437 947 2613 1007 ‘suus
2658 948 2871 1025 cuique
2917 947 3102 1005 mos’.
3229 962 3258 999 5

749 1045 1046 1108 'Mentum
1092 1051 1332 1126 generis
1375 1051 1604 1118 neutri,
1654 1056 1717 1109 ut
1761 1048 2043 1126 Virgilius
2090 1049 2169 1126 (q.
2219 1048 2297 1108 ΙΙΙ
2342 1046 2487 1126 311)
2539 1049 2834 1127 ‘canaque
2881 1047 3137 1107 menta’.

792 1149 1136 1228 Mysterium
1182 1153 1421 1227 generis
1466 1152 1693 1219 neutri,
1740 1160 1806 1211 ut
1852 1149 2201 1210 Ambrosius
2247 1151 2628 1229 ‘mysterium
2674 1147 3006 1209 mirabile’.

786 1250 1117 1330 Manipulus
1172 1254 1411 1328 generis
1463 1252 1810 1320 masculini,
1870 1260 1935 1311 ut
1992 1253 2295 1331 psalmista
2342 1248 2505 1329 (125,
2551 1247 2610 1332 6)
2658 1251 2972 1330 pluraliter
3018 1251 3197 1328 ‘por-

619 1359 811 1412 tantes
852 1353 1184 1431 manipulos
1229 1355 1421 1413 suos'.

785 1454 896 1513 Mel
955 1457 1193 1530 generis
1245 1458 1462 1515 neutri.
1552 1457 1819 1535 quamvis
1884 1458 2255 1532 grammatici
2312 1462 2511 1515 vetent
2574 1455 2912 1534 pluraliter,
2995 1463 3197 1514 tamen
3237 1473 3285 1510 ιο

617 1556 901 1633 Virgilius
949 1557 1042 1634 (A.
1090 1556 1113 1615 l
1157 1553 1302 1636 432)
1351 1559 1434 1618 ait
1479 1557 1729 1636 ‘stipant
1774 1559 2063 1633 liquentia
2109 1557 2338 1617 mella’.

783 1658 1012 1719 Moenia
1060 1661 1300 1736 generis
1344 1660 1570 1727 neutri,
1617 1668 1682 1719 ut
1725 1659 2008 1737 Virgilius
2057 1657 2147 1734 (A.
2197 1658 2220 1718 1
2262 1655 2409 1739 437)
2459 1657 2724 1729 ‘feliceS,
2772 1677 3025 1738 quorum
3076 1661 3198 1719 iam

616 1762 848 1820 moenia
893 1761 1198 1838 surgunt‘.

784 1862 947 1922 Mens
1005 1865 1242 1940 generis
1294 1863 1594 1930 seminini,
1653 1872 1718 1923 ut
1776 1863 2059 1923 Paulinus
2118 1860 2327 1940 (carm.
2379 1860 2488 1932 17,
2534 1861 2594 1944 3)
2654 1864 2921 1942 ‘semper
2964 1862 3198 1923 adnexa

618 1966 746 2023 sine
794 1966 908 2025 line
953 1973 1148 2024 tecum
1195 1972 1391 2025 mente
1436 1966 1724 2025 futuros'.
3233 1983 3286 2020 15

783 2066 1010 2127 Merces
1052 2069 1293 2144 generis
1334 2067 1632 2134 feminini,
1682 2077 1746 2126 ut
1792 2067 1996 2127 Avitus
2041 2066 2350 2126 ‘mercede
2397 2068 2713 2146 reposita’.

782 2168 1012 2228 Numen
1059 2171 1295 2245 generis
1340 2171 1568 2238 neutri,
1616 2176 1681 2228 ut
1712 2168 2001 2229 Iuvencus
2049 2167 2094 2246 (l
2123 2167 2224 2248 45)
2275 2169 2527 2228 ‘numen
2558 2170 2774 2229 vidisse
2805 2171 3196 2248 supernum’.

785 2269 791 2350 Ι
841 2269 1063 2330 Nemus
1104 2272 1346 2348 generis
1390 2271 1604 2338 neutri,
1651 2279 1715 2329 ut
1760 2269 2046 2346 Virgilius
2095 2267 2186 2348 (A.
2235 2269 2258 2328 l
2308 2266 2446 2351 191)
2496 2271 2776 2332 ‘nemora
2818 2272 2979 2331 inter
3025 2273 3197 2330 fron-

609 2370 718 2431 dea
761 2371 1055 2432 turbam'.

781 2472 984 2533 Nubes
1036 2476 1279 2552 generis
1321 2475 1629 2544 feminini,
1686 2481 1753 2533 ut
1796 2473 2082 2552 Virgilius
2131 2473 2224 2551 (A.
2272 2473 2298 2532 Ι
2349 2470 2496 2554 143)
2545 2475 2967 2554 ‘collectasque
3025 2477 3201 2551 fugat
3221 2475 3286 2532 ‘20

612 2574 855 2635 nubes’.

780 2677 966 2737 Nares
1019 2681 1260 2756 generis
1316 2679 1620 2747 seminini,
1693 2687 1755 2738 ut
1814 2677 2093 2755 Virgilius
2152 2676 2239 2754 (q.
2298 2676 2402 2737 1111
2457 2674 2612 2759 300)
2674 2679 2847 2738 ‘huic
2914 2679 3197 2755 geminae

611 2781 839 2842 nares'.
2135 2765 2141 2771 ’

780 2882 1002 2942 Nasum
1045 2884 1286 2959 generis
1328 2885 1556 2952 neutri,
1605 2890 1669 2942 ut
1711 2882 1975 2943 Lucilius
2022 2883 2264 2942 ‘nasum
2310 2882 2420 2942 hoc
2466 2901 2797 2962 corpusque
2845 2885 3138 2942 scutum’.

781 2983 1041 3044 Nucleus
1086 2986 1325 3061 generis
1369 2984 1711 3045 masculini:
1757 3003 1893 3044 nam
1939 2984 2147 3045 Cicero
2191 2983 2503 3063 pluraliter
2547 2984 2788 3046 nucleos
2834 2985 3004 3045 dixit.
3230 3005 3286 3043 25

780 3085 892 3145 Nix
935 3088 1180 3164 generis
1222 3087 1520 3169 seminini,
1569 3092 1635 3144 ut
1678 3086 1907 3146 Ennius
1950 3086 2093 3147 ‘hae
2140 3087 2361 3146 nives’.

777 3186 1008 3247 Naevus
1051 3190 1293 3265 generis
1335 3188 1557 3258 neutri,
1607 3187 1709 3247 sed
1755 3188 1940 3248 Varro
1986 3187 2057 3247 ad
2104 3188 2453 3249 Ciceronem
2500 3188 2629 3248 ‘hie
2675 3191 2950 3249 naevus’.

778 3288 956 3350 Nefas
1000 3291 1238 3366 generis
1281 3292 1510 3360 neutri,
1558 3298 1623 3350 ut
1667 3289 2029 3351 Prudentius
2078 3288 2258 3368 (cath.
2295 3287 2349 3360 1,
2390 3286 2493 3371 58)
2544 3290 2649 3350 ‘ex
2695 3309 2799 3351 ore
2842 3290 3194 3370 prolapsum

607 3392 830 3452 nesas’.

775 3493 1090 3571 Negotium
1135 3495 1376 3570 generis
1421 3496 1650 3563 neutri,
1701 3501 1765 3553 ut
1811 3493 2090 3555 Sidonius
2137 3494 2472 3570 ‘negotium
2517 3495 2824 3555 criminale
2870 3497 3193 3573 parturit’.
3226 3514 3282 3553 ao

776 3594 1094 3655 Oraculum
1138 3597 1380 3673 generis
1424 3597 1649 3665 neutri,
1698 3603 1762 3656 ut
1793 3597 1997 3656 Avitus
2040 3596 2390 3675 ‘episcopus
2434 3614 2716 3676 responsa
2764 3598 2959 3675 potius
3006 3616 3194 3675 quam

607 3693 845 3757 oracula
889 3696 1264 3758 destinavit'.

740 3886 807 3934 24
840 3899 1020 3933 nasum
1056 3886 1186 3934 Non.
1222 3885 1324 3935 215
1361 3885 1517 3935 Prob-
1555 3885 1676 3947 212,
1710 3885 1777 3935 10

738 4057 771 4105 2
807 4057 1009 4106 alumna
1057 4058 1110 4104 V
1138 4056 1362 4107 alumina
1403 4054 1466 4104 M
1496 4055 1686 4104 alunna
1724 4055 1770 4103 L
1911 4053 1944 4105 3
1978 4053 2243 4103 Mittallum
2282 4080 2349 4087 —
2392 4053 2646 4102 metallum
2679 4064 2796 4116 post
2828 4057 2859 4106 5
2895 4071 3005 4106 mos
3036 4056 3194 4107 habet

606 4127 652 4175 L
791 4129 825 4176 4
856 4136 905 4177 et
945 4141 1039 4176 om.
1077 4127 1139 4177 M
1277 4127 1310 4177 5
1349 4141 1484 4175 mors
1519 4134 1729 4191 utroque
1764 4127 1870 4173 loeo
1909 4123 2099 4173 MVL
2241 4122 2273 4172 8
2315 4122 2439 4187 psal·
2478 4123 2668 4173 MVL
2832 4125 2888 4175 11
2942 4127 3191 4191 stipanda

600 4195 748 4246 mella
795 4199 850 4246 V
857 4198 904 4246 L
937 4198 1178 4261 stipantia
1215 4196 1276 4244 M
1419 4197 1483 4246 12
1512 4196 1718 4262 generis
1754 4195 1919 4243 neutri
1958 4196 2208 4255 Haupeius
2246 4208 2363 4258 gen.
2404 4192 2523 4245 fem.
2565 4194 2624 4241 M
2644 4196 2696 4243 V
2703 4195 2749 4242 L
2894 4196 2957 4244 14
2994 4197 3191 4245 adnixa

603 4267 668 4315 M
691 4270 746 4317 V
752 4269 799 4317 L
917 4268 981 4318 15
1012 4275 1178 4315 tecum
1214 4274 1381 4315 mente
1415 4282 1526 4314 eum
1561 4274 1726 4314 mente
1760 4265 1824 4315 M
1844 4266 1899 4313 V
2035 4264 2097 4314 16
2135 4263 2317 4312 mercis
2356 4263 2418 4311 M
2441 4264 2494 4312 V
2508 4263 2550 4310 L
2691 4264 2923 4313 mercede
2960 4267 3190 4329 reposita

600 4340 740 4400 apud
784 4337 1018 4388 Alcimum
1048 4337 1243 4387 Avitum
1275 4350 1373 4386 non
1409 4338 1648 4386 inventum
1680 4343 1780 4385 est:
1820 4332 2049 4384 mercede
2083 4333 2243 4383 soluta
2271 4335 2454 4396 legitur
2483 4348 2636 4386 carm.
2677 4334 2719 4381 V
2754 4333 2858 4385 349
3001 4337 3061 4385 17
3093 4350 3187 4383 no—

603 4422 714 4456 men
755 4414 964 4473 utroque
1001 4408 1108 4455 loco
1145 4407 1212 4457 M
1226 4407 1281 4454 V
1287 4406 1334 4454 L
1444 4406 1507 4456 18
1541 4403 1769 4470 nemora]
1814 4418 2051 4454 nemorea
2081 4402 2129 4450 L
2268 4403 2336 4453 20
2372 4403 2532 4451 nebus
2562 4406 2737 4466 priore
2771 4406 2880 4455 Ioco
2916 4404 2993 4464 M,
3038 4421 3183 4456 corr.

603 4478 762 4527 nubes
806 4479 859 4525 V
989 4477 1055 4525 22
1092 4478 1399 4542 gemineque
1441 4478 1487 4525 L
1626 4477 1694 4525 24
1733 4475 1951 4524 tuentius
1990 4472 2114 4522 ML
2254 4474 2434 4521 scitum
2471 4476 2679 4524 coniecit
2717 4473 2974 4536 Hanptius
3116 4477 3188 4525 25

602 4545 831 4611 nucleos]
874 4546 1082 4595 nucleus
1124 4548 1190 4596 M
1205 4547 1251 4594 L
1357 4547 1422 4594 27
1460 4561 1623 4595 neuun
1656 4554 1866 4619 utroque
1902 4547 2009 4591 Ioco
2039 4542 2102 4590 M
2119 4545 2173 4591 V
2199 4543 2362 4591 netins
2385 4545 2565 4606 priore
2591 4546 2639 4593 L
2744 4548 2949 4609 generis
2983 4560 3187 4593 maseu-

602 4617 689 4665 lini
716 4625 775 4666 ut
806 4616 968 4665 Varro
1004 4618 1211 4666 coniecit
1233 4616 1505 4678 liaupeius
1543 4630 1736 4665 naeuus
1777 4604 1921 4677 οὐλή
1940 4614 2094 4676 91083.
2129 4612 2293 4661 Labb.
2326 4629 2381 4675 p.
2416 4613 2531 4664 119.
2566 4622 2743 4665 neutro
2778 4630 2966 4679 yenere
3002 4616 3186 4666 dictum

601 4702 709 4735 esse
737 4703 771 4735 a
797 4689 932 4738 nullo
966 4687 1200 4736 traditum
1237 4688 1401 4736 inveni
1519 4685 1587 4735 28
1622 4684 1779 4733 Nefas
1816 4709 1882 4719 —-
1922 4682 2067 4731 nefas
2100 4688 2216 4745 post
2248 4682 2317 4733 30
2356 4682 2567 4747 parturit
2601 4683 2750 4733 habet
2778 4685 2824 4733 L
2964 4700 3055 4751 pro
3095 4688 3188 4734 ab·

602 4771 713 4805 sum
748 4756 809 4805 M
829 4759 884 4806 V
887 4757 935 4807 L
1068 4755 1137 4807 30
1168 4756 1390 4816 Sidonii,
1426 4757 1537 4805 item
1573 4753 1637 4804 31
1671 4755 1812 4804 Aviti
1839 4760 1888 4802 et
1924 4752 2046 4813 585,
2091 4752 2124 4803 3
2162 4755 2339 4803 Severi
2369 4755 2525 4804 verba
2555 4754 2693 4816 apud
2720 4756 2812 4805 Ιιοε
2846 4771 2943 4804 non
2977 4759 3187 4805 inventa

600 4832 712 4874 sunt
851 4826 1103 4889 parturiat
1140 4825 1206 4874 M
1236 4832 1495 4889 pastui-ent
1526 4825 1573 4873 L
1606 4823 1863 4890 postulent
1897 4823 2105 4872 coniecit
2143 4823 2365 4873 Clericus
