3541 5564
1257 405 1352 465 DE
1398 405 1646 466 DVBHS
1693 407 2106 467 NOMINIRVS
2830 409 2954 472 573

553 598 801 657 Bustuni
847 595 1084 671 generis
1130 597 1358 661 neutri,
1406 595 1544 673 quia
1590 594 1903 673 pluraliter
1949 580 2130 657 busta*
2167 597 2465 657 dicuntur.

553 698 794 758 Carecta
827 695 1109 772 Virgilius
1152 696 1212 754 in
1254 693 1541 755 bucolicis
1589 693 1665 771 (3,
1698 692 1837 777 20),
1885 696 1982 758 ‘tu
2029 697 2138 758 sub
2184 709 2416 760 carecta
2462 700 2751 771 latebas'3
2797 721 2953 784 nunc

384 802 623 860 caricta.

549 901 752 962 Ciroos
796 901 1058 978 antiqui;
1104 917 1261 958 nunc
1307 899 1564 959 circulos
1609 900 1947 961 dicendum.

330 1025 354 1060 5
550 1002 826 1079 Confligit
871 1008 930 1059 et
975 1000 1313 1070 conflictus,
1361 1020 1477 1061 non
1521 1001 1842 1072 conflixuS,
1890 1006 2045 1064 sicut
2078 1005 2361 1082 Virgilius
2408 1005 2498 1082 (A.
2550 1007 2597 1066 Χ
2644 1003 2787 1086 303)
2836 1010 2950 1067 ‘in-

383 1109 539 1167 llicta
586 1105 806 1172 vadis',
850 1121 968 1162 non
1015 1103 1238 1163 inflixa.

547 1208 899 1284 Contiguuin
943 1205 1100 1285 quod
1146 1207 1306 1283 tangi
1351 1213 1573 1284 potest,
1632 1208 1786 1265 sicut
1831 1206 2113 1285 Virgilius
2172 1207 2262 1287 (A.
2313 1210 2363 1271 X
2407 1207 2552 1290 457)
2613 1211 2801 1275 ‘hunc
2847 1210 2951 1270 ubi

379 1313 721 1389 contiguum
766 1310 980 1368 missae
1026 1309 1209 1367 sore'.

545 1412 784 1472 Caelum
837 1413 1074 1488 generis
1130 1413 1365 1479 neutri,
1423 1409 1705 1487 Virgilius
1763 1408 1865 1488 (A.
1915 1411 1939 1470 1
1985 1408 2096 1492 88)
2146 1416 2452 1494 ‘eripiunt
2508 1413 2706 1474 subito
2764 1412 2952 1474 nubes

303 1533 350 1573 ιο
376 1515 721 1593 caelumque
779 1511 1123 1590 diemque';
1191 1511 1503 1590 pluraliter
1566 1519 1760 1572 autem
1819 1513 1996 1582 caeli,
2067 1524 2130 1575 ut
2184 1515 2328 1577 illud
2390 1515 2952 1577 ‘commovebuntur

376 1616 524 1678 caeli
570 1613 967 1692 fragoribus'.
1174 1689 1178 1694 φ

543 1715 806 1779 Cannabi
850 1717 1088 1792 generis
1133 1718 1360 1786 neutri,
1410 1735 1526 1776 non
1571 1715 1876 1777 cannabis.

544 1819 920 1880 Coturnicem
967 1818 1195 1896 antiqui
1241 1817 1545 1887 dixerunt,
1595 1837 1752 1878 nunc
1797 1821 2127 1880 cocturnix.
2786 1896 2793 1903 ἱ

543 1919 850 1998 Conpellat
905 1921 1132 1998 antiqui
1190 1937 1298 1997 pro
1353 1919 1639 1998 appellat,
1701 1930 1767 1980 ut
1821 1921 2103 1999 Virgilius
2165 1923 2264 2000 (A.
2312 1923 2418 1983 1111
2462 1921 2616 2002 304)
2679 1926 2950 1986 ‘Aenean

303 2045 349 2082 ιε»
378 2023 620 2084 vocibus
663 2020 958 2100 conpellat
974 2023 1017 2078 ⁹.
2404 2084 2411 2092 ,

546 2125 870 2185 Coruscum
913 2130 972 2182 et
1017 2120 1309 2183 vibratum
1357 2130 1416 2182 et
1460 2127 1754 2203 crispum:
1803 2124 2090 2202 Virgilius
2136 2144 2243 2205 pro
2290 2126 2558 2196 tremulo,
2597 2125 2687 2203 (A.
2736 2127 2757 2185 l
2810 2126 2946 2208 164)

375 2229 537 2287 ‘tuni
583 2226 750 2286 silvis
795 2242 972 2284 scena
1017 2226 1352 2294 coruscis'3
1397 2227 1540 2285 item
1585 2245 1695 2305 pro
1737 2226 1922 2286 rutilo
1970 2225 2048 2302 (9.
2094 2227 2115 2285 l
2159 2224 2337 2306 233),
2386 2232 2669 2288 ‘corusco
2714 2249 2951 2309 semper

376 2328 494 2388 sole
540 2326 835 2394 rubens';
893 2325 1038 2385 item
1084 2345 1193 2405 pro
1238 2325 1487 2396 vibrato,
1539 2325 1630 2403 (A.
1681 2327 1783 2388 Xll
1828 2324 1971 2396 887,
2019 2325 2161 2407 919)
2211 2329 2427 2390 ‘telum
2473 2334 2802 2391 coruscat'.

544 2427 860 2491 Crabatum
906 2430 1168 2507 antiqui;
1216 2447 1371 2488 nunc
1415 2429 1726 2506 grabatum
1770 2433 2009 2507 generis
2056 2434 2272 2500 neutri,
2321 2439 2384 2491 ut
2428 2431 2747 2493 Bibaculus
2792 2434 2949 2507 ‘nani

296 2557 347 2594 20
374 2551 506 2592 meo
550 2529 851 2609 grabato'.

541 2633 812 2695 Candens
870 2631 1044 2709 plena
1101 2630 1236 2692 luna
1292 2632 1413 2693 dici
1468 2641 1690 2711 potest,
1739 2643 1805 2694 ut
1849 2634 2131 2713 Virgilius
2179 2633 2271 2712 (A.
2319 2633 2473 2694 Vllll
2516 2633 2659 2714 627)
2710 2637 2948 2696 ‘iuven-

372 2755 507 2796 cum
562 2733 967 2796 candentem'.
1059 2750 1130 2793 ex
1186 2752 1303 2813 quo
1360 2743 1606 2815 apparet
1661 2753 1972 2797 commune
2020 2736 2129 2796 hoc
2177 2756 2337 2806 esse,
2386 2738 2660 2799 candenti
2708 2746 2767 2799 et
2810 2757 2947 2800 can-

372 2839 569 2898 dente.

542 2938 765 3000 Collum
811 2939 1048 3014 generis
1094 2941 1321 3008 neutri,
1370 2942 1508 3019 quia
1565 2940 1874 3020 pluraliter
1929 2942 2077 3002 colla
2124 2942 2431 3011 dicuntur,
2483 2950 2545 3002 ut
2592 2943 2950 3003 Prudentius

299 3066 348 3103 25
379 3040 559 3118 (cath.
608 3038 666 3109 9,
716 3036 855 3119 180)
905 3039 976 3098 de
1020 3049 1296 3119 serpente
1343 3041 1528 3102 ‘colla
1574 3044 1796 3103 fractus
1840 3042 2099 3104 sibilat'.

546 3143 757 3221 Cuspis
813 3142 1052 3218 generis
1117 3143 1416 3213 seminini,
1477 3153 1540 3205 ut
1596 3143 1959 3205 Prudentius
2021 3142 2350 3223 (psychom.
2413 3142 2566 3225 718)
2631 3147 2945 3226 ‘pollutam

374 3245 565 3322 rigida
613 3243 964 3320 transfigens
1010 3245 1256 3323 cuspide
1303 3246 1620 3323 linguam'.
1944 3320 1949 3327 ι
2118 3272 2145 3292 ·

544 3346 782 3406 Cinctus
825 3362 1043 3421 genere
1089 3347 1416 3407 masculino
1462 3349 1795 3417 dicendum,
1844 3348 1943 3408 hic
1990 3350 2220 3409 cinctus
2266 3358 2325 3408 et
2371 3349 2430 3409 hi
2476 3352 2727 3409 cinctus

542 3446 716 3509 Colus
775 3447 835 3505 in
893 3446 1146 3507 lanificio
1184 3453 1427 3523 ‚qeneris
1460 3450 1773 3524 feminine‘,
1823 3452 1977 3510 sicut
2022 3452 2231 3511 Cicero
2280 3448 2375 3527 (de
2417 3468 2508 3511 or.
2556 3450 2605 3510 ll
2650 3448 2751 3519 68,
2798 3448 2943 3531 277)

294 3580 346 3618 30
373 3550 562 3611 docel..

541 3651 764 3730 Cupido
808 3654 1049 3729 generis
1094 3653 1393 3723 feminini,
1442 3662 1504 3714 ut
1550 3652 1830 3731 Virgilius
1875 3674 1912 3709 x·
1980 3653 2271 3715 ‘habendi
2318 3672 2495 3716 caeca
2542 3656 2819 3734 cupido'.

507 3910 540 3960 9
570 3907 764 3958 caelum
798 3906 927 3959 Non.
972 3906 1067 3958 197
1100 3909 1251 3959 Char.
1283 3910 1364 3971 72,
1406 3910 1468 3958 12
1507 3908 1654 3973 Sery.
1695 3908 1825 3971 431,
1872 3909 1933 3958 31
2082 3910 2144 3960 12
2187 3911 2398 3959 cannabi
2436 3911 2562 3973 Gap.
2600 3911 2735 3959 2247
2881 3910 2945 3960 13

372 3978 678 4029 coturnicem
718 3977 845 4042 Gap.
872 3977 1012 4028 2248
1152 3978 1220 4028 28
1265 3979 1456 4028 cinctus
1495 3979 1618 4041 Cap.
1658 3979 1796 4029 2248
1938 3978 2004 4029 29
2040 3980 2181 4029 colus
2219 3980 2348 4030 Non.
2387 3978 2483 4030 198
2520 3979 2643 4042 Cap.
2675 3980 2812 4029 2248

510 4204 542 4251 2
583 4201 837 4251 bucolices
875 4202 940 4251 M
957 4203 1002 4251 L
1156 4202 1343 4250 latebas
1377 4218 1466 4251 om.
1511 4202 1570 4250 M
1743 4202 1776 4251 5
1811 4215 1911 4250 non
1949 4203 2198 4251 connixus
2237 4203 2458 4253 Clericus
2498 4218 2596 4251 non
2635 4204 2949 4252 conflexatuu
3016 4198 3020 4203 ’

373 4272 497 4322 ML
595 4274 629 4323 6
665 4286 764 4320 non
804 4272 979 4321 inflixa
1013 4269 1126 4320 Ouo
1164 4286 1259 4321 non
1299 4273 1419 4320 llixa
1456 4273 1518 4321 M
1556 4286 1654 4320 non
1688 4272 1837 4321 ssicxa
1867 4273 1916 4321 L
2017 4276 2047 4322 7
2081 4268 2189 4337 ubi]
2229 4273 2372 4321 uobis
2410 4272 2527 4320 ML
2626 4272 2689 4323 13
2726 4273 2807 4321 dd'
2846 4286 2945 4320 nun

372 4342 601 4391 coturnix
637 4342 702 4391 M
727 4340 891 4391 Dauid
930 4356 1061 4389 nnnc
1096 4342 1327 4392 coturnix
1359 4343 1407 4391 L
1539 4343 1601 4392 14
1635 4338 1865 4407 Aenean]
1907 4342 2072 4391 eriean
2115 4342 2160 4390 L
2304 4343 2367 4393 16
2398 4342 2699 4392 Corruscum
2730 4341 2795 4389 M
2899 4352 2946 4391 et

373 4413 564 4475 rispum
591 4414 640 4462 L
731 4412 793 4460 17
832 4413 950 4460 item
979 4427 1069 4475 pro
1095 4412 1241 4460 rutilo
1272 4438 1340 4447 —-
1366 4413 1550 4462 rubens
1577 4427 1670 4461 om.
1700 4412 1764 4460 M
1845 4425 2053 4461 corusco
2081 4410 2302 4479 semper]
2337 4427 2577 4461 coruscus
2605 4422 2681 4462 eet
2703 4427 2795 4477 pro
2819 4413 2867 4461 L

375 4480 440 4531 19
475 4482 761 4531 Crebattum
799 4482 921 4531 ML
1060 4481 1344 4547 grabattum
1384 4482 1445 4530 M
1549 4481 1816 4531 Bibaculus
1857 4481 2080 4532 ctericus
2118 4482 2380 4532 babiculus
2417 4482 2537 4531 ML
2656 4482 2725 4531 20
2764 4482 2947 4547 gabato

375 4550 438 4599 M
573 4552 637 4600 21
673 4550 872 4601 Cadens
901 4549 965 4599 M
1087 4552 1154 4599 22
1188 4552 1445 4601 cadentem
1487 4554 1552 4602 M
1656 4551 1887 4601 candenti
1925 4568 1987 4601 ex
2021 4552 2253 4601 candenti
2287 4555 2332 4603 L
2360 4553 2595 4601 candenti
2632 4568 2694 4600 ex
2733 4552 2950 4600 candent

375 4620 459 4668 M:
496 4620 564 4682 cs.
600 4619 795 4674 Charis.
833 4638 883 4686 p.
935 4622 1044 4681 125,
1081 4621 1143 4671 15
1314 4622 1381 4671 24
1421 4625 1538 4676 neu.
1573 4637 1693 4688 gen.
1733 4621 1796 4670 M
1935 4624 2002 4671 25
2040 4622 2102 4671 de
2140 4637 2344 4686 serpere
2381 4621 2513 4672 colla
2552 4622 2712 4672 frutus
2749 4622 2814 4671 M

374 4689 440 4739 26
471 4688 649 4755 Cospis
681 4690 727 4738 L
892 4693 956 4742 27
993 4692 1166 4757 lingua
1205 4689 1270 4738 M
1432 4693 1501 4742 28
1534 4693 1616 4741 hic
1649 4693 1843 4741 cinctus
1881 4703 1929 4742 et
1959 4693 2011 4741 hi
2048 4692 2239 4741 cinctus
2281 4692 2395 4744 Otto
2432 4692 2515 4741 hic
2549 4693 2742 4742 cinctus
2781 4700 2831 4740 et
2865 4692 2946 4741 his

373 4760 619 4809 cinctibus
656 4759 720 4807 M
763 4761 881 4810 binc
924 4764 1117 4813 cinctus
1162 4770 1210 4810 et
1250 4763 1327 4811 bis
1362 4764 1558 4812 cinctus
1595 4763 1640 4811 L
1780 4763 1848 4812 29
1884 4764 2029 4814 Colos
2064 4762 2188 4811 ML
2318 4763 2539 4812 lanitii-ia
2579 4763 2625 4811 L
2745 4762 2947 4828 generis

373 4828 599 4878 feminini
636 4846 727 4883 om.
765 4831 886 4881 ML
1021 4831 1084 4883 31
1126 4829 1357 4882 habenda
1385 4843 1493 4883 ceta
1522 4833 1706 4898 cupido
1746 4832 1868 4882 ML
1906 4837 2173 4883 audentem
2214 4842 2441 4882 extrema
2473 4833 2660 4896 cupido
2700 4843 2777 4882 est
2813 4842 2945 4882 certa

373 4900 515 4965 sequi
555 4900 642 4962 (V
639 4916 745 4967 ειη.
787 4902 911 4951 Aen.
951 4903 988 4950 ll
1031 4901 1154 4966 439)
1192 4903 1427 4954 Clericus.
1501 4905 1729 4953 lacunam
1765 4919 1864 4969 qua
1894 4906 2167 4966 exemplum
2213 4905 2428 4969 Veryilii
2458 4905 2648 4953 eaem‘dit
2682 4904 2896 4954 indit-avi
