3541 5564
640 372 761 437 180
1781 374 2085 438 POMPEII

685 497 729 538 p.
757 485 934 524 190-92
960 483 1005 524 1„

636 571 694 625 et
738 564 838 624 diu
883 564 997 625 hoc
1042 564 1367 643 quaesitum
1426 570 1529 623 est.
1620 570 1908 643 quantum
1952 562 2184 624 videtur
2230 561 2402 623 nohis
2456 562 2526 623 ad
2575 560 2902 642 simplicem
2947 562 3212 624 intellec-

610 651 787 736 tum,
848 668 1219 727 accusativus
1272 663 1518 746 pluralis
1577 672 1692 734 est,
1756 666 1861 726 has
1906 663 2172 730 familias.
2265 673 2462 726 tamen
2505 666 2555 726 si
2601 683 2804 727 verum
2852 665 3211 734 consideres,

633 788 750 830 non
799 778 887 830 est
931 771 1316 837 accusativus,
1364 767 1469 829 sed
1516 769 1823 846 genetivus
1869 767 2184 846 singularis
2228 770 2521 848 antiquus
2612 767 2766 848 apud
2810 770 3066 829 maiores
3112 786 3214 828 no-

631 880 788 933 stros
833 873 990 933 enim
1037 870 1321 951 pleraque
1379 871 1616 930 nomina
1674 870 1742 930 ad
1798 871 1978 931 ritum
2035 889 2314 950 graecum
2372 869 2841 932 declinabantur.
2929 869 3215 931 habemus

632 974 787 1054 apud
835 972 1175 1035 Sallustium
1224 973 1657 1034 ‘thesauros
1713 972 2097 1034 custodias
2152 975 2457 1052 regias’.
2544 975 2624 1034 ita
2670 970 2917 1052 lolcutus
2963 981 3067 1033 est.
3160 979 3263 1052 ets

633 1078 737 1156 qui
784 1079 898 1138 erit
942 1074 1312 1137 intellectus?
1360 1073 1570 1136 nullus.
1631 1074 1734 1135 sed
1779 1075 1890 1135 hoc
1921 1074 2102 1136 voluit
2145 1075 2363 1146 dicere,
2414 1078 2638 1137 ‘tenuit
2667 1074 2949 1136 Lucullus
2979 1062 3212 1136 thesau-

629 1197 729 1239 ros
787 1178 904 1258 τῆς
956 1177 1250 1238 custodias
1304 1176 1420 1258 τῆς
1476 1179 1727 1255 regias',
1787 1195 1998 1257 graeca
2055 1177 2479 1240 declinatione:
2538 1197 2716 1259 quem
2762 1178 2833 1238 ad
2880 1176 3123 1239 modum
3167 1177 3215 1237 si

633 1279 793 1342 dicas
837 1279 984 1342 haec
1027 1280 1221 1348 Musa,
1282 1279 1375 1340 sac
1420 1279 1874 1341 declinationem
1922 1299 2225 1360 graecam,
2284 1281 2400 1362 τῆς
2443 1282 2664 1350 Musas;
2712 1279 2909 1342 tabula
2965 1280 3085 1360 τῆς
3127 1286 3211 1339 ta·

633 1381 819 1443 hulaS.
911 1381 980 1445 ad
1039 1383 1460 1443 nominativum
1519 1384 1702 1461 sigma
1760 1381 1986 1444 addunt
2042 1393 2100 1444 et
2154 1384 2378 1444 faciunt
2432 1385 2766 1464 genetivum
2833 1380 3213 1461 singularem.

631 1487 716 1545 sic
762 1485 937 1544 etiam
985 1502 1121 1545 cum
1167 1485 1416 1546 dicimus
1460 1493 1655 1564 pater,
1704 1487 2099 1546 nominativus
2145 1493 2251 1547 est.
2340 1487 2433 1547 fac
2491 1488 2665 1548 etiam
2716 1488 2895 1547 istum
2942 1484 3290 1545 nomina-10

628 1588 841 1657 tivum,
899 1587 1047 1648 haec
1103 1586 1351 1657 familia:
1421 1586 1588 1647 addis
1644 1606 1672 1648 s
1728 1588 1799 1648 ad
1857 1588 2032 1648 istum
2091 1589 2541 1659 nominativum,
2601 1595 2660 1649 et
2712 1589 2963 1667 incipies
3019 1585 3213 1647 facere

609 1688 899 1751 familias,
993 1707 1135 1769 ergo
1189 1691 1433 1769 incipiet
1475 1691 1778 1768 genetivus
1823 1689 2137 1767 singularis
2195 1710 2345 1752 esse.
2437 1698 2493 1751 et
2538 1673 2697 1751 unde
2741 1688 3070 1770 probamus
3115 1705 3213 1766 ge-

630 1793 889 1854 netivum
936 1791 1295 1870 singularem
1342 1793 1530 1871 magis
1575 1810 1736 1863 esse,
1784 1812 1901 1853 non
1949 1795 2344 1855 accusativum
2389 1791 2716 1873 pluralem?
2762 1812 2837 1854 ne
2871 1793 3024 1853 forte
3055 1790 3214 1851 dicas

628 1900 781 1955 ‘non
843 1900 930 1954 est
986 1896 1289 1972 genetivus
1344 1892 1657 1973 singularis
1709 1896 1850 1970 iste,
1910 1895 2013 1957 sed
2072 1894 2252 1956 debet
2307 1914 2438 1957 esse
2495 1897 2860 1958 accusativus
2914 1893 3210 1974 pluralis’.

622 2016 737 2076 ego
784 1995 917 2057 dico
962 1995 1071 2057 tibi
1115 2015 1234 2057 non
1282 2015 1413 2058 esse
1458 1998 1885 2066 accusativum,
1941 1997 2042 2058 sed
2091 2004 2317 2058 tantum
2365 1998 2542 2059 modo
2586 1999 2920 2077 genetivum
2967 2002 3212 2076 propter
3238 2015 3292 2057 ιε

627 2101 801 2161 istam
848 2097 1305 2159 declinationem
1365 2117 1657 2177 graecam.
1743 2118 1881 2161 nam
1928 2099 2144 2161 licebat
2187 2101 2508 2162 maioribus
2552 2103 2775 2163 nostris
2819 2101 2930 2160 ista
2974 2099 3213 2158 nomina

630 2203 803 2262 etiam
863 2219 1074 2280 graeca
1122 2199 1517 2262 declinatione
1565 2202 1804 2269 efferre,
1865 2208 1929 2262 ut
1972 2200 2202 2264 habetis
2246 2204 2307 2263 in
2353 2201 2629 2265 Sallustio
2672 2201 2820 2263 illud
2866 2201 3021 2282 quod
3069 2200 3216 2260 dixi·

629 2323 789 2374 muS,
848 2302 1181 2365 ‘custodias
1236 2304 1461 2383 regias'
1518 2324 1628 2384 pro
1687 2324 1757 2365 eo
1812 2304 1968 2385 quod
2025 2312 2113 2365 est
2168 2305 2505 2366 ‘custodiae
2562 2306 2829 2384 regiae',
2880 2310 2945 2364 ut
3001 2304 3088 2364 sic
3141 2303 3218 2362 sit

627 2408 813 2486 patris
857 2404 1143 2474 familiae,
1205 2424 1379 2486 quem
1438 2403 1507 2467 a'd
1566 2407 1807 2468 modum
1856 2406 2154 2468 custodiae
2209 2408 2439 2487 regiae,
2500 2406 2589 2468 vel
2634 2413 2881 2487 propter
2925 2404 3080 2465 hanc
3123 2420 3215 2463 ra·

630 2511 851 2570 tionem
898 2507 990 2570 vel
1036 2515 1281 2588 propter
1325 2507 1518 2594 illud:
1568 2511 1764 2570 omnia
1813 2511 1918 2570 ista
1965 2511 2229 2580 nomina,
2280 2526 2429 2587 quae
2475 2515 2940 2590 componuntur,
2989 2506 3063 2566 de
3111 2523 3296 2567 no·2o

629 2611 914 2671 minativo
970 2618 1029 2671 et
1089 2612 1361 2689 genetivo
1418 2617 1571 2671 sunt.
1660 2611 1939 2673 tribunus
1983 2611 2263 2673 militum:
2329 2610 2601 2672 tribunus
2653 2610 2888 2689 quando
2943 2608 3215 2678 dicimus,

631 2715 730 2795 qui
777 2716 902 2773 est?
945 2708 1358 2796 nominatilvus
1404 2721 1510 2773 est.
1602 2721 1842 2775 senatus
1887 2713 2250 2775 consultum:
2311 2721 2549 2775 senatus
2594 2715 2696 2794 qui
2741 2713 2865 2773 est?
2909 2713 3218 2791 genetivus

634 2823 740 2877 est.
802 2816 950 2877 iuris
994 2817 1220 2896 peritus
1266 2815 1545 2876 dicimus:
1595 2818 1822 2895 peritus
1868 2818 2072 2878 cuius?
2117 2818 2282 2878 iuris.
2362 2816 2645 2898 numquid
2694 2816 2943 2877 dicimus
2989 2816 3218 2894 peritus

626 2919 796 2979 iura?
847 2920 1041 2979 omnia
1089 2917 1226 2980 talia
1272 2926 1425 2978 sunt.
1488 2917 1760 2979 tribunus
1803 2917 1995 2998 plebis
2040 2918 2304 2980 dicimus,
2368 2919 2604 2998 quando
2650 2916 2900 2978 dicimus
2944 2915 3219 2977 tribunus

628 3019 849 3099 plebis,
909 3020 1184 3081 tribunus
1240 3021 1633 3080 nominativus
1693 3029 1809 3090 est,
1856 3019 2047 3100 plebis
2091 3022 2398 3099 genetivus
2444 3030 2549 3081 est.
2639 3019 2923 3099 numquid
2969 3018 3297 3079 dicimuszs

632 3121 906 3183 tribunus
950 3120 1219 3202 plebem?
1290 3141 1431 3201 ergo
1489 3141 1620 3184 cum
1678 3130 1874 3182 cetera
1920 3121 2056 3183 talia
2103 3124 2341 3183 nomina
2384 3124 2447 3182 in
2491 3123 2878 3183 conexionem
2925 3121 3219 3182 venientia

630 3242 747 3284 non
804 3225 1035 3303 possint
1088 3224 1266 3285 alium
1322 3224 1544 3285 habere
1602 3224 1715 3284 nisi
1768 3226 2130 3303 genetivum,
2201 3243 2386 3305 quare
2442 3241 2561 3285 non
2620 3241 2933 3305 possumus
2990 3232 3049 3284 et
3102 3222 3218 3283 hoc

630 3325 830 3386 dicere
877 3345 1007 3387 esse
1051 3327 1428 3404 genetivum?
1496 3334 1594 3386 aut
1640 3334 1803 3387 certe
1849 3326 1920 3387 da
1966 3326 2110 3386 mihi
2157 3328 2547 3389 elocutionem
2592 3326 2667 3388 de
2711 3326 3040 3389 accusativo
3085 3324 3218 3404 plu-

630 3428 755 3489 rali.
846 3426 959 3490 hoc
1014 3446 1154 3506 ergo
1200 3429 1386 3507 magis
1429 3431 1597 3508 sequi
1640 3426 1958 3500 debemus,
2008 3430 2286 3508 quoniam
2334 3438 2492 3513 extat
2537 3427 2891 3509 exemplum.
2982 3429 3043 3488 in
3091 3426 3216 3488 Sal·

626 3529 799 3590 lustio
847 3538 1031 3599 extat,
1077 3529 1179 3590 ubi
1226 3531 1398 3592 etiam
1443 3531 1504 3590 in
1551 3528 1821 3592 collativo
1865 3548 1984 3591 non
2018 3532 2131 3592 nisi
2160 3528 2493 3610 genetivum
2538 3532 2926 3592 inveniamus·
2989 3529 3294 3590 idcircone

626 3632 786 3693 hunc
830 3632 1168 3711 genetivum
1213 3631 1412 3693 dicere
1458 3632 1759 3693 debemus,

390 3749 509 3809 432,
535 3745 601 3796 28
798 3734 952 3795 Dicit
1008 3752 1132 3794 rem
1179 3733 1445 3795 stultam:
1505 3733 1746 3814 ‘plane’
1809 3737 1887 3797 ait
1930 3735 2271 3797 ‘sciendum
2318 3742 2406 3797 est
2458 3736 2696 3796 nomina
2744 3736 3050 3814 conposita
3096 3752 3216 3794 non

628 3855 808 3923 posse
854 3839 1166 3916 conponi'.
1227 3845 1285 3897 et
1327 3838 1598 3917 superius
1642 3836 1788 3898 dixit
1830 3837 2013 3899 licere
2057 3837 2229 3899 nobis
2273 3840 2511 3899 nomina
2558 3837 2634 3899 de
2676 3836 2946 3918 pluribus
2992 3854 3214 3917 conpo-

767 4026 799 4074 2
836 4032 912 4074 est
942 4041 1033 4075 om.
1069 4024 1134 4085 A,
1163 4025 1287 4077 add.
1319 4042 1352 4074 a
1458 4025 1490 4075 5
1524 4026 1661 4091 apud
1696 4022 2015 4092 Sallustium]
2055 4026 2253 4079 Charis.
2291 4044 2342 4092 p.
2379 4026 2494 4087 107,
2533 4026 2594 4077 11
2637 4040 2786 4089 quam
2823 4024 3210 4087 declinationem

627 4104 676 4145 et
708 4094 977 4145 Sallustius
1013 4095 1064 4143 in
1104 4094 1167 4143 lll
1201 4103 1403 4144 secutus
1434 4095 1504 4145 ait
1544 4095 1782 4146 ‘castella
1826 4096 2086 4146 custodias
2116 4096 2464 4146 thesaurorum
2495 4097 2544 4144 in
2589 4095 2896 4146 deditionem
2926 4096 3211 4161 acciperen-

626 4167 745 4223 tur‘,
771 4166 914 4217 Serv.
942 4166 991 4213 in
1014 4164 1173 4229 Very.
1190 4164 1321 4218 Aen.
1340 4163 1410 4213 Xt
1436 4164 1536 4215 801
1564 4166 1840 4215 secundum
1874 4166 2169 4216 Sallustium
2196 4168 2247 4216 in
2277 4167 2370 4216 1111
2396 4165 2739 4227 historiarum,
2768 4165 2852 4230 qui
2879 4166 2949 4214 ait
2963 4169 2994 4231 j
3009 4164 3212 4215 castella

629 4236 888 4286 custodias
933 4232 1320 4283 thesaurorum’
1365 4250 1456 4299 pro
1503 4236 1781 4290 custodiae.
1845 4237 1916 4286 ita
1970 4238 2103 4287 enim
2147 4238 2295 4286 etism
2348 4238 2512 4302 Asper
2555 4236 2806 4302 intellegit
2943 4235 3213 4285 thesaurus

630 4306 887 4357 custodias
922 4303 972 4352 A
1112 4303 1146 4355 6
1179 4304 1447 4355 thesauros
1482 4305 1595 4357 thes
1632 4306 1778 4371 (thec
1812 4304 1865 4370 c)
1908 4308 2164 4358 custodias
2201 4307 2313 4357 thes
2349 4305 2490 4371 (theo
2517 4305 2572 4370 c)
2611 4308 2777 4372 regias
2814 4305 2918 4355 BC
2949 4305 3211 4355 thesauros

630 4374 742 4441 (the
778 4375 904 4427 add.
936 4372 1026 4437 0¹⁸²)
1059 4375 1315 4424 costodias
1350 4373 1461 4439 (the
1498 4377 1619 4430 add.
1649 4373 1745 4437 a*)
1776 4376 1949 4443 regias
1979 4377 2025 4425 Α
2167 4378 2197 4426 7
2228 4391 2461 4443 graecam
2496 4376 2885 4427 declinationem
2914 4374 3082 4426 ABG

631 4447 665 4497 8
699 4445 811 4496 thes
850 4458 1024 4493 musas
1062 4445 1236 4494 tabula
1262 4442 1371 4495 thes
1405 4447 1602 4496 tabulas
1636 4444 1736 4495 BC
1772 4446 1856 4496 the
1885 4461 2056 4497 musas
2095 4447 2263 4497 tabula
2299 4446 2384 4496 tlte
2417 4446 2612 4496 tabulas
2640 4445 2690 4494 A
2834 4444 2899 4496 10
2929 4460 3041 4494 cum
3079 4445 3209 4494 dica·-

629 4532 743 4566 mus
771 4531 909 4566 corr.
948 4529 1060 4565 cum
1093 4515 1307 4565 dicimus
1330 4517 1404 4568 B:
1438 4533 1549 4566 cum
1586 4518 1817 4567 dicamus
1853 4525 1995 4582 pater
2028 4532 2140 4566 cum
2173 4519 2401 4567 dicamus
2437 4517 2486 4567 Α
2594 4517 2659 4567 12
2693 4532 2815 4583 ergo
2848 4516 3057 4581 incipiet
3089 4515 3211 4565 Bca

628 4602 751 4654 ergo
794 4586 971 4651 incipit
1006 4583 1056 4633 A
1202 4586 1263 4636 15
1310 4602 1408 4653 ego
1448 4587 1560 4637 dico
1600 4585 1791 4651 A(?)C
1833 4601 1927 4651 ego
1974 4598 2139 4637 autem
2179 4588 2290 4637 dico
2325 4586 2376 4635 B
2413 4602 2537 4653 ergo
2586 4586 2700 4636 dico
2735 4583 2802 4636 a*
2950 4586 3015 4637 18
3053 4593 3110 4635 ut
3141 4586 3211 4633 sic

628 4660 695 4707 sit
729 4684 793 4692 —
828 4657 1005 4722 regiae
1037 4671 1128 4705 om.
1166 4656 1236 4717 A,
1274 4657 1395 4706 add.
1433 4674 1467 4705 a
1607 4659 1673 4708 25
1708 4656 1873 4722 plebis
1908 4659 2176 4723 genetivus
2207 4666 2284 4707 est
2319 4672 2407 4706 om.
2442 4659 2508 4712 A,
2536 4658 2659 4706 add.
2695 4673 2727 4705 a
2868 4655 2936 4707 26
2973 4672 3089 4707 cum
3123 4672 3208 4705 om.

628 4728 697 4788 A,
732 4727 854 4779 add.
883 4741 916 4774 a
1057 4735 1219 4775 cetera
1255 4727 1352 4777 alia
1391 4725 1555 4777 ABG
1692 4726 1760 4778 29
1798 4725 1894 4776 hoc
1926 4729 2071 4791 sequi
2103 4728 2269 4792 magis
2306 4727 2548 4776 debemus
2583 4726 2636 4777 B
2774 4726 3016 4789 quoniam
3051 4732 3210 4775 exstat

628 4795 757 4846 Ba*
797 4795 1036 4860 quoniam
1075 4804 1174 4848 stat
1204 4797 1253 4845 A
1392 4797 1462 4849 30
1493 4797 1544 4845 in
1584 4795 1822 4849 collatino
1853 4797 2001 4849 BCa
2035 4796 2307 4847 incolatiuo
2340 4798 2389 4846 A
2419 4798 2476 4852 iti
2514 4797 2777 4847 collectiuo
2815 4811 2859 4849 c.
2889 4797 3123 4859 fortasse
3161 4796 3206 4843 in

627 4866 911 4917 elocutione
