3541 5564
583 375 708 443 376
1670 380 2074 446 CONSENTII

633 504 675 542 p.
701 492 905 531 2068-64
929 488 973 530 P.

583 581 691 632 est.
782 574 1035 632 interest
1091 573 1253 632 enim
1310 572 1658 652 plurimum,
1716 580 1916 633 utrum
1974 573 2220 634 verbum
2277 589 2458 632 unum
2514 572 2785 651 quodque
2842 589 3020 651 opus,
3079 587 3154 631 an

581 674 1072 734 consuetudinem
1119 677 1319 753 operis
1365 677 1679 751 significet.
1741 677 1792 735 si
1824 695 1971 754 opus
2002 677 2323 753 significat,
2372 677 2633 754 perfecta
2679 676 2867 734 forma
2913 674 3150 741 dicitur,

579 783 647 835 ut
703 777 855 836 facio
912 795 1120 847 curro:
1180 777 1388 856 quodsi
1449 777 1939 837 consuetudinem
1995 779 2223 856 operiS,
2293 778 2723 856 frequentativa
2782 776 3030 845 dicitur,
3089 784 3155 835 ut

581 880 785 938 factito
843 881 1085 939 cursito.
1176 879 1465 939 accedunt
1518 879 1614 939 his
1669 879 2007 939 meditativa
2063 888 2122 939 et
2178 879 2530 940 inchoativa.
2620 878 2959 939 meditativa
3016 888 3155 938 sunt

578 979 798 1058 quibus
841 1000 958 1041 non
1005 987 1198 1049 actus,
1247 981 1350 1041 sed
1398 981 1609 1059 agendi
1657 978 1974 1060 apparatus
2017 981 2369 1051 ostenditur,
2416 987 2482 1040 ut
2526 983 2817 1041 amaturio
2860 982 3149 1060 parturi0.
3179 992 3205 1031 ⁵

578 1082 912 1142 inchoativa
969 1091 1107 1143 sunt
1160 1102 1311 1161 quae
1369 1084 1627 1144 nondum
1684 1083 2011 1161 perfectam
2066 1085 2346 1152 formam,
2405 1083 2506 1143 sed
2565 1085 2803 1144 initium
2860 1083 3151 1162 quoddam

578 1186 1030 1261 significationis
1074 1186 1410 1246 ostendunt.
1501 1204 1642 1263 ergo
1684 1204 1893 1244 ornnes
1935 1187 2157 1245 formae
2216 1191 2352 1265 sunt
2394 1192 2701 1264 quattuor,
2747 1187 3040 1265 perfecta,
3089 1193 3154 1244 ut

578 1304 709 1345 amo
753 1287 915 1346 caleo
960 1290 1129 1366 pario
1174 1290 1374 1348 ferveo
1429 1289 1562 1366 lego
1618 1287 1850 1356 scribe,
1900 1281 1913 1369 1
1961 1289 2422 1366 frequentativa,
2482 1295 2546 1347 ut
2601 1288 2800 1347 lectito
2857 1288 3149 1366 scriptito,

576 1388 952 1458 meditativa,
1012 1398 1078 1448 ut
1133 1392 1426 1452 amaturio
1482 1392 1783 1470 parturio,
1843 1389 2205 1458 inchoativa,
2264 1398 2332 1449 ut
2385 1388 2613 1449 calesco
2667 1392 2953 1450 fervesco.
3041 1389 3150 1448 hae

578 1509 784 1550 omnes
829 1493 1051 1550 formae
1097 1500 1157 1551 et
1197 1511 1307 1572 per
1352 1511 1557 1552 omnes
1601 1492 1806 1552 modos
1862 1499 2110 1551 currunt
2163 1498 2223 1550 et
2263 1509 2373 1569 per
2417 1510 2485 1552 ea
2531 1493 2727 1551 omnia
2772 1510 2923 1570 quae
2968 1490 3149 1550 verbo
3180 1499 3228 1536 ¹⁰

559 1593 881 1662 accidunt,
945 1595 1058 1653 nisi
1118 1594 1221 1653 uhi
1280 1597 1529 1655 forsitan
1586 1601 1749 1653 certa
1811 1595 2039 1653 ratione
2095 1592 2396 1653 deficiunt.
2486 1595 2784 1672 perfectae
2851 1594 3152 1673 qualitatis

574 1694 850 1764 verbum,
897 1702 964 1754 ut
1008 1703 1098 1754 est
1141 1696 1298 1774 lego,
1347 1715 1455 1774 per
1499 1698 1695 1755 omnia
1744 1702 2011 1774 tempora
2055 1695 2406 1755 declinatur.
2495 1698 2963 1775 frequentativae
3009 1714 3149 1775 qua-

575 1796 758 1857 litatis
815 1796 1064 1857 verbum
1120 1817 1356 1877 semper
1412 1801 1640 1878 primae
1714 1798 2146 1874 coniugationis
2211 1805 2319 1857 est.
2409 1798 2784 1857 meditativae
2849 1797 3150 1878 qualitatis

574 1898 821 1958 verbum
878 1918 909 1958 a
966 1901 1229 1977 perfecta
1285 1903 1472 1961 forma
1517 1902 1775 1960 sumitur
1820 1918 2091 1978 semper,
2137 1907 2203 1957 ut
2247 1918 2279 1958 a
2322 1899 2453 1976 lego
2498 1900 2769 1960 lecturio.
2858 1900 3148 1961 inchoati-

574 2019 678 2060 vae
725 2020 864 2060 vero
908 2001 1207 2080 qualitatis
1251 2001 1498 2062 verbum
1542 2003 1667 2062 fere
1714 2022 1746 2061 a
1791 2001 2046 2061 neutrali
2104 2001 2285 2061 verbo
2330 2003 2493 2061 venit
2537 2009 2595 2061 et
2639 2021 2757 2062 non
2804 2020 2910 2080 per
2954 2002 3146 2061 omnia
3177 2008 3226 2046 ¹5

577 2110 840 2181 tempora
886 2103 1248 2179 declinatur,
1296 2107 1434 2182 quia
1480 2122 1630 2183 quae
1675 2104 2033 2163 inchoantur
2061 2105 2450 2182 praeteritum
2495 2111 2728 2183 tempus
2759 2122 2877 2163 non
2907 2102 3145 2163 habent.

575 2222 641 2263 ac
709 2204 779 2263 de
838 2206 1102 2283 perfecta
1159 2207 1350 2265 forma
1409 2206 1558 2266 nihil
1616 2206 1750 2286 plus
1796 2205 2111 2265 verborum
2157 2204 2533 2265 adiciendum
2579 2213 2702 2275 est,
2750 2208 2970 2285 quippe
3014 2224 3148 2265 cum

574 2314 636 2366 et
679 2308 847 2387 plura
893 2311 1011 2368 iam
1056 2307 1209 2367 dicta
1256 2310 1406 2377 sint,
1456 2315 1515 2368 et
1559 2327 1666 2387 per
1710 2316 1910 2368 cetera
1952 2307 2279 2367 accidentia
2324 2307 2493 2386 plura
2538 2307 2788 2367 dicenda
2833 2309 2970 2367 siut.
3032 2309 3147 2367 fre-

575 2412 981 2488 quentativam
1039 2428 1181 2487 ergo
1237 2412 1489 2471 formam
1534 2410 1854 2489 diligenter
1899 2409 2184 2470 debemus
2229 2409 2558 2470 advertere.
2648 2412 2809 2470 venit
2852 2412 3011 2469 enim
3059 2412 3147 2468 in-

575 2511 810 2571 terdum
856 2532 888 2571 a
935 2514 1199 2590 perfecta
1248 2513 1456 2582 forma,
1503 2520 1569 2572 ut
1614 2533 1646 2573 a
1691 2519 1864 2573 canto
1910 2514 2161 2581 cantito;
2208 2519 2268 2570 et
2313 2511 2614 2572 interdum
2659 2514 2719 2572 in
2764 2518 2889 2570 tres
2933 2511 3148 2589 gradus
3175 2520 3226 2557 ‘2⁰

574 2612 815 2672 deducit
859 2613 1135 2682 verbum,
1184 2619 1249 2672 ut
1279 2632 1459 2673 curro
1501 2633 1675 2674 curso
1707 2617 1963 2684 cursim,
2010 2613 2309 2673 interdum
2356 2614 2417 2673 in
2464 2613 2639 2682 duos,
2689 2621 2755 2673 ut
2800 2613 2925 2673 volo
2970 2613 3148 2673 volito

574 2722 634 2774 et
676 2715 788 2774 hoc
834 2718 1029 2795 ipsum
1075 2723 1247 2774 canto
1293 2718 1533 2775 cantito,
1596 2717 1900 2777 interdum
1944 2718 2189 2776 veniunt
2232 2718 2359 2774 sine
2406 2718 2635 2794 origine
2682 2717 2982 2795 perfectae
3026 2716 3146 2775 for-

573 2836 702 2878 mae
750 2825 810 2877 et
854 2819 1287 2896 frequentativa
1332 2819 1688 2889 creduntur,
1736 2827 1803 2879 ut
1847 2821 2057 2898 pitisso
2099 2817 2327 2878 vacillo.
2414 2818 2716 2878 interdum
2761 2821 2929 2897 qnasi
2974 2818 3147 2878 dimi-

573 2921 837 2979 nutionis
883 2920 1143 2998 speciem
1188 2929 1433 2997 gerunt,
1483 2940 1615 2982 cum
1661 2924 1782 2981 sint
1824 2922 2289 3001 frequentativa,
2337 2927 2403 2979 ut
2434 2919 2646 2980 sorbeo
2690 2920 2961 2988 sorbillo,
3010 2938 3145 2998 sug-

572 3022 714 3098 g'ero
769 3020 1041 3099 suggillo.
1130 3022 1431 3083 interdum
1489 3023 1755 3100 regulam
1810 3024 2266 3102 frequentativis
2323 3022 2516 3082 datam
2571 3039 2689 3081 non
2748 3029 3016 3092 servant,
3074 3041 3144 3084 ex
3174 3030 3226 3069 25

574 3141 691 3201 quo
747 3131 998 3202 possunt
1052 3124 1240 3184 videri
1297 3127 1731 3204 frequentativa
1789 3143 1905 3184 non
1968 3143 2130 3193 esse,
2192 3132 2255 3184 ut
2299 3125 2524 3185 facesso
2568 3124 2845 3193 facessis,
2900 3144 3144 3204 capesso

573 3227 853 3304 capessis.
943 3243 1076 3286 cum
1137 3229 1295 3286 enim
1353 3229 1549 3286 omnia
1607 3227 2040 3306 frequentativa
2095 3228 2321 3305 primae
2368 3227 2802 3303 coniugationis
2847 3229 3001 3297 sint,
3048 3228 3145 3287 hic

574 3329 749 3387 tertia
782 3330 1122 3406 coniugatio
1155 3337 1261 3388 est.
1318 3328 1634 3407 quaedam,
1681 3329 1841 3408 quod
1887 3328 1956 3390 ad
2002 3331 2254 3389 formam
2297 3330 2484 3406 ipsam
2529 3329 2817 3406 pertinet,
2864 3330 3143 3409 frequen-

575 3431 750 3489 tativa
796 3429 1152 3500 creduntur,
1213 3430 1315 3489 sed
1374 3449 1480 3490 usu
1537 3431 1818 3510 loquendi
1875 3450 1983 3510 pro
2028 3430 2387 3491 meditativis
2432 3438 2532 3489 aut
2576 3430 2931 3491 inchoativis
2974 3450 3144 3492 usur·

545 3540 819 3610 paritur,
879 3539 943 3592 ut
1000 3539 1092 3591 est
1146 3532 1374 3592 dormio
1418 3533 1691 3593 dormite.
1782 3551 1917 3593 nam
1960 3533 2071 3591 hoc
2118 3532 2373 3592 dormito
2416 3534 2605 3608 magis
2651 3551 2760 3611 pro
2803 3533 3146 3594 meditativo
3172 3543 3223 3581 ³⁰

573 3641 674 3694 aut
718 3634 1051 3696 inchoativo
1097 3634 1215 3695 dici
1261 3642 1482 3715 potest,
1530 3654 1704 3715 quam
1749 3654 1860 3714 pro
1904 3635 2359 3714 frequentativo.
2420 3636 2576 3694 scire
2623 3641 2818 3695 autem
2864 3634 3145 3695 debemus

572 3739 751 3797 etiam
798 3756 830 3797 a
874 3736 1218 3797 nominibus
1274 3738 1403 3797 fieri
1449 3738 1883 3817 frequentativa
1929 3736 2139 3796 verba:
2196 3735 2269 3796 ab
2316 3735 2694 3815 appellativo,
2742 3744 2809 3796 ut
2850 3739 3147 3814 graecizat

572 3839 823 3900 sicilizat
865 3841 1148 3917 patrizat,
1196 3858 1227 3898 a
1274 3841 1545 3917 proprie,
1597 3845 1659 3897 ut
1702 3838 2023 3899 lentulizat.
2114 3841 2177 3897 in
2221 3837 2572 3898 inchoativis
2615 3857 2847 3918 quoque
2893 3838 3144 3919 quadam

571 3941 1080 4001 animadversione
1127 3958 1276 4018 opus
1327 3935 1336 4022 Ι
1390 3949 1498 4000 cst.
1588 3958 1721 4000 nam
1778 3959 1910 3999 cum
1968 3960 2000 3999 a
2055 3939 2307 4000 neutrali
2350 3939 2532 4001 verbo
2573 3942 2875 4020 perfectae
2921 3943 3143 4001 formae

570 4062 808 4122 semper
851 4042 979 4101 fere
1026 4049 1373 4112 nascantur,
1424 4051 1488 4102 ut
1530 4042 1747 4102 horreo
1792 4042 2105 4112 horresco,
2154 4045 2537 4103 inveniuntur
2572 4045 2701 4103 sine
2732 4045 2962 4121 origine
3007 4061 3142 4122 per·
3171 4051 3220 4090 ³⁵

708 4302 740 4349 4
778 4299 949 4349 factito
984 4297 1265 4348 Sichardus
1300 4297 1450 4347 facito
1483 4297 1665 4347 BML
1805 4297 2036 4347 accidunt
2074 4298 2202 4348 ΒΜ
2212 4302 2259 4349 Δ
2403 4301 2466 4351 12
2496 4298 2796 4363 declinatur]
2836 4299 3055 4348 decurrit
3082 4297 3146 4346 M

713 4370 775 4420 15
807 4383 927 4419 vero
964 4385 1056 4419 om.
1084 4368 1137 4419 B
1277 4369 1341 4418 17
1372 4383 1483 4418 cum
1520 4365 1588 4433 et]
1633 4377 1683 4416 et
1717 4382 1830 4416 cum
1867 4367 2048 4417 BML
2188 4369 2251 4419 21
2293 4369 2341 4418 in
2381 4370 2509 4419 duos
2543 4379 2593 4419 et
2632 4368 3005 4432 frequentatiua
3039 4383 3144 4417 cre--

560 4439 756 4488 duntur
784 4439 1033 4505 (creditur
1059 4436 1196 4502 BL)
1230 4448 1283 4487 ut
1319 4437 1437 4487 uolo
1473 4439 1651 4489 BML
1790 4436 1858 4487 23
1888 4439 2083 4503 pytisso
2121 4440 2170 4488 Δ
2308 4441 2377 4488 24
2413 4455 2597 4505 sugero
2627 4440 2813 4504 sugillo
2848 4454 2983 4488 corr.
3021 4455 3142 4503 sug·

570 4523 693 4574 gero
732 4508 957 4575 suggillo
990 4508 1056 4558 M
1223 4509 1293 4559 26
1331 4509 1532 4573 eapisso
1567 4508 1782 4572 capissis
1809 4509 1857 4557 L
2033 4507 2100 4559 28
2138 4509 2272 4573 quod
2311 4506 2468 4572 (quae
2496 4509 2585 4573 M)
2624 4509 2690 4557 ad
2733 4509 2945 4558 formam
2981 4511 3141 4573 ipsam

571 4580 808 4641 loquendi
844 4580 1093 4644 pertinent
1131 4579 1504 4641 frequentatiua
1532 4579 1807 4628 creduntur
1842 4577 1931 4628 sed
1966 4592 2063 4627 usn
2086 4594 2175 4644 pro
2205 4579 2329 4629 BM
2340 4581 2387 4629 L
2523 4577 2592 4630 30
2620 4593 2734 4627 nam
2771 4578 2869 4628 hoc
2903 4578 3070 4642 magis
3095 4578 3144 4626 B

706 4649 768 4699 31
807 4649 906 4698 dici
944 4650 1106 4713 potuit
1147 4649 1335 4714 (possit
1372 4649 1443 4711 L)
1482 4664 1632 4711 quam
1669 4647 2043 4711 frequentatiuo
2083 4649 2201 4699 ML
2341 4650 2470 4697 scire
2505 4655 2672 4697 autem
2711 4648 2955 4698 debemus
2992 4649 3141 4697 etiam

569 4717 674 4766 fieri
718 4734 748 4768 a
792 4719 1081 4768 nominibus
1117 4720 1233 4768 BL
1279 4719 1410 4767 scire
1454 4721 1604 4783 etiam
1652 4719 1896 4768 debemus
1933 4733 1961 4766 a
2009 4719 2298 4768 nominibus
2338 4718 2447 4767 fleri
2483 4718 2549 4767 M
2713 4718 2783 4768 32
2838 4727 2890 4768 ut
2926 4719 3143 4784 patrizat

572 4788 797 4851 grecizat
845 4789 1067 4838 sicliscat
1103 4803 1130 4836 a
1169 4789 1376 4854 proprio
1412 4797 1466 4836 ut
1512 4788 1796 4839 lentuliscat
1834 4788 1894 4837 M
2068 4788 2136 4839 33
2185 4789 2235 4837 in
2274 4788 2577 4838 inchoatiuis
2609 4786 2919 4840 Sic-hardus.-
2956 4791 3005 4837 in
3045 4802 3138 4838 om.

571 4856 753 4906 BML
892 4856 960 4908 35
1000 4858 1328 4907 inueniuntur
1362 4864 1408 4906 et
1438 4859 1548 4908 sine
1585 4858 1649 4906 M
1684 4859 2010 4908 inueniuntur
2049 4868 2214 4908 tamen
2247 4860 2358 4908 sine
2389 4856 2667 4909 Sicltardus

1154 4981 1180 5004 Ι
