3541 5564
1580 362 2054 425 coquN'rvu
2984 359 3109 426 277
3172 452 3175 455 y

2742 483 2783 524 p.
2812 473 2987 512 403—05
3018 471 3058 510 1..

526 554 848 628 iunguntur
905 553 1270 621 accusative,
1334 568 1489 613 nunc
1546 550 1818 612 ablativo,
1910 570 2089 630 super
2137 570 2274 610 vero
2322 558 2380 610 et
2424 551 2625 611 subter
2671 550 2846 611 bodie
2891 551 3112 612 debent

515 655 689 731 'iungi
736 655 1094 721 accusativo;
1156 654 1309 733 apud
1360 656 1614 714 maiores
1663 662 1897 714 nostros
1941 654 2101 712 varie
2145 654 2505 723 invenimus,
2571 661 2628 712 et
2683 652 2933 730 legimus
2987 656 3108 713 sive

525 758 857 817 accusativo
912 757 1032 815 sive
1089 755 1339 816 ablativo
1395 758 1641 816 iunctas,
1731 765 1789 816 et
1844 754 2020 814 hodie
2090 756 2137 814 si
2194 755 2277 814 vis
2343 755 2540 814 dicere
2597 773 2779 833 super
2836 763 2995 815 tecto
3052 765 3111 816 et

524 877 707 938 super
755 865 999 927 tectum,
1049 857 1284 918 dabitur
1329 857 1434 917 tibi
1482 857 1741 918 facultas,
1835 858 1936 917 sed
1987 842 2102 917 non
2150 856 2408 936 loqueris
2453 857 2776 917 secundum
2822 875 3107 936 praesen-

474 968 643 1020 stem
703 979 905 1025 usum,
962 959 1063 1019 sed
1120 959 1447 1020 secundum
1508 962 1837 1037 antiquum.
1931 977 2063 1019 nam
2124 960 2172 1018 si
2230 960 2485 1018 maiores
2545 960 2733 1019 nostri
2796 959 3109 1022 utebantur

525 1081 681 1123 nunc
712 1063 1072 1126 accusativo.
1108 1081 1265 1122 nunc
1311 1061 1581 1129 ablativo,
1630 1064 1713 1120 sic
1761 1071 1822 1121 et
1864 1069 1926 1122 tu
1973 1059 2157 1121 habes
2205 1062 2307 1120 uti.
2368 1079 2502 1120 nam
2551 1060 2733 1120 babes
2776 1061 2932 1140 apud
2968 1064 3107 1121 Ver·

524 1161 727 1241 gilium
784 1162 1150 1242 exemplum,
1210 1164 1458 1225 ‘serre
1502 1164 1704 1223 iuvat
1761 1162 2018 1223 subter
2089 1162 2314 1222 densa
2382 1161 2813 1222 testudine’.
2904 1164 3109 1225 subter

527 1264 880 1326 testudinem
939 1283 1055 1324 non
1113 1265 1287 1333 dixit,
1349 1264 1452 1325 sed
1500 1264 1706 1325 subter
1754 1263 2066 1324 testudine.
2155 1263 2315 1323 vides
2362 1281 2503 1340 ergo
2550 1264 2689 1343 quid
2738 1264 2915 1325 babet
2960 1268 3108 1325 anti-

525 1369 729 1446 quitas,
822 1387 963 1427 usus
1021 1386 1302 1446 praesens
1347 1367 1458 1427 boc
1504 1366 1709 1435 babet,
1769 1375 1833 1426 ut
1877 1368 2022 1426 istae
2068 1366 2537 1445 praepositiones
2582 1368 2643 1424 in
2694 1374 2751 1426 et
2794 1366 2906 1426 sub
2952 1369 3109 1427 varie

452 1478 850 1547 10ponantur;
910 1468 1044 1528 ittae
1104 1487 1243 1529 vero
1298 1488 1478 1548 super
1535 1476 1594 1529 et
1648 1466 1854 1529 subter
1912 1469 2243 1528 accusativo
2296 1465 2301 1543 ί
2351 1469 2703 1546 iunguntur,
2749 1471 2869 1528 sive
2917 1472 3110 1530 euntis

526 1573 647 1631 sive
692 1572 1095 1651 permanentis
1139 1569 1394 1631 habeant
1440 1572 1948 1649 significationem.

694 1674 901 1733 Omnis
946 1676 1303 1753 praepositio
1363 1673 1450 1753 [in
1497 1672 1607 1732 sub
1652 1692 1830 1752 super
1877 1671 2144 1752 subter],
2205 1691 2335 1732 cum
2398 1674 2698 1733 transierit
2751 1676 2810 1733 in
2868 1672 3344 1739 aite1·ius4·.’o,1·.¹

525 1777 975 1855 praepositionis
1021 1776 1539 1853 significationem,
1589 1777 1643 1834 ei
1688 1776 1851 1834 casui
1896 1776 2187 1851 iungitur,
2236 1776 2329 1833 cui
2375 1776 2637 1853 iungitur
2679 1774 2775 1835 itta
2830 1777 2892 1835 in
2947 1779 3110 1836 cuius

525 1877 1011 1954 significationem
1061 1879 1311 1937 transiit.
1402 1868 1539 1956 p‘uta
1590 1879 1653 1937 in
1699 1894 1858 1936 nunc
1905 1877 2168 1954 iungitur
2214 1879 2575 1945 accusativo,
2628 1895 2785 1938 nunc
2830 1876 3105 1938 ablativo.

453 1991 497 2028 ¹5
527 1978 627 2038 sed
675 1980 724 2037 si
786 1986 1043 2039 transeat
1096 1981 1157 2039 iu
1210 1980 1698 2057 significationem
1756 1979 2099 2047 accusativi,
2158 1977 2243 2038 illi
2301 1980 2591 2056 iungitur:
2650 1980 2698 2037 si
2745 1987 3004 2039 transcat
3050 1981 3106 2039 in

525 2081 1009 2157 significationem
1070 2080 1332 2149 ablativi,
1392 2080 1475 2139 itti
1533 2081 1814 2158 iungitur.
1911 2078 2133 2160 [omnis
2198 2078 2589 2158 praepositio]
2646 2081 2704 2139 iu
2762 2079 2873 2140 sub
2928 2101 3111 2158 super

434 2257 442 2263 ἡ
524 2183 721 2242 subter
765 2181 967 2242 dicunt
1013 2182 1166 2261 quod
1214 2182 1522 2258 ambiguae
1567 2187 1704 2242 sunt
1746 2182 2073 2242 secundum
2123 2200 2290 2242 usum
2338 2183 2667 2258 antiquum.
2733 2190 2926 2242 tamen
2965 2202 3107 2261 quo-

521 2286 677 2345 tiens
732 2266 1044 2344 transeunt
1100 2286 1159 2343 in
1218 2303 1385 2344 usum
1447 2284 1608 2344 verbi
1667 2303 1842 2343 causa
1876 2284 2358 2362 ‚praepositionis
2416 2302 2567 2362 quae
2626 2292 2712 2343 est
2756 2288 3104 2353 accusativa,

527 2403 767 2445 necesse
826 2385 1003 2446 babet
1059 2388 1182 2464 ipsa
1232 2384 1576 2467 [dubitatio]
1626 2406 1754 2446 esse
1802 2386 2160 2450 accusativa.
2222 2387 2271 2444 si
2316 2387 2373 2445 in
2424 2404 2593 2445 usum
2641 2384 2955 2454 ablativae,
3007 2407 3107 2447 ne-

448 2500 499 2539 20
526 2506 691 2547 cesse
738 2485 915 2547 habet
960 2497 1018 2547 et
1059 2489 1185 2566 ipsa
1233 2488 1480 2548 ablativa
1528 2507 1676 2548 esse.
1741 2496 1882 2566 puta
1931 2486 2167 2565 quando
2213 2487 2344 2546 dico
2390 2488 2488 2547 ‘in
2534 2486 2923 2556 adulterum’,
2969 2489 3105 2566 quid

526 2588 695 2648 dico?
742 2589 837 2649 ‘in
882 2587 1268 2657 adulterum',
1328 2590 1385 2649 id
1433 2597 1522 2649 est
1568 2597 1772 2650 contra
1819 2588 2178 2649 adulterum.
2268 2597 2471 2648 contra
2520 2587 2707 2665 qualis
2751 2591 3111 2667 praepositio

526 2692 651 2751 est?
698 2691 1045 2751 accusativa.
1125 2710 1265 2768 ergo
1311 2694 1390 2750 ita
1440 2699 1497 2750 et
1540 2699 1602 2751 tu
1648 2691 1832 2752 habes
1878 2692 2123 2768 iungere
2171 2709 2301 2751 eam
2347 2692 2679 2751 accusativo
2725 2693 2911 2759 casui,
2962 2712 3106 2770 quo-

526 2795 681 2853 niam
741 2811 987 2852 necesse
1045 2792 1223 2853 habet
1281 2795 1534 2854 transire
1590 2795 1651 2854 in
1710 2793 1878 2854 11111111
1934 2812 2161 2863 casum,
2221 2795 2316 2853 cui
2370 2795 2636 2870 iungitur
2689 2793 2785 2853 ilia
2832 2797 2895 2854 in
2940 2796 3109 2855 cuius

524 2896 1009 2972 significationem
1057 2897 1305 2955 transiit.
1398 2894 1579 2955 babes
1646 2895 1757 2956 boc
1825 2895 2162 2974 exemplum
2232 2903 2291 2955 et
2356 2895 2428 2954 de
2485 2893 2595 2954 alia
2650 2897 3105 2974 praepositione,

448 2997 784 3057 25‘niulta
845 3016 1072 3076 super
1129 2998 1415 3057 Priamo
1472 2999 1867 3074 rogitaus'.
1960 2998 2097 3076 quid
2159 3005 2250 3057 est
2304 3002 2516 3075 ‘super
2560 2996 2869 3057 Priamo'?
2916 2996 2975 3057 id
3024 3008 3111 3058 est

524 3100 596 3159 de
642 3100 894 3160 Priame.
986 3098 1059 3158 de
1116 3097 1303 3175 qualis
1361 3105 1447 3157 est
1509 3101 1903 3177 praepositio?
1971 3099 2239 3160 ablativa.
2332 3115 2474 3175 ergo
2534 3106 2594 3158 et
2634 3117 2811 3177 super
2855 3098 3107 3159 ablativo

525 3201 683 3261 casui
738 3200 1037 3262 cohaeret.
1129 3219 1269 3278 ergo
1329 3201 1452 3280 ipsa
1511 3199 1713 3277 regula
1775 3211 1863 3261 est
1920 3201 1994 3260 de
2040 3203 2170 3261 istis
2216 3207 2492 3279 quattuor
2537 3200 3103 3279 praepositionibus:

524 3321 926 3382 quaecumque
971 3303 1327 3382 praepositio
1373 3302 1674 3363 transierit
1718 3303 1778 3363 in
1811 3302 2048 3363 alterius
2092 3302 2550 3380 praepositionis
2595 3303 3103 3379 significationem,

525 3423 770 3464 necesse
827 3403 1006 3464 babet
1059 3403 1141 3463 ilii
1198 3406 1355 3464 casui
1412 3403 1762 3473 cohaerere,
1813 3406 1907 3466 cui
1956 3405 1961 3483 ξ
2011 3404 2290 3464 cohaeret
2344 3402 2439 3463 ilia
2498 3405 2558 3463 in
2604 3406 2768 3466 cuius
2814 3406 3105 3482 signitica-

446 3523 498 3562 30
528 3508 752 3570 tionem
797 3508 1058 3574 transiit,
1106 3508 1227 3566 sive
1273 3508 1332 3566 in
1379 3507 1455 3566 sit
1499 3514 1731 3575 contra,
1781 3509 1902 3568 sive
1948 3525 2127 3585 super
2171 3508 2249 3565 sit
2293 3505 2384 3564 de.

694 3609 859 3668 Scire
913 3607 1195 3669 debemus
1250 3608 1407 3687 quod
1465 3610 1658 3668 omnis
1723 3610 2082 3688 praepositio
2139 3617 2240 3668 aut
2292 3610 2417 3687 ipsa
2474 3610 2804 3687 corrumpit
2857 3608 3103 3669 verbum
3131 3625 3246 3683 442
3278 3628 3343 3672 35

527 3709 613 3770 vel
661 3728 877 3770 nomen
927 3709 1013 3769 iel
1060 3709 1339 3788 quidquid
1388 3708 1527 3769 ittud
1578 3717 1695 3779 est,
1754 3711 1813 3771 id
1866 3719 1955 3770 est
2001 3709 2087 3770 vel
2134 3728 2567 3789 quamcumque
2612 3716 2841 3789 partem
2890 3713 3106 3770 oratio·

527 3812 646 3879 1115,
707 3821 806 3872 aut
861 3813 990 3889 ipsa
1048 3812 1476 3889 corrumpitur,
1538 3821 1638 3871 aut
1693 3819 2042 3890 utrumque,
2109 3811 2169 3872 id
2227 3819 2316 3872 est
2372 3820 2428 3871 et
2483 3813 2815 3889 corrumpit
2867 3814 2991 3891 ipsa
3051 3821 3110 3872 et

525 3914 943 3992 corrumpitur.
990 3915 1114 3992 ipsa
1148 3914 1504 3992 corrumpit,
1554 3916 1604 3974 si
1633 3914 1794 3975 dicas
1826 3905 2264 3976 conficioz'cou
2309 3916 2665 3994 praepositio
2712 3922 2802 3973 est
2843 3916 3105 3991 integram

447 4016 659 4075 35111310
706 4023 1056 4094 corruptum
1105 4025 1221 4081 est;
1272 4024 1399 4076 erat
1445 4018 1600 4077 enim
1647 4019 1942 4093 integrum
1988 4017 2158 4076 facie.
2251 4026 2350 4077 aut
2395 4027 2557 4077 certe
2603 4018 2727 4095 ipsa
2775 4017 3106 4093 corrumpi·

530 4124 653 4185 tur,
700 4119 911 4176 affero:
971 4136 1092 4177 nou
1139 4115 1415 4178 dicebant
1470 4117 1703 4186 adsero,
1760 4118 1863 4178 sed
1912 4120 2125 4186 affero:
2176 4119 2210 4178 d
2259 4119 2488 4178 transiit
2534 4120 2593 4176 in
2640 4120 2691 4187 s,
2740 4119 2867 4177 sero
2914 4124 3105 4176 antem

489 4221 821 4295 ·iutegrum
870 4218 1109 4278 verbum
1160 4230 1274 4287 est;
1323 4239 1461 4280 ecce
1509 4222 1631 4298 ipsa
1679 4227 1958 4299 corrupta
2006 4228 2093 4279 est
2132 4238 2163 4279 a
2197 4219 2394 4280 verbe.
2459 4229 2560 4280 aut
2590 4228 2907 4298 utrumque
2937 4216 3107 4278 simu!

663 4374 694 4420 2
733 4370 800 4438 et]
846 4381 899 4420 ut
934 4372 1098 4421 ABC
1213 4373 1244 4420 5
1283 4387 1397 4420 nam
1438 4374 1480 4422 si
1523 4374 1738 4421 maiores
1769 4388 1801 4419 a
1844 4389 1957 4422 nam
1995 4373 2209 4420 maiores
2245 4373 2293 4420 A
2337 4387 2432 4421 nou
2467 4373 2508 4420 si
2544 4372 2760 4420 maiores
2801 4371 2847 4420 B
2886 4386 2996 4419 nam
3037 4373 3111 4421 sie

528 4443 743 4490 maiores
785 4444 814 4491 b
855 4457 950 4490 non
991 4445 1062 4489 sic
1099 4442 1316 4490 matures
1353 4444 1393 4490 C
1531 4445 1560 4491 7
1600 4444 1728 4491 terre
1769 4444 1911 4492 iubat
1948 4443 2074 4492 AC.-
2129 4445 2285 4506 Vera.
2329 4444 2461 4494 Aen,
2502 4443 2640 4489 Vtut
2679 4443 2777 4493 514
2919 4447 2951 4488 ὅ
2991 4442 3109 4491 uide

527 4513 697 4570 (uides
728 4512 787 4568 n)
823 4527 945 4576 ergo
983 4516 1116 4575 quod
1155 4510 1306 4560 habet
1344 4512 1391 4559 A
1536 4514 1595 4562 12
1635 4514 1799 4562 omnis
1839 4512 1982 4562 lica
2021 4528 2196 4560 omnes
2227 4514 2274 4561 A
2417 4512 2705 4560 transierint
2743 4510 2903 4560 ABG
3046 4511 3109 4560 15

527 4583 798 4630 accusativi
836 4609 896 4616 —
930 4582 1350 4646 significationem
1391 4599 1482 4634 om,
1525 4584 1593 4636 A,
1634 4584 1756 4631 add.
1795 4600 1827 4630 a
1934 4583 1975 4629 si
2015 4599 2106 4632 om.
2138 4583 2222 4630 Ca
2335 4583 2394 4632 17
2432 4597 2587 4647 super
2623 4583 2794 4629 subter
2821 4595 2912 4633 οηι,
2946 4580 3111 4630 ,4130

669 4653 734 4702 19
772 4652 815 4701 si
855 4653 902 4700 iu
946 4667 1037 4700 usu
1077 4651 1283 4702 abiatiui
1307 4651 1480 4701 ABG
1584 4653 1650 4700 22
1681 4667 1804 4718 vrgo
1843 4668 1933 4703 om.
1965 4652 2031 4710 A,
2060 4653 2180 4700 add.
2207 4668 2241 4700 a
2342 4652 2408 4701 :23
2443 4650 2544 4716 cui]
2582 4668 2681 4712 qno
2709 4652 2853 4700 BCa
2894 4650 3027 4713 quod
3068 4652 3107 4698 A

669 4723 735 4770 24
769 4723 947 4770 transit
987 4722 1096 4770 AB
1278 4725 1346 4771 25
1372 4720 1547 4788 muita]
1593 4723 1747 4785 Very.
1783 4722 1914 4773 Aen.
1950 4724 1961 4769 Ι
1992 4723 2094 4770 750
2234 4721 2301 4771 26
2339 4718 2576 4786 ablativa]
2620 4721 2826 4770 abintiui
2857 4721 2968 4769 AB

527 4789 596 4841 30
634 4793 811 4841 transit
843 4790 1009 4840 ABG
1182 4793 1250 4842 35
1290 4796 1628 4858 corrumpitur
1676 4792 1853 4842 adfero
1894 4791 2080 4853 (affero
2121 4790 2203 4843 A?
2238 4807 2375 4843 corr.
2426 4791 2601 4841 adsero
2640 4791 2699 4855 a)
2736 4806 2833 4840 non
2874 4790 3106 4839 dicebant

529 4861 685 4909 affero
725 4861 816 4909 sed
856 4861 1027 4909 adsero
1067 4861 1169 4910 AC
