3541 5564
1176 305 1573 367 EXOERPTA
1625 304 2025 366 ROBIENSIA
2071 300 2341 365 20—27
2919 300 3043 363 643

2661 426 2700 462 μ.
2737 413 2908 451 ιῡτψειυ
2939 411 2993 449 v.

470 497 617 554 verit
662 493 1073 573 procellarum.
1138 514 1308 553 «mule
1355 496 1677 573 optativum
1726 512 2009 572 praesens
2057 494 2326 572 idemque
2363 496 2754 571 inportatam
2789 494 3044 553 activum

469 600 527 656 in
573 616 698 657 rem
747 595 1025 676 syllabam
1075 597 1294 656 desinit
1340 597 1521 656 vocali
1568 597 2003 673 ‹zoniugationis
2049 613 2187 654 suae
2235 596 2649 658 antecedente.
2713 603 2774 654 ut
2819 597 3042 654 utinam

472 717 729 758 amarem
775 717 1077 758 monerem
1126 698 1392 758 audirem
1439 688 1752 775 legerem(
1795 701 1964 757 euius
2011 716 2066 756 m
2115 696 2308 757 littera
2357 700 2416 756 in
2464 717 2491 755 s
2538 704 2893 757 eouunutata
2941 716 3042 755 na-

467 801 654 860 scitur
699 802 992 868 secunda,
1041 800 1364 879 eademque
1411 803 1470 860 in
1520 810 1541 859 t
1586 819 1866 860 conversa
1915 803 1977 859 fit
2021 801 2232 867 tertia,
2268 817 2527 859 amarem
2560 817 2791 858 amares
2821 807 3045 859 amaret

415 925 439 963 ε»
485 910 541 960 et
590 902 833 981 reliqua.
902 905 1091 982 prima
1138 902 1382 981 pluralis
1427 922 1497 961 ex
1543 905 1733 981 prima
1779 904 2042 963 nascitur
2084 902 2367 978 singulari
2416 901 2642 961 adiecta
2690 920 2760 961 us
2803 898 3041 979 syllaba,

464 1013 529 1061 ut
575 1023 831 1064 amarem
879 1023 1214 1065 amaremus
1259 1012 1318 1062 et
1364 1003 1610 1083 reliqua.
1701 1005 1959 1064 secunda
2020 1004 2264 1083 pluralis
2322 1022 2392 1062 ex
2449 1005 2637 1082 prima
2685 1004 2786 1064 fiet
2829 1000 3042 1081 plurali

466 1125 594 1165 mus
640 1106 844 1165 ultima
904 1109 963 1165 in
1020 1108 1093 1164 tis
1150 1106 1432 1184 syllabam
1489 1124 1802 1175 conversa,
1863 1115 1927 1166 ut
1984 1124 2319 1174 amaremus
2364 1108 2645 1165 amaretis
2690 1114 2748 1165 et
2793 1104 3040 1183 reliqua.

467 1210 637 1267 tertia
683 1208 931 1286 pluralis
976 1227 1043 1267 ex
1094 1209 1263 1269 tertia
1311 1211 1576 1268 nascitur
1631 1209 1916 1286 singulari
1964 1228 1999 1269 n
2048 1208 2245 1268 littera
2293 1216 2429 1267 ante
2476 1215 2500 1266 t
2544 1208 2807 1269 ultimam
2858 1210 3041 1266 inter-

464 1312 684 1390 posita,
734 1318 957 1369 amaret
1001 1319 1283 1370 amarent.
1336 1309 1341 1389 l
1394 1330 1566 1370 omne
1599 1314 1921 1390 optativum
1954 1312 2347 1390 praeteritum
2393 1311 2721 1388 perfectum
2768 1309 3042 1388 idemque

392 1437 439 1473 ιο
471 1412 1115 1490 plusquamperfectum
1173 1432 1244 1471 ex
1289 1416 1610 1491 praeterito
1669 1416 1934 1492 perfecto
1981 1414 2299 1473 indicativo
2345 1421 2580 1472 creatur
2626 1412 2866 1471 ultimae
2914 1413 3044 1470 eius

466 1513 722 1592 syllabae
768 1531 795 1571 s
839 1514 1033 1574 littera
1081 1513 1307 1574 adiecta
1355 1522 1413 1573 et
1458 1514 1653 1575 addita
1700 1534 1822 1576 sem
1869 1515 2124 1594 syllaba,
2173 1517 2360 1574 amavi
2418 1516 2793 1582 amavissem,
2842 1514 3042 1573 monui

467 1618 856 1684 monuissem,
907 1615 1104 1675 audivi
1150 1616 1535 1686 audivissem,
1600 1618 1712 1694 legi
1774 1618 2067 1695 legissem.
2157 1617 2259 1676 sed
2307 1616 2660 1695 aliquotiens
2705 1618 2758 1675 vi
2804 1635 2874 1675 ex
2922 1633 3043 1676 me-

412 1734 417 1738 ·
466 1717 563 1776 dio
607 1718 936 1796 intercepta
995 1719 1401 1778 contrahimus
1448 1718 1731 1798 syllabas,
1791 1728 1855 1780 ut
1900 1721 2164 1779 dicamus
2210 1738 2493 1780 amassem
2541 1719 2858 1778 audissem.
2949 1737 3041 1776 re-

467 1818 665 1878 siduas
725 1837 1013 1898 personas
1069 1822 1130 1879 in
1175 1828 1426 1900 utroque
1473 1841 1719 1881 numero
1777 1822 1846 1882 ad
1894 1821 2343 1882 similitudinem
2390 1823 2717 1899 superioris
2763 1821 3044 1899 temporis

394 1944 440 1983 15
468 1924 807 1997 figuramus
899 1940 1071 1981 omne
1129 1926 1453 2001 optativum
1512 1925 1780 1984 futurum
1836 1927 2089 1984 activum
2157 1944 2228 1983 ex
2296 1926 2491 2003 primo
2559 1923 2816 1983 themate
2874 1920 3042 1980 verbi

465 2025 759 2089 nascitur,
809 2024 867 2081 in
916 2026 1106 2102 prima
1153 2026 1393 2104 quidem
1440 2029 1854 2104 coniugatione
1912 2047 1946 2085 o
2001 2027 2320 2086 novissimo
2366 2028 2426 2085 iu
2474 2045 2566 2084 em
2612 2022 2925 2103 syllabam,
2982 2025 3043 2081 in

466 2127 686 2184 ceteris
733 2133 928 2184 autem
976 2128 1035 2185 in
1084 2146 1175 2186 am
1222 2147 1528 2197 converso,
1589 2137 1653 2188 ut
1697 2148 1829 2189 amo
1875 2147 2085 2196 amem,
2133 2146 2344 2187 moneo
2390 2146 2678 2195 moneam,
2727 2125 2898 2185 audio
2944 2142 3043 2183 au-

467 2226 656 2295 diam,
716 2226 846 2303 lego
903 2226 1114 2304 legam.
1206 2230 1478 2290 residuae
1534 2250 1821 2309 personae
1881 2230 1949 2290 ad
2011 2229 2458 2289 similitudinem
2504 2230 2880 2307 superiorum
2926 2228 3043 2286 for-

468 2334 721 2388 mantur.
814 2332 1011 2390 omnia
1069 2334 1324 2410 optativa
1382 2336 1611 2411 passiva
1658 2342 1912 2409 praeter
1969 2334 2357 2412 praeteritum
2402 2332 2734 2409 perfeetum
2783 2339 2839 2390 et
2886 2329 3044 2408 plus-

391 2432 980 2511 :201piamperi'ectum
1027 2452 1095 2491 ex
1144 2436 1352 2494 activis
1397 2438 1552 2503 suis,
1614 2438 1770 2494 sicut
1826 2438 1885 2495 in
1943 2432 2466 2514 praecedentibus,
2530 2431 2942 2492 formabuntur
2989 2450 3044 2490 m

470 2538 530 2596 in
580 2556 609 2595 r
654 2542 1010 2595 commutata
1056 2536 1423 2616 reliquisque
1471 2536 1579 2595 sub
1627 2537 1834 2598 eadem
1880 2536 2290 2597 observatione
2338 2535 2601 2594 deflexis.
2649 2533 2655 2617 Ι

636 2637 719 2696 De
768 2639 1146 2697 coniunctivo
1192 2639 1384 2698 modo.
1487 2642 1859 2700 coniunctiva
1905 2641 2249 2700 Latinorum
2296 2637 2543 2697 eandem
2588 2636 2742 2715 apud
2789 2635 3046 2695 Graecos
3082 2642 3278 2697 mmet

467 2739 689 2800 liabent
733 2758 970 2800 causam
1016 2740 1281 2801 vocabuli
1330 2749 1386 2802 et
1431 2761 1497 2802 ex
1545 2760 1658 2802 uua
1705 2743 2028 2821 eademque
2061 2743 2291 2818 origine
2339 2747 2666 2802 traxerunt.
2727 2758 2843 2799 nou
2890 2740 3048 2798 enim

470 2842 607 2901 huic
656 2842 843 2920 modo,
895 2850 957 2902 ut
1003 2845 1249 2912 ceteriS‚
1299 2864 1371 2904 ex
1417 2846 1750 2914 intellectu,
1801 2846 1902 2905 sed
1937 2865 2008 2906 ex
2054 2845 2178 2904 solo
2225 2844 2516 2903 accidenti
2566 2861 2777 2902 nomeu
2824 2849 2914 2900 est
2961 2843 3047 2899 in-

392 2965 441 3001 ες»
470 2942 680 3001 ditum.
771 2945 926 3021 siqui
986 2945 1132 3005 dicit
1189 2946 1350 3022 lego,
1410 2947 1555 3008 nibil
1614 2946 1857 3007 dubium
1918 2947 2200 3026 relinquit
2262 2948 2404 3025 quin
2450 2946 2647 3020 legere
2677 2961 2757 3002 *se
2804 2943 3048 3009 indicet,

470 3044 606 3102 ideo
653 3043 1007 3103 indicativus
1052 3048 1410 3125 appellatum
1458 3052 1559 3127 qui
1607 3050 1749 3109 dicit
1797 3049 1950 3126 lege,
2001 3057 2203 3128 aperte
2251 3047 2391 3126 quid
2439 3048 2538 3106 fiat
2582 3049 2862 3124 imperat,
2911 3044 3048 3103 inde

471 3147 889 3224 imperativus;
950 3149 1175 3208 utinam
1235 3147 1422 3226 legam
1481 3169 1612 3210 eum
1669 3151 1915 3220 dicitur,
1975 3158 2213 3229 optatur
2270 3150 2422 3229 quod
2481 3150 2610 3208 fieri
2656 3147 3048 3212 desideratur,

470 3257 530 3307 et
575 3249 871 3325 optativus
929 3259 1200 3319 vocatur;
1260 3250 1487 3327 legere,
1536 3255 1672 3331 quia
1719 3252 1942 3313 nullum
1989 3254 2169 3312 animi
2219 3252 2425 3312 delinit
2470 3252 2773 3317 affectum,
2833 3250 3047 3308 infiniti

471 3368 681 3409 nomeu
741 3353 990 3428 accepit.
1081 3354 1130 3409 si
1192 3370 1326 3410 vero
1389 3353 1593 3412 dixero
1649 3373 1783 3413 eum
1842 3353 2034 3430 legam
2088 3372 2220 3413 cum
2282 3354 2529 3429 legerim
2588 3369 2719 3410 cum
2778 3348 3049 3427 legissem

392 3470 605 3512 :secum
669 3451 896 3527 legero,
955 3453 1200 3511 ostendo
1257 3453 1479 3514 nullum
1538 3461 1770 3533 tempus
1831 3455 1985 3514 modi
2043 3457 2214 3515 istius
2272 3457 2387 3514 nisi
2446 3456 2824 3512 coniunctum
2884 3451 3050 3511 alteri

471 3543 642 3633 parti‘
674 3555 963 3612 orationis
1008 3573 1181 3633 posse
1231 3557 1508 3633 proferri.
1573 3556 1705 3616 ideo
1753 3575 1868 3616 non
1918 3576 1987 3616 ex
2033 3575 2240 3624 seusu,
2289 3559 2389 3635 qui
2437 3555 2629 3615 adhuc
2677 3553 2895 3614 dubius
2940 3560 3049 3620 est,

468 3655 570 3714 sed
634 3676 704 3715 ex
762 3653 881 3715 sola
938 3658 1354 3717 eonitmrtituie
1413 3676 1562 3737 quae
1622 3660 1674 3717 ei
1735 3659 1954 3718 accidit
2010 3661 2421 3719 coniunctivus
2476 3656 2683 3717 modus
2728 3655 3053 3735 appellatus
3114 3697 3120 3703 -

470 3766 579 3816 est.
645 3756 797 3816 unde
845 3766 903 3817 et
949 3758 1158 3817 Graeci
1208 3751 1656 3820 ὑποτακτικὸν
1701 3753 1813 3819 διὰ
1856 3752 1931 3821 τό
1976 3753 2427 3839 ὑποτετάχθαι
2474 3765 2849 3827 vocaverunt,
2897 3757 3051 3837 quod

474 3878 715 3918 necesse
763 3867 850 3918 est
895 3859 978 3919 illi
1026 3862 1350 3938 praemisso
1397 3862 1619 3940 aliquid
1667 3861 1872 3931 subdi,
1921 3872 1985 3922 ut
2030 3881 2241 3923 sensus
2288 3864 2520 3939 integer
2562 3862 2663 3921 fiat
2694 3872 2753 3920 et
2797 3860 3051 3940 planior,

393 3987 443 4022 :m
776 3979 931 4021 eum
976 3964 1241 4023 faciam
1286 3964 1519 4024 vitula
1566 3983 1701 4043 pro
1747 3964 2134 4039 frugibuS,
2184 3967 2343 4044 ipse
2391 3966 2665 4023 venit0.

471 4062 702 4122 notabis
759 4064 819 4121 in
877 4063 988 4123 hoc
1043 4065 1215 4124 modo
1272 4065 1425 4145 quod
1486 4085 1600 4126 non
1659 4085 1822 4126 more
1871 4067 2231 4126 Graecorum
2289 4068 2536 4125 iunctim
2595 4065 2732 4124 bina
2781 4072 3046 4141 tempora

469 4165 819 4233 deflectunt,
878 4166 979 4226 sed
1038 4167 1267 4244 singula
1326 4171 1677 4247 separatim,
1738 4187 1872 4228 cum
1931 4170 1992 4228 in
2049 4170 2310 4246 optativo
2365 4174 2568 4227 contra
2616 4185 2788 4245 quam
2836 4167 3047 4224 Graeci

470 4266 637 4335 bina,
704 4286 819 4326 non
878 4266 1106 4344 singula
1167 4269 1485 4329 declinent.
1575 4280 1712 4330 sunt
1757 4279 1954 4330 autem
2001 4270 2203 4330 eadem
2251 4289 2400 4347 quae
2447 4272 2507 4328 in
2554 4270 2812 4346 optativo
2858 4274 2916 4325 et
2961 4270 3050 4327 iu-

471 4388 649 4448 super
709 4371 1100 4447 praeteritum
1157 4373 1489 4448 perfectum
1547 4381 1606 4431 et
1662 4375 1928 4432 futurum
1975 4371 2086 4439 sub
2133 4371 2362 4430 diversa
2409 4370 2723 4437 finalitate,
2772 4388 3055 4448 praesens

404 4497 452 4533 -ιο
476 4471 752 4550 idemque
811 4472 1078 4531 futurum
1137 4475 1460 4550 optativum
1518 4492 1650 4535 cum
1714 4475 1931 4551 legam,
2002 4474 2391 4553 praeteritum
2458 4474 2857 4552 inperfectum
2923 4489 3055 4531 cum

606 4661 635 4708 7
670 4673 971 4708 conuersum
1017 4674 1152 4710 corr.
1194 4676 1276 4707 -sa
1313 4660 1362 4707 B
1505 4663 1564 4710 18
1600 4662 1801 4710 residae
1838 4661 1886 4709 B
2027 4662 2088 4710 19
2123 4672 2324 4725 praeter
2358 4675 2451 4711 om.
2487 4659 2564 4720 B,
2602 4660 2723 4709 add.
2765 4659 2924 4708 Ianus

472 4729 537 4776 23
563 4741 611 4774 et
634 4742 724 4776 om.
756 4728 804 4776 B
942 4729 1007 4778 25
1034 4727 1248 4789 reliquid
1275 4727 1323 4776 B
1468 4729 1660 4792 indiget
1683 4728 1733 4776 B
1871 4731 1936 4778 :29
1973 4730 2226 4794 acceperit
2252 4727 2301 4776 B
2439 4730 2504 4777 35
2539 4723 2677 4793 cum]
2717 4726 2872 4793 Ver-9.
2897 4727 3055 4778 bucol.

474 4799 521 4853 3,
548 4796 610 4843 77
737 4798 801 4846 37
834 4796 1062 4862 singulas
1090 4798 1358 4862 separatim
1390 4797 1439 4846 B
