3541 5564
435 294 564 359 280
1566 296 1867 359 POMPEI!

489 418 529 457 p.
557 407 732 445 409-11
765 406 805 445 1..

437 493 633 546 autem
681 481 1020 554 cohaerent,
1069 504 1274 563 graves
1318 487 1483 556 fiunt,
1530 488 1706 546 etiam
1751 488 1800 546 si
1832 488 2052 546 suerint
2081 488 2495 546 circumflexae
2530 484 2694 565 [plus
2725 493 2813 544 est
2844 483 3009 564 hoc].
3054 553 3062 563 ,

438 595 575 666 puta
623 587 693 646 ad
740 596 977 648 acutum
1021 587 1200 648 habet
1256 597 1588 648 accentum:
1658 589 1750 650 sac
1797 588 2023 666 adagim
2092 606 2229 647 ecce
2287 590 2402 647 iam
2458 588 2652 666 perdit
2705 596 3013 647 accentum

439 698 798 770 correptum,
847 697 905 749 et
948 690 1166 768 accipit
1209 700 1515 750 accentum
1562 690 1936 769 productum,
1987 696 2045 749 et
2100 689 2196 750 illa
2253 708 2490 766 gravem
2550 687 2809 749 habebit.
2901 688 3014 748 hoc

437 794 612 852 etiam
667 792 740 852 de
794 790 888 851 illa
947 810 1096 870 quae
1140 792 1586 853 circumflexum
1652 792 1832 852 habet
1889 800 2229 861 accentum,
2298 795 2441 869 prae
2499 791 2818 869 praevidit:
2889 792 3012 869 ipsa

434 898 486 954 vi
535 894 712 954 babet
767 902 1102 962 accentum,
1162 902 1220 952 et
1261 893 1360 954 illa
1414 912 1650 971 gravem
1713 893 1907 955 habet.
1998 912 2141 971 ergo
2194 894 2385 952 omnis
2441 895 2836 971 praepositio,
2893 894 3065 952 sive5

434 1004 671 1056 acutum
717 995 947 1069 babeat,
1000 997 1119 1055 sive
1168 1013 1286 1054 non
1333 996 1548 1056 habeat
1591 1003 1859 1065 acutum,
1908 996 2011 1056 sed
2060 995 2532 1064 circumflexum,
2580 1004 2775 1055 tamen
2820 997 2869 1053 si
2914 1014 3016 1054 co-

433 1100 674 1160 haereat
719 1107 776 1159 et
820 1097 1116 1157 coalescat
1159 1100 1220 1156 in
1268 1116 1443 1162 unam
1493 1106 1739 1176 partem,
1788 1099 1926 1157 facit
1972 1117 2101 1157 eam
2146 1097 2320 1156 alium
2367 1099 2638 1176 accipere
2684 1104 3010 1157 accentum.

432 1200 628 1280 perdit
670 1208 978 1261 accentum
1033 1210 1270 1260 acutum
1330 1204 1419 1260 vel
1469 1200 1916 1261 circumflexum
1964 1207 2023 1259 et
2078 1201 2290 1278 accipit
2330 1218 2586 1278 gravem,
2646 1199 2704 1259 id
2761 1208 2851 1259 est
2894 1217 3012 1259 non

433 1305 556 1382 ipsa
603 1308 791 1369 sonat,
841 1302 943 1361 sed
992 1300 1086 1360 illa
1133 1320 1272 1380 pars
1317 1303 1599 1362 orationis
1643 1304 1740 1361 cui
1787 1304 2067 1379 iungitur.

198 1419 315 1478 517,
347 1419 400 1465 ιι
602 1404 866 1464 Diximus
914 1420 1095 1463 unum
1140 1402 1410 1462 accidere
1458 1411 1683 1463 tantum
1740 1405 2194 1482 praepositioni,
2255 1404 2311 1463 id
2371 1412 2461 1464 est
2516 1423 2750 1472 casum,
2811 1422 3011 1463 casum
3041 1422 3089 1458 ιο

434 1512 627 1566 autem
674 1515 772 1565 aut
825 1508 1219 1565 accusativum
1276 1513 1373 1564 aut
1430 1504 1765 1565 ablativum.
1858 1507 1928 1565 de
1988 1524 2234 1565 numero
2292 1508 2797 1584 praepositionum
2854 1507 3011 1565 varie

433 1607 718 1667 babemus
764 1609 822 1666 in
870 1614 1013 1666 arte.
1095 1616 1322 1667 constat
1369 1614 1564 1667 autem
1612 1609 2081 1686 praepositiones
2127 1627 2257 1667 esse
2304 1610 2470 1667 istas:
2534 1607 2765 1667 habetis
2811 1627 2907 1667 eas
2951 1609 3011 1666 in

438 1708 633 1770 l‘robo
677 1707 826 1768 bene
875 1718 1276 1776 enumeratas;
1326 1711 1562 1786 triginta
1597 1709 1782 1770 habes
1827 1711 2208 1777 accusativas‚
2256 1709 2588 1789 quindecim
2624 1707 3008 1769 lnabes.abla-

435 1814 597 1878 uvas,
647 1818 704 1870 et
747 1818 1023 1889 quattuor
1067 1810 1251 1871 habes
1295 1830 1659 1880 communeS,
1708 1819 1768 1871 et
1812 1820 2038 1891 septem
2098 1811 2284 1872 habes
2331 1810 2706 1888 loquellareS.
2798 1813 2909 1872 iste
2957 1820 3016 1871 et

434 1916 494 1973 in
541 1914 884 1973 accusativis
934 1910 939 1992 l
989 1914 1183 1972 minus
1227 1915 1424 1991 posuit
1470 1912 1808 1993 [Donatus],
1860 1923 1917 1975 et
1961 1916 2019 1973 in
2066 1913 2328 1974 ablativis
2374 1914 2567 1991 minus
2608 1915 2820 1993 posuit.
2882 1912 3015 1992 plus
3042 1931 3091 1969 15

437 2034 578 2092 ergo
624 2033 740 2075 non
789 2013 973 2075 habes
1018 2014 1091 2074 ab
1137 2017 1262 2074 istis
1306 2016 1564 2092 triginta.
1657 2035 1776 2083 vos.
1828 2018 1929 2094 qui
1974 2018 2263 2075 rationem
2311 2024 2631 2075 metrorum
2680 2017 3013 2094 sequimini,

435 2120 496 2176 in
541 2119 669 2176 istis
713 2116 1135 2196 loquellaribus
1181 2118 1291 2177 hoc
1323 2118 1791 2178 animadvertere
1821 2116 2075 2177 debetis:
2110 2137 2243 2178 cum
2279 2117 2623 2177 naturaliter
2655 2119 2815 2195 ipsae
2845 2136 3015 2195 prae·

435 2220 761 2297 positiones
805 2218 1014 2296 longae
1059 2220 1194 2287 sint,
1242 2219 1588 2298 plerumque
1635 2222 1718 2280 sic
1764 2218 2101 2292 cohaerent,
2153 2227 2217 2279 ut
2246 2219 2496 2299 perdant
2526 2230 2794 2280 naturam
2828 2238 3011 2279 suam.

435 2329 573 2399 puta
617 2340 772 2390 sero,
819 2320 934 2380 hoc
979 2327 1068 2379 est
1111 2322 1240 2393 sine
1287 2320 1464 2381 dubio
1510 2321 1736 2400 loquor,

738 2422 858 2482 illi
913 2424 1118 2482 inter
1165 2442 1326 2483 sese
1373 2425 1573 2484 vario
1620 2443 1965 2484 sermone
2011 2424 2389 2497 serebant,
3038 2413 3094 2481 '20

437 2524 496 2584 id
545 2532 634 2585 est
678 2524 1089 2604 loquebantur.
1182 2534 1240 2585 et
1283 2533 1423 2604 puta
1471 2527 1519 2584 si
1565 2526 1727 2586 dieas
1773 2525 1941 2595 duco,
1991 2526 2046 2585 id
2096 2533 2184 2585 est
2228 2534 2365 2604 puta
2410 2523 2572 2585 illum
2619 2524 2815 2593 traho,
2875 2543 3016 2585 con-

435 2645 592 2706 pone
645 2624 818 2695 illud,
878 2625 1122 2693 diduco;
1194 2634 1330 2688 ecce
1375 2630 1773 2707 conposuisti,
1834 2627 2108 2688 addidisti
2165 2628 2242 2687 di.
2334 2646 2474 2687 ecce
2529 2634 2588 2686 et
2641 2625 2762 2686 illic
2819 2626 2891 2686 ab
2947 2647 3017 2686 eo

438 2728 595 2809 quod
643 2735 735 2789 est
777 2747 911 2789 sero
956 2738 1147 2790 sertus
1192 2729 1465 2799 disertus,
1512 2731 1570 2790 id
1619 2739 1704 2791 est
1739 2730 1985 2791 eandem
2018 2731 2516 2809 praepositionem
2560 2730 2791 2809 accipit,
2839 2748 3014 2808 quam

439 2830 941 2912 praepositionem
999 2833 1210 2911 accipit
1265 2842 1321 2892 et
1375 2835 1479 2893 ista
1539 2852 1675 2911 pars
1733 2835 2035 2894 orationis.
2134 2851 2276 2911 ergo
2334 2832 2621 2892 debemus
2676 2834 2829 2892 cauti
2886 2852 3017 2892 esse

439 2934 511 2994 ad
561 2933 664 2995 has
708 2941 906 3013 partes
950 2936 1247 3003 orationis
1295 2935 1351 2993 id
1403 2942 1490 2994 est
1534 2937 2023 3015 praepositiones,
2064 2932 2223 3012 'quae
2268 2936 2417 2994 fiunt
2461 2935 2533 2995 de
2578 2936 2702 2996 istis
2745 2936 3016 3013 conposi·
3045 2951 3096 2990 25

439 3036 718 3096 tionibus.
808 3035 1160 3115 plerumque
1206 3038 1369 3114 ipsae
1412 3038 1881 3116 praepositiones
1939 3046 2039 3098 aut
2083 3037 2293 3115 longae
2347 3047 2484 3096 sunt
2526 3044 2627 3097 aut
2671 3036 2910 3106 breves,
2960 3044 3021 3096 et

440 3158 558 3199 non
605 3137 786 3198 debes
829 3139 912 3196 sic
958 3139 1175 3215 passim
1222 3137 1451 3206 dic-ere,
1508 3138 1611 3198 sed
1667 3158 1779 3217 pro
1837 3140 2113 3217 qualitate
2172 3140 2607 3219 exemplorum,
2679 3146 2817 3218 puta
2874 3156 3017 3216 quo-

440 3243 595 3302 niam
641 3242 913 3300 invenisti
961 3238 1117 3298 illam
1166 3238 1433 3307 brevem,
1481 3242 1564 3300 sic
1609 3240 1769 3300 illam
1816 3242 2049 3320 profem
2118 3241 2301 3302 debes
2359 3240 2646 3301 sollicitus
2704 3259 2834 3301 esse
2880 3259 3018 3321 pro-

439 3351 572 3421 pter
619 3341 722 3402 has
767 3360 882 3401 res,
956 3340 1225 3402 similiter
1271 3343 1446 3401 etiam
1494 3344 1710 3402 omittit
1756 3351 1844 3402 est
1887 3342 2127 3403 dimittit
2175 3341 2422 3422 [omittit
2463 3343 2734 3405 similiter
2780 3343 3019 3403 dimittit

441 3441 588 3528 estj,
649 3451 708 3504 et
753 3452 945 3504 tamen
994 3443 1280 3504 babemus
1335 3443 1488 3522 apud
1535 3444 1842 3504 Horatium
1901 3444 2233 3525 exemplum
2293 3447 2537 3514 omittit3
2608 3466 2724 3506 non
2772 3446 2917 3506 dixit
2961 3464 3013 3512 ο,
3044 3462 3095 3502 so

439 3547 650 3605 mittit:
714 3564 820 3624 per
865 3547 1334 3624 conpositionem
1381 3547 1710 3606 invenimus
1757 3548 1991 3614 omittit,
2042 3547 2430 3625 ‘praesens
2476 3568 2605 3608 sua
2651 3547 2863 3627 culpa
2908 3549 3018 3607 ire

439 3648 796 3727 deceptus
852 3648 1132 3707 omittit
1186 3649 1465 3707 etueri'
1528 3665 1671 3725 ergo
1725 3651 1878 3709 scire
1924 3647 2206 3709 debemus
2251 3668 2459 3710 omnes
2502 3652 2642 3711 istas
2695 3644 3018 3730 praelposi-

439 3753 628 3810 tiones
684 3749 1066 3829 loquellareS,
1137 3769 1248 3810 con
1304 3749 1364 3809 di
1422 3748 1515 3810 dis
1581 3769 1645 3809 re
1700 3769 1763 3810 se
1810 3769 1902 3810 am
1961 3770 1995 3810 o
2055 3752 2207 3830 (nam
2256 3751 2609 3813 addiderunt
2650 3750 2918 3831 plerique
2963 3770 3017 3818 o,

441 3906 1046 3914 »mm—q.

579 4007 611 4056 :3
637 4007 832 4069 accepit
860 4006 1004 4055 ABG
1107 4004 1244 4052 illam
1278 4005 1325 4053 Α
1429 4003 1461 4052 5
1497 4005 1547 4051 υἱ
1574 4002 1749 4054 babuit
1774 4004 1920 4054 ABG
2026 4008 2189 4056 omnis
2217 4007 2528 4074 praepositio
2565 4009 2674 4058 sine
2702 4022 2799 4056 non
2840 4006 3021 4056 babeat

441 4085 641 4125 acutum
681 4076 792 4124 siue
823 4091 1030 4138 grauem
1066 4076 1174 4124 siue
1217 4089 1315 4122 non
1351 4084 1552 4123 acutum
1597 4075 1687 4123 sed
1723 4076 2101 4124 circumflexum
2139 4076 2189 4126 A
2223 4079 2388 4126 omnis
2428 4078 2735 4144 praepositio
2774 4079 2885 4126 sine
2922 4093 3023 4126 non

443 4146 628 4195 babeat
659 4153 860 4193 acutum
896 4147 985 4194 sed
1024 4146 1401 4194 circumflexum
1430 4144 1573 4195 Bca
1689 4148 1722 4194 6
1759 4154 1949 4194 tantum
1986 4146 2029 4194 si
2069 4147 2337 4196 cohaereat
2373 4148 2471 4196 Ba
2500 4157 2689 4197 rantum
2729 4149 2804 4197 sie
2839 4147 3021 4196 cohae—

443 4224 548 4265 reat
586 4216 634 4264 A
675 4219 863 4264 tantum
908 4215 1174 4263 cohaereat
1216 4215 1256 4264 C
1426 4214 1458 4264 8
1487 4214 1655 4280 perdit
1692 4223 1954 4264 accentum
1993 4217 2181 4266 ssexum
2218 4225 2264 4265 et
2302 4218 2469 4266 ABG
2639 4218 2702 4268 12
2745 4221 2794 4267 in
2833 4215 3016 4282 Probo]

441 4289 598 4335 instit.
639 4294 740 4337 art.
771 4302 824 4348 p.
869 4286 986 4348 147,
1015 4286 1084 4338 A:
1123 4285 1189 4345 ef.
1233 4284 1435 4333 cledon.
1465 4302 1520 4349 p.
1559 4283 1690 4333 1933
1836 4285 1899 4334 14
1939 4287 2029 4335 iste
2064 4287 2317 4350 A(?)Bc
2342 4281 2559 4336 donatus
2599 4303 2707 4338 ,θα
2752 4289 2847 4336 iste
2876 4304 2909 4336 a

440 4366 487 4404 et
524 4356 826 4404 accusatinis
868 4357 908 4404 C
1048 4354 1111 4405 15
1152 4354 1372 4402 Donatus
1407 4370 1497 4404 om.
1536 4353 1651 4412 BC,
1693 4362 1991 4415 expunctum
2031 4364 2107 4406 est
2142 4360 2190 4406 in
2227 4360 2276 4405 A
2420 4356 2532 4421 plus
2568 4373 2660 4406 om.
2711 4360 2785 4422 A,
2825 4359 2948 4410 add.
2989 4374 3023 4407 a

585 4425 649 4475 19
679 4426 855 4487 loquor
894 4433 946 4472 ut
981 4425 1050 4472 illi
1092 4423 1160 4474 C:
1207 4426 1362 4489 Very.
1398 4426 1523 4474 Aen.
1569 4425 1631 4472 Vl
1674 4425 1773 4474 160
1880 4428 1945 4474 22
1984 4428 2046 4476 ab
2082 4441 2141 4476 eo
2173 4428 2307 4490 quod
2346 4437 2421 4475 est
2455 4427 2535 4476 Ga
2575 4427 2737 4476 liabeo
2774 4428 2909 4490 quod
2946 4439 3023 4476 est
3072 4471 3075 4472 γ

445 4496 492 4543 B
528 4495 688 4546 habco
727 4496 847 4558 quid
886 4502 960 4543 est
998 4494 1046 4542 Α
1187 4497 1252 4544 24
1291 4493 1443 4560 cauti]
1480 4496 1599 4544 certi
1629 4495 1792 4545 ΑΒΘ
1854 4542 1860 4548 .
1928 4497 1995 4547 26
2033 4500 2172 4563 ipsae
2208 4497 2612 4564 praepositiones
2654 4498 3024 4548 Lindemannus

442 4567 585 4629 ipsae
620 4566 1000 4629 conpositiones
1032 4564 1196 4615 ABG
1297 4565 1361 4616 31
1401 4580 1645 4630 praesens
1673 4580 1765 4614 sna
1805 4565 1977 4633 eulpa]
2020 4569 2210 4622 Horat.
2244 4569 2391 4630 episc.
2430 4568 2449 4614 Ι
2489 4567 2581 4630 18,
2616 4566 2703 4616 79.
2742 4583 2893 4631 quem
2930 4581 3023 4617 sua

443 4635 593 4699 eulpa
623 4643 833 4699 premet,
867 4635 1107 4697 deceptus
1140 4636 1309 4684 omitte
1345 4637 1491 4688 tueri.
1527 4640 1752 4700 ememplo
1787 4636 1995 4687 Horatii
2020 4638 2111 4688 hoc
2142 4640 2337 4688 videtur
2364 4638 2587 4698 probare
2619 4640 2832 4688 voluisse
2852 4653 3022 4702 qram-

440 4707 664 4756 mancus.
694 4706 863 4756 omitte
899 4705 1126 4755 similiter
1160 4707 1261 4755 dici
1295 4721 1356 4757 ac
1392 4706 1603 4764 dimitte,
1639 4714 1689 4755 et
1715 4715 2004 4772 correptam
2031 4724 2140 4758 esse
2169 4709 2587 4775 praepositionem
2613 4723 2681 4758 ,οε
2714 4709 2781 4772 cf.
2807 4708 3012 4761 Cledon.

439 4792 493 4843 p.
534 4774 666 4826 1935
