3541 5564
505 291 632 356 384
1595 292 2000 353 CONSENTII

561 414 602 455 p.
630 404 746 442 20⁷3.
774 403 823 442 74
853 401 894 441 r.

509 485 896 564 praeteritum
950 484 1346 562 inperfectum
1405 482 1639 541 diverso
1696 481 1870 541 modo
1936 480 2206 541 efferunt.
2294 501 2431 542 nam
2476 501 2543 542 ea
2588 502 2738 562 quae
2785 503 2816 541 e
2864 491 2998 543 autc
3046 504 3080 541 ο

417 618 422 639 ι
507 585 730 647 babent
786 586 1014 646 adiecta
1073 585 1144 644 ad
1201 586 1615 665 imperativum
1673 583 1807 643 bam
1865 582 2087 662 syllaba
2143 585 2371 649 faciunt
2423 588 2815 664 praeteritum
2880 588 3079 665 inper-

509 692 758 758 fectum,
816 694 883 747 ut
939 688 1084 748 adeo
1141 687 1234 747 adi
1296 687 1551 747 adibam.
1640 704 1710 746 ea
1767 702 1905 746 vero
1964 703 2113 765 quae
2171 688 2189 746 i
2246 686 2469 747 habent
2525 695 2659 748 ante
2707 690 3081 748 novissimam

489 792 767 855 ‘litteram
828 810 944 851 non
1002 790 1189 850 solum
1235 787 1369 850 bam
1427 789 1709 869 syllabam
1759 790 2112 868 imperativo
2149 789 2400 859 addunt,
2450 797 2514 849 ut
2555 792 2946 869 praeteritum
2993 793 3081 850 in-

513 896 842 975 perfectum
899 894 1149 962 faciant,
1208 892 1309 952 sed
1368 893 1546 952 etiam
1605 893 1719 971 ipsi
1779 890 2034 970 syllabae
2094 910 2126 950 e
2182 892 2529 970 productam
2572 901 2973 972 praeponunt,
3022 898 3135 951 ut5

514 997 689 1057 audio
757 996 891 1056 audi
959 993 1303 1063 audiebam,
1371 996 1571 1053 nutrio
1627 995 1790 1053 nutri
1846 991 2216 1065 nutriebam;
2273 995 2429 1073 quod
2487 1001 2547 1054 et
2601 997 2796 1073 ipsum
2856 1003 3088 1055 veteres

515 1098 785 1177 exemplo
831 1099 1158 1176 superioris
1202 1096 1622 1157 declinationis
1653 1096 1966 1156 brevitatis
2010 1113 2183 1156 causa
2231 1095 2452 1176 absque
2498 1115 2529 1155 e
2576 1096 2774 1157 littera
2822 1097 3085 1175 profere-

516 1202 689 1270 bant,
750 1208 816 1260 ut
873 1200 1026 1280 apud
1070 1199 1383 1277 Virgilium
1438 1199 1691 1277 legimus
1748 1202 1995 1277 ‘quem
2051 1200 2313 1257 matris
2368 1198 2453 1258 ab
2512 1197 2741 1259 ubere
2801 1207 3087 1279 raptum

515 1302 965 1365 nutribant’.
1054 1304 1300 1363 tertium
1354 1301 1499 1362 illud
1555 1320 1770 1362 novum
1831 1307 1948 1369 est,
2006 1301 2163 1379 quod
2221 1320 2289 1361 ea
2333 1320 2484 1380 quae
2530 1320 2561 1359 e
2608 1301 2830 1362 babent
2875 1309 3011 1363 ante
3056 1324 3090 1359 ο

519 1405 783 1465 ultimam
838 1406 1106 1465 futurum
1161 1404 1465 1464 indicativi
1523 1410 1583 1463 et
1638 1406 1699 1464 in
1746 1423 1837 1463 am
1885 1411 1945 1463 et
1988 1406 2049 1464 in
2097 1404 2172 1463 bo
2217 1406 2487 1472 mittunt,
2534 1410 2600 1463 ut
2644 1405 2849 1464 adeam
2894 1404 3088 1473 adibo,
3118 1422 3168 1461 ιο

519 1509 673 1567 sicut
727 1510 842 1567 iam
904 1507 1078 1586 paulo
1134 1514 1269 1566 ante
1334 1506 1618 1575 diximus;
1679 1513 1738 1565 et
1796 1508 2098 1585 participii
2156 1505 2612 1565 declinationem
2678 1525 2793 1567 non
2838 1507 3092 1567 similem

521 1609 824 1670 exhibent.
873 1628 1009 1669 nam
1039 1610 1437 1669 nominativus
1467 1614 1694 1667 tantum
1724 1610 2160 1686 coniugationis
2190 1608 2452 1668 litteram
2486 1610 2731 1678 retinet,
2767 1617 2829 1670 ut
2857 1616 3119 1697 transeo·

521 1714 844 1782 transiens,
893 1718 1207 1791 praetereo
1251 1711 1654 1789 praeterienS,
1704 1709 1853 1769 abeo
1900 1710 2143 1778 abiens;
2200 1712 2381 1769 ceteri
2431 1728 2572 1769 vero
2617 1728 2788 1771 casus
2833 1712 3093 1773 litteram

521 1820 779 1883 mutant,
849 1821 914 1873 ut
981 1814 1347 1873 transeuntis
1412 1812 1704 1872 abeuntis.
1796 1830 1867 1872 ex
1924 1812 2019 1872 his
2074 1818 2320 1891 apparet
2379 1814 2573 1873 omnia
2636 1812 2814 1873 verba
2869 1816 3094 1893 primae

524 1935 811 1997 personae
856 1917 1191 1996 praesentis
1235 1917 1525 1995 temporis
1568 1915 1875 1975 indicativi
1922 1914 2110 1984 modi,
2160 1917 2273 1974 nisi
2316 1914 2605 1976 defectiva
2638 1917 2786 1985 sint,
2833 1936 2867 1976 o
2898 1916 3095 1977 littera
3124 1930 3174 1970 15

509 2021 863 2098 terminari,
924 2018 1289 2096 eandemque
1343 2017 1605 2078 litteram
1659 2017 1939 2096 praecedi
1986 2017 2074 2076 vel
2121 2035 2153 2076 a
2186 2004 2502 2078 'vocalibus
2546 2036 2577 2077 e
2624 2020 2644 2077 i
2692 2037 2760 2087 u,
2819 2025 2880 2078 ut
2924 2017 3101 2078 sedeo

526 2123 683 2185 lanio
729 2140 868 2191 ruo,
915 2120 1004 2181 vel
1052 2140 1082 2180 a
1130 2119 1432 2180 vocalibus
1474 2120 1604 2180 loco
1648 2121 2097 2180 consonantium
2141 2120 2353 2198 positis
2407 2118 2497 2179 vel
2544 2140 2575 2179 a
2621 2120 3100 2193 consonantibuS,

527 2226 791 2304 exceptis
837 2230 1032 2283 tamen
1079 2223 1106 2281 s
1145 2222 1181 2282 k
1228 2242 1295 2301 q,
1343 2229 1409 2282 ut
1453 2220 1587 2282 labo
1633 2239 1777 2280 voco
1821 2220 1965 2281 cado
2008 2220 2139 2298 lego
2191 2220 2361 2281 traho
2392 2223 2485 2283 aio
2515 2223 2737 2301 inpello
2783 2241 2913 2283 amo
2958 2240 3103 2282 cano

528 2328 726 2406 scalpo
772 2345 912 2386 voro
956 2327 1083 2385 viso
1128 2330 1297 2384 verto
1340 2325 1472 2384 vivo
1518 2341 1670 2384 nexo
1716 2325 1964 2404 patrizo.
2034 2325 2228 2383 evenit
2276 2329 2471 2383 tamen
2517 2330 2582 2384 ut
2625 2326 2685 2384 in
2732 2328 2923 2404 prima
2969 2343 3103 2404 per-

528 2448 669 2490 sona
717 2428 829 2488 alio
886 2434 1059 2507 atque
1118 2426 1232 2487 alio
1289 2425 1464 2486 modo
1521 2426 1767 2486 verbum
1812 2427 2077 2495 finiatur,
2126 2424 2343 2504 quibus
2387 2426 2579 2486 modis
2623 2429 2801 2488 etiam
2846 2427 3101 2487 secunda
3131 2445 3182 2483 20

528 2549 782 2613 persona
837 2531 900 2589 in
958 2530 1370 2606 coniugatione
1427 2528 1768 2607 respondet.
1861 2528 2115 2588 dicimus
2170 2529 2329 2587 enim
2386 2529 2552 2588 servo
2608 2536 2669 2589 et
2724 2530 2955 2599 ferveo;
3003 2529 3105 2588 sed

531 2636 696 2694 servo
740 2633 980 2692 tertiam
1036 2633 1513 2709 coniugationem
1569 2631 1744 2699 facit,
1804 2631 2007 2690 ferveo
2068 2630 2404 2691 secundam.
2495 2634 2636 2691 item
2684 2630 2845 2712 illlud
2890 2633 3106 2700 evenit,

533 2742 599 2797 ut
641 2733 858 2796 similia
903 2733 1084 2795 verba
1139 2735 1201 2793 in
1259 2734 1450 2813 prima
1493 2750 1747 2812 persona
1806 2733 2111 2795 indicativi
2173 2733 2329 2794 modi
2376 2733 2697 2795 dissimiles
2740 2735 2960 2812 figuras
3003 2752 3110 2813 pro

533 2839 628 2899 his
673 2836 1240 2914 significationibuS,
1299 2853 1446 2915 quas
1501 2835 1769 2896 diversae
1828 2842 2073 2896 naturae
2133 2834 2335 2897 verbis
2380 2836 2694 2907 exhibent,
2743 2840 2808 2897 in
2852 2838 3110 2898 declina-

451 3006 460 3013 ,
533 2939 798 3001 tionibus
852 2946 1114 3007 sumant,
1173 2944 1237 2997 ut
1293 2945 1384 2997 est
1439 2938 1633 3017 pando
1690 2945 1749 2997 et
1806 2956 1958 2997 sero.
2048 2938 2277 2999 faciunt
2332 2941 2492 2999 enim
2537 2941 2929 3019 praeteritum
2973 2958 3109 3019 per·
3137 2955 3191 2997 25

521 3045 757 3104 ¹sectum
802 3040 980 3120 pandi
1026 3047 1085 3099 et
1129 3040 1411 3118 pandavi,
1459 3042 1617 3100 serui
1666 3047 1725 3099 et
1769 3042 1982 3100 seravi.
2072 3042 2215 3100 item
2261 3060 2292 3100 e
2335 3043 2633 3101 contrario
2678 3043 2739 3101 in
2784 3044 2977 3121 prima
3019 3044 3110 3102 in-

538 3144 779 3204 dicativi
829 3160 1080 3222 persona
1127 3142 1306 3202 verba
1352 3143 1663 3203 dissimilia
1693 3144 2007 3222 praeteriti
2039 3145 2323 3222 temporis
2353 3143 2851 3205 declinationibus
2893 3144 3110 3204 similia

540 3247 912 3314 efficiuntur,
961 3251 1028 3303 ut
1071 3252 1162 3305 est
1206 3244 1374 3305 luceo
1419 3245 1621 3322 lugeo:
1670 3246 1897 3305 faciunt
1941 3247 2101 3306 enim
2147 3254 2396 3325 utraque
2444 3246 2588 3307 luxi.
2645 3248 2790 3306 item
2833 3263 3015 3306 cerno
3058 3253 3119 3305 et

540 3366 743 3409 cresco
788 3348 1017 3407 faciunt
1059 3349 1248 3416 crevi,
1307 3354 1367 3406 et
1422 3347 1634 3408 incedo
1690 3355 1749 3408 et
1801 3350 2034 3408 incesso
2079 3349 2308 3408 faciunt
2352 3351 2741 3428 praeteritum
2784 3350 3112 3428 perfectum

539 3451 780 3512 incessi.
3139 3469 3193 3511 ao

715 3550 918 3632 Restat
971 3568 1127 3612 nunc
1185 3557 1250 3611 ut
1294 3551 1441 3611 illud
1486 3551 1931 3621 admoneamuS,
1991 3570 2110 3613 non
2155 3554 2353 3613 omnia
2395 3552 2575 3614 verba
2621 3552 2990 3633 quibuslibet
3030 3555 3116 3613 es·

545 3656 690 3714 ferri
737 3652 974 3714 casibus
1015 3672 1208 3733 posse.
1296 3661 1435 3714 sunt
1478 3655 1638 3713 enim
1685 3654 1865 3715 verba
1909 3673 2059 3734 quae
2105 3657 2429 3732 genitivum
2485 3674 2718 3725 casum,
2774 3662 2914 3718 sunt
2966 3674 3117 3735 quae

545 3757 803 3818 dativum
828 3802 843 3825 ,
889 3762 1027 3815 sunt
1055 3774 1205 3835 quae
1239 3757 1666 3825 accusativum,
1711 3764 1850 3817 sunt
1880 3775 2030 3836 quae
2063 3756 2410 3827 ablativum,
2440 3765 2579 3818 sunt
2619 3777 2768 3838 quae
2800 3759 3117 3838 septimum

687 3960 720 4011 8
746 3957 916 4027 quem]
962 3961 1120 4025 Ver-9.
1159 3961 1284 4011 Aen.
1324 3958 1539 4009 vl1484
1679 3958 1713 4007 9
1750 3958 2040 4009 nutriebant
2072 3975 2210 4013 corr.
2244 3961 2497 4010 nutribant
2542 3962 2586 4011 L
2727 3962 2787 4013 11
2828 3971 2876 4011 ct
2912 3962 2965 4011 in
3003 3976 3120 4026 par-

546 4031 731 4096 ticipiis
763 4030 853 4080 M.
882 4030 951 4094 cf.
977 4030 1170 4081 Charis.
1196 4044 1248 4091 p.
1275 4028 1389 4093 173,
1421 4029 1471 4077 7.
1512 4028 1631 4090 261,
1673 4028 1736 4079 13
1851 4029 1911 4081 13
1953 4029 2230 4081 litteratura
2265 4039 2524 4081 mutantur
2550 4031 2600 4080 B
2710 4033 2771 4084 16
2805 4031 2959 4081 sedeo
2991 4031 3122 4081 lanio

549 4117 641 4150 ruo
682 4100 900 4166 (sedpeo
937 4101 1083 4150 inruo
1121 4098 1257 4148 lanio
1284 4098 1361 4161 B)
1407 4098 1488 4148 uel
1527 4113 1557 4147 a
1596 4100 1993 4149 consonantibus
2025 4102 2103 4150 uel
2142 4100 2404 4151 uocalibus
2444 4102 2552 4151 loco
2588 4100 2788 4165 (lot-oq·
2828 4101 2900 4164 L)
2942 4116 3122 4151 conso·

554 4172 778 4222 nantium
815 4170 997 4235 positis
1033 4171 1263 4234 exeeptis
1295 4169 1404 4219 BL
1511 4168 1575 4219 18
1608 4168 1753 4219 traho
1792 4170 1980 4219 adiuuo
2018 4171 2099 4220 aio
2141 4171 2251 4220 BL
2357 4185 2471 4221 amo
2503 4171 2673 4237 scalpo
2710 4185 2835 4221 cano
2872 4186 2997 4220 uoro
3035 4171 3123 4221 M.-

549 4257 665 4292 amo
697 4240 870 4305 acolpo
909 4254 1033 4289 cano
1061 4247 1176 4303 peto
1209 4239 1325 4288 laxo
1353 4254 1440 4289 aro
1477 4238 1646 4288 euenit
1687 4239 1732 4288 L
1762 4254 1875 4289 amo
1914 4240 2089 4306 scalpo
2120 4255 2245 4290 cano
2277 4238 2439 4302 (corr.
2473 4257 2600 4291 cano
2627 4240 2828 4307 scalpo)
2854 4249 2902 4290 et
2932 4240 3125 4305 reliqua

550 4311 721 4362 euenit
759 4310 806 4359 B
945 4311 1012 4361 22
1049 4310 1169 4358 item
1201 4306 1348 4377 illud]
1391 4310 1528 4359 aliud
1565 4309 1653 4358 Μ.
1691 4310 1762 4368 cs.
1798 4310 1993 4360 Charis.
2031 4326 2082 4373 p.
2124 4310 2242 4368 256.
2282 4311 2341 4358 12
2379 4311 3120 4392 Ser9.exp1avq.p.557.11

688 4379 755 4430 23
799 4379 1061 4430 iudicatiui
1112 4379 1244 4428 modi
1282 4380 1333 4430 in
1381 4381 1542 4447 prima
1592 4394 1812 4443 persona
1856 4377 2041 4430 BML
2217 4381 2285 4431 25
2323 4380 2515 4431 fuciunt
2548 4382 2873 4462 praeteritum
2908 4380 2973 4441 M
3005 4379 3127 4429 facit

551 4450 876 4516 praeteritum
903 4450 954 4500 B
986 4448 1112 4499 sacis
1154 4452 1285 4499 enim
1321 4452 1649 4514 praeteritum
1673 4453 1720 4501 L
1861 4450 1927 4501 26
1952 4450 2105 4515 pandi
2136 4450 2343 4515 pandiui
2380 4461 2430 4501 et
2462 4452 2563 4500 seri
2593 4462 2641 4501 et
2683 4451 2854 4500 serani
2888 4453 2935 4501 L
2972 4448 3126 4516 pandi

554 4520 778 4585 pandaui
822 4521 925 4570 seri
962 4523 1121 4578 (corr.
1162 4522 1324 4584 serui)
1359 4523 1460 4571 seri
1487 4521 1653 4571 serani
1683 4519 1772 4569 M:
1794 4519 2022 4582 fortasse
2055 4521 2191 4569 serui
2228 4523 2337 4570 sevi
2374 4531 2423 4571 et
2453 4522 2619 4571 seravi
2739 4517 2878 4586 item]
2928 4518 3125 4571 Charis.

548 4606 603 4653 p.
646 4590 768 4649 247,
806 4590 891 4645 22
924 4588 1073 4657 Serq.
1116 4592 1323 4657 explan.
1359 4592 1570 4654 p.557,
1612 4589 1675 4641 13
1818 4590 1883 4641 32
1920 4599 2040 4640 sunt
2074 4591 2207 4640 enim
2242 4591 2398 4641 uerba
2435 4606 2564 4654 quae
2596 4590 2805 4654 genitiui
2838 4599 2956 4639 sunt
2999 4604 3128 4653 quae

554 4660 713 4709 datiui
744 4674 893 4709 casus
924 4671 1040 4711 sunt
1074 4670 1192 4711 sunt
1224 4662 1530 4712 accusemini
1563 4675 1691 4725 quae
1729 4668 1777 4708 et
1810 4662 2079 4723 septimum
2116 4675 2290 4710 casum
2335 4671 2517 4728 regunt
2557 4659 2621 4710 M
2664 4668 2781 4709 sunt
2825 4661 2960 4710 enim
3000 4674 3129 4723 quae

556 4730 836 4794 genitiuum
870 4740 986 4780 aunt
1023 4746 1151 4794 quae
1189 4731 1412 4782 datiuum
1450 4743 1568 4781 sunt
1605 4745 1734 4794 quae
1758 4732 2028 4795 septimum
2059 4739 2235 4794 regant
2260 4730 2309 4780 B
2345 4740 2460 4781 sunt
2495 4731 2629 4780 enim
2666 4743 2796 4794 quae
2833 4731 3128 4798 genetiuum

558 4814 730 4849 casum
766 4810 884 4850 sunt
920 4816 1048 4864 quae
1087 4801 1244 4853 datin.
1284 4817 1387 4854 cas.
1430 4809 1546 4851 suut
1576 4814 1705 4863 quae
1737 4799 2011 4865 septimum
2042 4808 2223 4867 regant
2252 4801 2299 4849 L
