3541 5564
377 1529 472 1577 172
498 1529 559 1577 V.

372 3442 464 3490 167
493 3403 553 3493 is.

590 376 715 440 626
1699 379 2058 442 MACROBu

642 500 685 539 p.
715 489 828 529 2764.
860 488 910 529 65
937 486 983 529 P.

586 586 822 646 semper
869 570 930 628 in
975 586 1075 629 sco
1107 570 1364 647 quiescit
1409 567 1538 646 (nec
1585 577 1779 629 tamen
1824 570 2020 628 omnia
2063 570 2125 628 in
2169 587 2270 630 sco
2315 568 2649 629 inchoativa
2693 567 2850 648 sunt)
2899 576 2957 629 et
3004 587 3157 629 sem-

589 688 724 749 per,
783 669 922 730 dum
967 672 1047 731 sit
1090 670 1446 739 derivativa,
1507 672 1715 731 tertiae
1761 671 2197 747 coniugationis
2252 673 2383 731 [ieri
2439 673 2692 747 cogitur.
2781 670 2927 729 haec
2970 672 3159 731 forma

588 774 974 852 praeteritum
1019 774 1210 833 nescit
1254 771 1472 831 habere
1516 781 1752 852 tempus
1809 773 2164 852 perfectum.
2253 772 2393 851 quid
2440 774 2599 832 enim
2647 771 2819 832 simul
2866 781 2924 831 et
2968 771 3158 832 adhuc

588 876 851 953 incipere
897 884 957 935 et
999 876 1117 934 iam
1160 875 1517 953 praeterisse
1562 873 1832 935 dicatur?
1877 874 2027 934 hanc
2056 892 2291 954 quoque
2335 876 2582 934 formam
2613 883 2751 934 sunt
2781 876 2882 953 qui
2916 874 3159 935 Graecis

588 976 941 1036 familiarem
994 976 1225 1045 dicant,
1291 975 1637 1036 adserentes
1701 976 1812 1036 hoc
1880 994 2009 1036 esse
2062 974 2461 1056 μελαίνομαι
2517 969 2629 1035 καὶ
2683 974 3157 1055 θερμαίνομαι,
3182 991 3212 1030 ε»

589 1077 743 1157 quod
789 1085 879 1138 est
920 1079 1194 1155 nigresco
1238 1085 1296 1137 et
1341 1077 1589 1137 calesco.
1679 1078 1785 1138 sed
1841 1077 1996 1157 apud
2051 1075 2182 1138 iilos
2237 1094 2472 1155 quoque
2515 1078 2708 1156 aliqua
2753 1077 2930 1137 huius
2973 1078 3158 1154 signi·

588 1181 878 1241 ficationis
934 1182 995 1238 in
1041 1192 1178 1239 σκω
1224 1181 1388 1239 exire
1434 1179 1827 1248 contendunt,
1888 1177 2168 1240 τελίσκω
2203 1178 2515 1258 «γαμίσκω
2559 1173 2905 1255 τιτρώσκω
2949 1172 3160 1257 γηρώ-

589 1294 749 1342 σκω.
829 1266 1123 1341 διδὶέσκω
1170 1288 1393 1350 autem,
1441 1281 1580 1342 licet
1624 1281 1896 1341 eiusdem
1942 1282 2075 1342 finis
2117 1282 2215 1350 sit,
2262 1300 2437 1341 nemo
2485 1264 2681 1341 tamen
2725 1280 3056 1359 perfectum
3099 1285 3162 1338 et

588 1402 703 1443 non
750 1383 1149 1443 inchoativum
1195 1402 1323 1443 esse
1369 1382 1678 1445 dubitavit.
1728 1379 1735 1463 Ι

755 1519 838 1579 De
882 1520 1329 1597 frequentativa.
1406 1520 1839 1597 frequentativa
1885 1521 2073 1580 forma
2119 1519 2471 1599 compendio
2517 1518 2833 1580 latinitatis
2876 1516 3158 1595 obsequi·
3188 1535 3237 1572 ω

590 1629 712 1691 tur,
760 1639 894 1680 cum
939 1638 1055 1680 uno
1101 1620 1282 1680 verbo
1327 1622 1862 1700 frequentationem
1894 1621 2422 1683 administrationis
2452 1621 2731 1682 ostendit.
2791 1620 2938 1679 haec
2970 1620 3161 1678 forma

588 1741 701 1782 non
750 1741 1067 1802 numquam
1114 1740 1229 1782 uno
1273 1722 1487 1799 gradu,
1537 1741 1653 1782 non
1686 1741 2005 1802 numquam
2038 1723 2267 1784 duobus
2299 1723 2632 1791 derivatur,
2681 1729 2747 1782 ut
2790 1740 2939 1781 cano
2983 1727 3159 1779 canto

586 1826 837 1894 cantito;
884 1842 993 1883 nec
1038 1831 1235 1884 tamen
1280 1832 1368 1884 est
1411 1826 1473 1883 in
1505 1824 1941 1903 posterioribus
1962 1827 2159 1886 ‘maior
2202 1845 2376 1904 quam
2423 1828 2483 1885 in
2529 1823 2833 1903 prioribus
2878 1823 3156 1901 frequen-

586 1928 829 1986 tationis
874 1928 1212 2004 expressio,
1259 1928 1413 1986 sicut
1457 1946 1567 1986 nec
1611 1928 1680 1987 in·
1706 1927 2078 1988 diminutivis
2110 1927 2404 1987 secundus
2449 1927 2670 2004 gradus
2713 1927 2908 1985 minus
2954 1925 3164 2003 priore

586 2030 907 2106 significat,
964 2046 1110 2087 anus
1165 2027 1338 2089 anula
1395 2028 1648 2089 anicula.
1738 2036 2007 2090 sternuto
2062 2030 2563 2107 frequentativum
2621 2035 2711 2088 est
2765 2046 2798 2086 a
2842 2024 3159 2106 principali
3188 2043 3240 2079 ιε»

586 2137 856 2190 sternuo:
905 2129 1252 2208 Propertius

887 2247 1253 2309 candidus
1298 2256 1655 2326 augustae
1701 2251 2035 2311 sternuit
2078 2268 2285 2310 omen
2331 2250 2559 2311 Amor.

583 2367 748 2448 pulto
804 2376 943 2428 sunt
997 2368 1098 2445 qui
1146 2368 1438 2446 accipiant
1482 2386 1591 2447 pro
1636 2386 1706 2427 eo
1749 2368 1906 2447 quod
1954 2376 2045 2428 est
2088 2366 2259 2449 pulso
2315 2376 2374 2428 et
2431 2361 2822 2446 ἀττικισμόν
2865 2367 3158 2446 quendam

581 2469 889 2531 latinitatis
932 2470 1300 2537 existiment,
1352 2477 1414 2529 ut
1458 2469 1610 2548 apud
1657 2467 1789 2529 illos
1831 2465 2147 2530 θάλασσα
2174 2466 2500 2549 θάλαττα,
2546 2464 2824 2528 πλάσσω
2854 2463 3157 2527 uldam:

583 2571 687 2630 sed
742 2572 972 2649 pultare
1029 2579 1119 2629 est
1172 2590 1346 2649 saepe
1401 2569 1666 2650 pulsare,
1725 2573 1880 2631 sicut
1926 2579 2180 2633 tractare
2227 2581 2316 2633 est
2361 2591 2537 2652 saepe
2581 2571 2840 2631 trahere.
2929 2577 3236 2629 eructatzo

582 2674 1077 2753 frequentativum
1123 2679 1213 2732 est
1257 2692 1288 2732 a
1333 2673 1652 2752 principali
1695 2675 1893 2751 erugit
1934 2693 1971 2728 x·
2030 2674 2292 2752 ‘aquae
2339 2675 2506 2733 vis'.
2597 2681 2656 2734 et
2701 2680 3003 2750 grassatur
3047 2673 3156 2730 ite—

584 2776 736 2835 ratio
767 2781 860 2836 est
889 2794 921 2836 a
951 2774 1247 2852 graditur:
1296 2773 1606 2836 Sallustius
1653 2775 1842 2835 ‘cum
1886 2776 2220 2836 inferior
2248 2777 2441 2837 omui
2475 2778 2587 2837 via
2617 2766 3151 2854 grassaretur&

582 2885 722 2937 sunt
765 2877 1053 2956 quaedam
1108 2876 1287 2937 huius
1341 2879 1566 2939 formae
1612 2879 1741 2937 sine
1788 2877 2115 2952 substantia
2171 2877 2547 2958 principaliS,
2595 2877 2960 2956 cyathissare
3005 2884 3154 2954 tym-

582 2980 889 3058 panissare
945 2978 1355 3060 crotalissare:
1413 2986 1551 3040 sunt
1606 2998 1757 3059 quae
1813 2981 2004 3056 magis
2058 2999 2281 3041 moram
2327 2998 2501 3059 quam
2548 2981 2923 3041 iterationem
2971 2977 3154 3057 expli·

582 3088 745 3149 cant,
804 3081 1273 3160 ‘hastamque
1330 3089 1675 3160 receptat
1736 3081 2033 3143 ossibus
2078 3083 2564 3144 haerentem'.
2653 3083 2751 3142 hic
2796 3083 2955 3140 enim
3001 3080 3232 3138 reci-25

582 3183 786 3261 piendi
832 3182 1149 3243 difficultas
1193 3182 1304 3242 sub
1350 3185 1552 3262 specie
1595 3185 2090 3264 frequentationis
2135 3185 2511 3264 exprimitur.
2602 3183 2754 3243 hanc
2800 3184 3049 3243 formam
3092 3181 3155 3241 in

581 3287 817 3362 graecis
864 3284 1063 3346 verbis
1110 3286 1379 3345 invenire
1425 3303 1541 3345 non
1587 3288 1774 3364 potui.

752 3420 836 3480 De
884 3422 1241 3500 usurpativa.
1310 3422 1461 3481 hanc
1506 3422 1742 3501 quidam
1788 3422 2043 3500 gerundi
2086 3421 2322 3482 modum
2356 3420 2442 3481 vel
2488 3419 2897 3501 participalem
2932 3427 3154 3488 vocant,

580 3523 717 3601 quia
764 3522 944 3583 verba
988 3525 1119 3583 eius
1161 3542 1350 3603 paene
1391 3525 1589 3585 omnia
1634 3523 1853 3585 similia
1897 3526 2231 3603 participiis
2278 3530 2411 3584 sunt
2458 3530 2520 3583 et
2562 3523 2682 3584 sola
2728 3522 3154 3600 significatione

581 3622 880 3690 distantia.
971 3645 1106 3685 nam
1163 3626 1341 3686 ‘vado
1396 3623 1746 3687 salutatum'
1807 3628 1916 3686 hoc
1960 3634 2051 3687 est
2096 3627 2298 3686 dicere
2343 3625 2527 3686 ‘vado
2573 3624 2864 3686 salutare'
2911 3631 3013 3684 aut
3056 3624 3232 3682 ‘utso

580 3724 887 3786 salutem’.
976 3728 1120 3786 item
1175 3727 1278 3788 ‘ad
1335 3728 1703 3789 salutandum
1761 3733 1868 3788 eo’
1927 3729 2304 3807 participium
2362 3746 2492 3787 esse
2550 3729 2668 3787 iam
2730 3727 2979 3795 desinit,
3039 3727 3154 3785 nisi

581 3827 872 3887 adieceris
928 3828 1016 3888 vel
1074 3828 1373 3889 hominem
1429 3829 1519 3889 vel
1576 3832 1859 3890 amicum:
1927 3830 2037 3891 hac
2073 3831 2252 3894 ,enim
2310 3828 2640 3889 adiectione
2686 3828 2990 3908 participii
3039 3829 3155 3886 vim

582 3928 837 3999 tenebit;
868 3930 989 3990 sed
1034 3938 1204 4001 tunc,
1253 3949 1386 3991 cum
1434 3951 1503 3991 ex
1552 3932 1731 3992 verbo
1787 3940 1878 3992 est
1919 3930 2175 3992 habente
2220 3932 2511 4011 passivam
2558 3930 3045 3999 declinationem,
3094 3936 3156 3988 ut

579 4030 685 4091 ‘ad
735 4030 1087 4091 videndum'
1136 4033 1243 4093 ‘ad
1288 4030 1714 4095 salutandum’.
1792 4033 1898 4093 ‘ad
1947 4032 2426 4093 declamandum'
2475 4051 2614 4092 vero
2659 4023 2793 4092 cum
2839 4032 2991 4100 dico,
3040 4050 3155 4091 non

575 4151 818 4212 possum
871 4133 1109 4204 adicere
1154 4132 1346 4204 illum,
1406 4137 1543 4214 quia
1601 4134 1898 4196 declamor
1942 4134 2190 4196 latinum
2237 4154 2354 4195 non
2398 4141 2506 4194 est.
2596 4134 2744 4195 haec
2789 4135 2976 4194 forma
3022 4133 3152 4194 lati·
3181 4150 3235 4191 us

2153 4353 2176 4377 Ι

713 4390 744 4437 6
778 4402 979 4450 quoque
1011 4404 1104 4438 om.
1134 4390 1193 4448 P,
1230 4388 1351 4440 add.
1390 4404 1505 4438 eoec.
1534 4388 1663 4440 Bab.
1806 4390 1836 4438 7
1870 4388 2124 4453 γερασίιω
2158 4390 2207 4438 Ρ
2340 4391 2371 4439 9
2405 4388 2660 4437 dubitabit
2693 4388 2956 4438 Pomanus
3093 4387 3154 4434 15

582 4452 755 4520 annia]
797 4455 949 4504 anilla
976 4457 1022 4504 Ρ
1158 4457 1220 4505 16
1261 4453 1578 4522 Propertius]
1625 4458 1696 4517 li,
1733 4460 1788 4514 3,
1825 4459 1890 4507 24
2027 4459 2089 4507 21
2133 4460 2315 4508 lacuna
2350 4473 2494 4523 quam
2530 4457 2748 4506 indimvi
2782 4456 2976 4505 excidit
3007 4456 3156 4518 prior

576 4540 706 4587 pars
741 4540 914 4573 versus
948 4523 1193 4584 Enniani,
1230 4527 1318 4590 qui
1349 4532 1426 4574 est
1461 4529 1511 4574 in
1547 4541 1663 4579 earo.
1696 4524 1828 4576 Bab.
1869 4543 1925 4590 p.
1962 4527 2057 4576 173
2092 4540 2122 4574 a
2165 4527 2316 4575 verbo
2359 4526 2541 4589 erugit,
2587 4524 2778 4572 Ennius
2824 4523 3156 4585 ‘contempsit

578 4591 746 4640 fontes
772 4592 955 4655 quibus
982 4593 1215 4656 exerugit
1238 4607 1399 4656 aquae
1426 4594 1543 4645 vis'.
1593 4594 1727 4643 unde
1763 4594 1926 4658 erugit
1950 4593 2144 4643 Ennius
2178 4595 2372 4659 ‘erugit
2395 4607 2527 4656 aque
2550 4593 2653 4641 vis'
2679 4593 2894 4642 coniecit
2922 4592 3155 4649 Zeunins,

579 4661 743 4722 erugit
768 4659 959 4709 Ennius
987 4660 999 4684 ‘
1017 4661 1250 4727 exerugit
1272 4677 1435 4723 aquae
1462 4662 1539 4711 vis
1556 4664 1566 4681 ’
1594 4661 1755 4711 Ianus
1858 4664 1924 4711 22
1957 4658 2093 4728 cum]
2123 4661 2242 4710 dnm
2267 4678 2337 4711 ea:
2361 4663 2535 4712 codice
2560 4660 2765 4710 pithoei
2787 4661 2949 4709 edidit
2971 4658 3158 4708 Carrio

580 4726 792 4777 Sallust.
828 4729 1016 4792 fraym.
1050 4746 1105 4793 p.
1143 4731 1245 4779 204
1280 4731 1358 4780 ed.
1402 4730 1555 4782 Ante.
1594 4747 1642 4779 a.
1694 4731 1849 4791 1579,
1897 4747 2038 4794 quem
2081 4731 2267 4796 reliqui
2309 4731 2534 4780 editores
2576 4727 2806 4777 Sallustii
2847 4729 3010 4777 secuti
3042 4733 3157 4775 sunt

680 4797 816 4844 omni
842 4797 890 4843 vi
915 4798 1127 4846 coniecit
1158 4798 1328 4847 Douza
1350 4798 1403 4846 in
1427 4798 1552 4847 Sall.
1577 4798 1649 4860 fr.
1677 4815 1726 4859 p.
1758 4800 1849 4847 141
1879 4799 1960 4851 ed.
1985 4798 2212 4850 Haverc.
2316 4800 2381 4848 23
2407 4798 2682 4862 cyatissare
2706 4796 2759 4846 P
2842 4797 2909 4846 25
2933 4794 3158 4844 hastam·

580 4861 698 4927 que]
738 4864 789 4910 V
786 4881 894 4928 cry.
926 4866 1055 4916 Aen.
1082 4863 1130 4913 X
1154 4867 1252 4915 383
1391 4867 1456 4915 28
1481 4866 1616 4915 modi
1642 4866 1693 4915 Ρ
