3541 5564
1559 356 1701 419 Ans
2840 354 2918 419 13

2523 477 2566 517 p.
2594 463 2799 506 ιδεμ-οε
2825 463 2870 505 P.

288 568 299 583 ⁸
345 545 697 627 proconsule
741 547 947 607 venio'
993 544 1085 606 vel
1131 550 1408 606 ‘carruca
1468 550 1557 604 est
1609 543 2029 623 proconsule’:
2090 552 2383 606 sectantes
2426 543 2919 605 chartulariorum

344 646 815 731 'aliquantorum
845 644 872 731 Η
902 649 1240 727 inperitiam
1276 647 1558 706 deserunt
1602 644 2075 707 doctissimorum
2119 654 2381 707 veterum
2429 648 2487 706 in
2536 654 2661 708 arte
2706 654 2920 708 tracta·
3013 653 3020 660 '

299 758 462 831 „tusz
521 751 741 830 quippe
800 769 932 811 cum
990 751 1147 809 inter
1202 747 1590 810 chartularios
1637 747 2149 827 eloquentissimos
2192 749 2455 828 reperias
2500 748 2783 828 quosdam
2832 749 2922 810 vel

340 871 557 931 paucos
600 852 889 913 indoctos.
982 850 1192 912 melius
1237 868 1379 928 ergo
1426 857 1515 909 est
1568 851 1734 926 sequi
1793 868 1894 910 eos
1949 852 2105 910 inter
2152 867 2300 927 quos
2347 848 2542 911 nullus
2586 852 2921 930 reperiatur

292 972 315 1010 5
342 955 655 1035 inperituS,
702 973 879 1034 quam
924 953 1032 1013 llos
1078 957 1233 1013 inter
1277 971 1426 1032 quos
1468 951 1775 1012 videantur
1821 971 1950 1012 esse
1995 951 2084 1012 vel
2131 952 2321 1031 pauci.
2386 968 2526 1028 ergo
2557 954 2607 1012 si
2640 953 2736 1013 hic
2780 971 2919 1033 pro-

339 1054 576 1116 consule
630 1055 874 1117 voluero
931 1056 1159 1125 dicere,
1220 1053 1532 1114 declinabo
1576 1055 1693 1121 sic,
1742 1054 1876 1132 quia
1924 1054 2037 1113 erit
2079 1060 2494 1133 monoptoton:
2562 1056 2921 1115 nominativo

341 1156 431 1217 hic
476 1156 862 1237 proconsule,
921 1157 1195 1241 genetivo
1240 1156 1416 1216 huius
1461 1154 1848 1235 proconsule,
1898 1154 2090 1216 dativo
2134 1155 2274 1216 huic
2318 1155 2701 1237 proconsule,
2750 1174 2920 1217 accu-

337 1260 518 1321 sativo
574 1258 734 1320 hunc
790 1257 1178 1341 proconsule.
1238 1260 1500 1320 vocativo
1558 1278 1592 1317 ο
1648 1256 2031 1337 proconsule,
2094 1257 2346 1318 ablativo
2392 1257 2465 1318 ab
2511 1258 2623 1318 hoc
2670 1277 2921 1337 procon-

337 1360 478 1421 sule.
572 1360 712 1440 quid
760 1379 902 1438 ergo
948 1379 1079 1421 cum
1128 1379 1159 1420 a
1206 1378 1299 1419 mc
1345 1361 1664 1439 quaesierit
1720 1348 2027 1438 quisquam
2086 1362 2222 1437 ‘qui
2265 1360 2657 1439 processit?',
2707 1378 2920 1439 nempe

267 1484 312 1525 ιο
339 1461 601 1523 dicturus
657 1481 787 1522 sum
843 1460 1224 1542 proconsule;
1295 1460 1404 1520 ‘de
1458 1462 1624 1521 cuius
1677 1464 1976 1541 praetorio
2033 1463 2266 1522 venis?’
2333 1444 2719 1542 proconsule;
2788 1463 2921 1522 ‘cui

335 1562 600 1624 libellum
648 1562 985 1625 obtulistii’
1029 1561 1413 1644 proconsule;
1474 1566 1685 1641 ‘quem
1746 1562 1936 1624 vidisti
1992 1562 2490 1644 procedentem?’
2535 1563 2916 1643 proconsule;

333 1666 512 1726 ‘voca
571 1665 736 1727 illum
792 1665 1033 1726 nomine
1088 1667 1249 1733 suo',
1311 1661 1321 1744 1
1383 1683 1417 1724 o
1475 1663 1863 1744 proconsule;
1922 1669 1986 1725 ‘a
2044 1685 2163 1746 quo
2220 1684 2393 1726 causa
2449 1673 2544 1725 tua
2594 1666 2919 1726 examinata

338 1769 493 1828 est‘?’
541 1785 580 1827 a
625 1766 995 1848 proconsule.
1088 1766 1216 1826 vide
1262 1784 1436 1846 quam
1486 1767 1564 1827 sit
1607 1767 1931 1828 absurdum
1979 1786 2086 1847 per
2132 1774 2218 1828 tot
2261 1787 2430 1829 casus
2476 1787 2700 1828 errare.
2763 1767 2917 1848 quod

334 1871 383 1929 si
430 1870 673 1931 voluero
717 1876 882 1930 recte
930 1868 1260 1939 declinare,
1308 1870 1393 1928 sic
1424 1867 1736 1929 declinabo
1783 1869 2032 1949 simplex
2078 1887 2325 1938 nomen,
2373 1889 2490 1948 quo
2536 1868 2712 1930 modo
2758 1889 2919 1930 com-

264 1990 311 2030 15
336 1973 617 2050 positum,
677 1973 811 2051 quia
868 1971 1258 2053 praepositio,
1314 1972 1363 2031 si
1420 1969 1580 2031 illam
1626 1988 1742 2031 uon
1793 1980 2074 2051 sequatur
2119 1990 2293 2032 casus
2337 1990 2508 2041 suuS,
2565 1970 2917 2051 perditvim

335 2090 499 2134 suam
547 2081 605 2133 et
649 2075 857 2134 transit
902 2075 963 2133 in
1021 2091 1257 2134 nomen.
1334 2072 1645 2133 declinabo
1689 2073 1869 2150 igitur
1914 2072 2163 2153 simplex
2209 2092 2425 2134 nomen
2473 2075 2592 2143 sic,
2652 2075 2917 2134 nomina·

333 2176 452 2235 tivo
505 2174 602 2236 hic
657 2174 892 2244 consul,
948 2175 1221 2253 genetivo
1277 2174 1450 2236 huius
1505 2173 1794 2245 consuliS,
1851 2174 2044 2235 dativo
2097 2174 2236 2235 huic
2280 2173 2537 2244 consuli,
2586 2177 2918 2237 accusativo

335 2276 490 2338 hunc
537 2275 867 2345 consulem,
915 2278 1177 2338 vocativo
1223 2295 1257 2337 o
1303 2275 1537 2346 consul,
1586 2275 1836 2337 ablativo
1882 2276 1955 2338 ab
2000 2276 2113 2337 hoc
2158 2275 2420 2338 consule.
2482 2276 2553 2337 ad
2599 2277 2753 2339 hanc
2797 2279 2917 2339 for·

336 2397 488 2440 mam
546 2381 938 2459 compositum
995 2377 1386 2449 declinamus,
1445 2379 1804 2440 nominativo
1863 2374 1960 2440 hic
2016 2377 2364 2459 proconsul,
2423 2382 2694 2458 genetivo
2743 2381 2919 2441 huius

266 2500 313 2540 2⁰
338 2480 735 2560 proconsulis,
784 2481 977 2541 dativo
1009 2479 1148 2541 huic
1179 2479 1548 2561 proconsuli,
1595 2483 1926 2542 accusativo
1973 2481 2128 2542 hunc
2172 2481 2621 2561 proconsulem,
2655 2485 2918 2544 vocativo

337 2604 370 2643 o
412 2582 750 2663 proconsul,
798 2581 1050 2643 ablativo
1094 2584 1169 2643 ab
1213 2583 1326 2643 hoc
1370 2581 1741 2663 proconsule.
1806 2601 2022 2644 nomen
2073 2592 2164 2644 est
2208 2586 2364 2645 enim
2413 2584 2712 2663 dignitatis
2756 2604 2914 2657 suae,

337 2705 453 2746 non
508 2694 672 2746 actus
728 2684 1031 2746 cuiusdam
1088 2687 1204 2755 rei,
1262 2684 1351 2745 vel
1412 2684 1547 2745 belli
1604 2684 1942 2765 specialiter
1998 2686 2112 2746 sibi
2168 2686 2446 2748 mandati.
2537 2686 2694 2766 quod
2748 2689 2797 2748 si
2843 2685 2917 2748 ad

336 2797 492 2850 tanta
541 2784 553 2871 1
602 2790 938 2849 testimonia
995 2788 1360 2864 persuadere
1417 2790 1704 2867 pertinaci
1759 2806 1878 2848 non
1926 2807 2107 2868 queo,
2157 2789 2411 2850 sufficiat
2454 2788 2539 2849 illi
2585 2789 2654 2849 ad
2701 2792 2914 2851 confir-

338 2890 608 2952 mandam
666 2889 906 2969 regulae
963 2889 1330 2969 qualitatem,
1389 2890 1545 2969 quod
1606 2889 1896 2970 simplicia
1943 2893 2213 2962 nomina,
2262 2894 2322 2953 in
2371 2911 2485 2972 qua
2531 2891 2749 2971 syllaba
2796 2902 2916 2954 ter·
3006 2955 3016 2963 ,

263 2995 687 3054 2511ninaverint
741 2994 1193 3060 nominativum,
1250 2993 1309 3051 in
1369 2992 1616 3053 eandem
1686 2994 1925 3052 mittunt
1988 3012 2091 3055 sua
2159 2996 2512 3074 composita,
2581 3003 2645 3054 ut
2700 2995 2917 3056 decens

334 3091 646 3169 indecens,
709 3101 918 3175 potens
968 3095 1275 3174 inpotenS,
1335 3101 1572 3155 curator
1626 3101 2006 3173 procurator,
2065 3097 2144 3156 ita
2203 3105 2261 3157 et
2314 3096 2516 3157 consul
2575 3099 2912 3177 proconsul.

335 3197 552 3258 deinde
598 3195 825 3258 nullum
870 3197 1293 3262 nominativum
1340 3195 1649 3256 masculini
1694 3198 1933 3274 generis
1976 3200 2257 3277 reperieS,
2304 3200 2354 3259 si
2397 3201 2697 3280 requiraS,
2748 3220 2778 3261 e
2823 3199 2917 3262 lit-

336 3309 456 3360 tera
504 3301 903 3359 terminatum.

502 3401 691 3480 Saepe
737 3401 1065 3480 quaesitum
1112 3407 1230 3467 est,
1277 3408 1473 3460 utrum
1521 3401 1772 3461 vicarius
1817 3399 1932 3460 dici
1974 3396 2000 3483 Η
2033 3400 2246 3463 debeat
2277 3404 2450 3463 etiam
2480 3406 2532 3465 is
2562 3406 2658 3465 cui
2688 3406 2915 3483 magni·

263 3526 311 3563 ao
335 3504 701 3566 ficentissimi
744 3502 1029 3581 praefecti
1065 3503 1217 3562 vices
1264 3521 1403 3563 suas
1430 3504 1491 3562 in
1525 3501 1763 3582 speciali
1796 3520 1968 3562 causa
2001 3504 2444 3566 mandaverunt.
2509 3525 2911 3586 nequaquam:

336 3623 468 3667 nam
530 3606 782 3665 vicarius
845 3604 1061 3665 dicitur
1125 3605 1176 3663 is
1231 3606 1331 3684 qui
1391 3604 1598 3665 ordine
1654 3603 2062 3666 codicillorum
2123 3607 2278 3667 vices
2333 3609 2452 3685 agit
2518 3608 2914 3689 amplissimae

333 3708 759 3787 praefecturae.
849 3705 947 3767 ille
991 3724 1129 3766 vero
1176 3706 1270 3766 cui
1316 3708 1473 3767 vices
1518 3705 1875 3767 mandantur
1917 3714 2165 3786 propter
2210 3710 2533 3771 absentiam
2581 3713 2911 3790 praefecto·

336 3828 498 3877 rum,
544 3827 664 3869 uon
710 3809 995 3877 vicarius,
1042 3808 1145 3868 sed
1192 3810 1349 3870 vices
1395 3827 1606 3887 agenS,
1657 3827 1773 3868 non
1821 3810 2262 3888 praefecturae,
2322 3812 2427 3872 sed
2472 3816 2908 3891 praefectorum

335 3910 549 3970 dicitur
592 3916 840 3971 tantum.
2265 3979 2272 3984 ,

266 4035 314 4074 35
507 4061 512 4093 k
546 4011 888 4073 Praefectus
920 4010 1193 4089 vigilibus
1219 4011 1373 4073 bene
1406 4012 1638 4083 dicitur,
1674 4015 1810 4091 quia
1855 4013 1952 4074 hic
1994 4016 2372 4096 participium
2419 4024 2511 4079 est
2553 4020 2909 4098 praefectus,

338 4132 454 4174 non
509 4132 746 4175 nomen.
828 4115 1215 4194 praeponitur
1272 4116 1427 4175 enim
1485 4114 1829 4195 disciplinae
1885 4125 2229 4193 nocturnae.
2319 4126 2378 4179 et
2439 4121 2491 4181 is
2550 4122 2650 4200 qui
2721 4121 2910 4182 eidem

475 4284 594 4335 God.
632 4283 792 4339 Ber-n.
831 4284 851 4333 l
888 4281 1101 4337 6—8*.
1219 4286 1250 4337 3
1282 4287 1543 4352 repperias
1680 4288 1713 4337 4
1760 4287 2078 4353 repperiatur
2213 4288 2247 4340 6
2293 4292 2378 4353 qui
2430 4293 2522 4340 erit
2567 4300 2912 4357 monoptotum

337 4356 500 4415 (corr.
538 4357 653 4417 -on)
795 4355 825 4404 7
861 4355 1149 4404 accusatibo
1186 4354 1305 4405 huic
1344 4357 1646 4421 proconsule
1685 4360 1918 4407 uocatiuo
1957 4361 2327 4425 opproconsule
2471 4363 2528 4412 11
2568 4363 2794 4427 optulisti

338 4424 519 4474 audisti
629 4424 691 4475 13
727 4439 757 4472 a
784 4433 901 4475 ante
924 4426 1229 4490 proconsule
1260 4443 1353 4479 om.
1462 4425 1526 4476 19
1560 4425 1732 4493 huius]
1765 4427 1883 4477 hnic
1988 4429 2058 4479 20
2082 4426 2236 4494 hunc]
2277 4430 2394 4480 huic
2506 4433 2566 4482 21
2610 4432 2672 4480 ab
2712 4449 2805 4483 om.

337 4494 403 4544 23
440 4496 773 4544 testimoniam
804 4496 971 4559 (corr.
1004 4493 1088 4558 -a)
1115 4496 1330 4545 suadere
1426 4496 1493 4547 26
1532 4506 1704 4546 curato
1737 4507 2034 4563 procurator
2136 4502 2201 4550 27
2238 4503 2496 4566 repperies
2600 4501 2669 4550 29
2693 4501 2912 4551 bicarius

475 4562 542 4630 is]
579 4564 659 4615 bis
798 4565 866 4620 :30
913 4565 1206 4615 mandauit
1312 4566 1373 4616 31
1415 4563 1480 4630 is]
1521 4565 1601 4616 his
1740 4569 1808 4617 32
1853 4570 2136 4633 apsentiam
2278 4571 2345 4622 33
2392 4571 2613 4620 bicarius
2646 4573 2734 4622 sed
2773 4573 2911 4622 uices

340 4634 382 4681 is
419 4650 579 4700 agens
716 4633 783 4684 35
820 4637 907 4697 qui
943 4636 1027 4686 hic
1165 4636 1234 4687 36
1270 4644 1535 4686 nocturrae
1676 4638 1853 4687 eodem
1993 4636 2061 4703 is]
2105 4640 2183 4689 his

475 4790 510 4838 6
545 4790 663 4852 quia
707 4792 802 4839 erit
838 4789 1102 4840 Pulselu'us
1246 4792 1305 4841 17
1340 4791 1567 4852 sortasse
1603 4792 1677 4840 sic
1724 4791 1987 4843 declinabo
2030 4772 2363 4859 compositum
2403 4811 2581 4846 nomen
2621 4813 2719 4861 qno
2760 4799 2910 4850 modo

340 4859 559 4926 simplex
698 4861 765 4910 24
802 4860 1159 4928 aequalitatem
1196 4863 1443 4928 Iioyenue
1581 4858 1649 4914 35
1686 4863 1806 4926 quia
1847 4862 1931 4912 hic
1969 4862 2235 4916 Pulselu’us
