3541 5564
632 343 753 407 160
1769 343 2074 405 POMPEll

677 467 719 507 p.
749 456 926 495 144—46
956 453 997 492 L.

628 543 686 592 et
731 535 823 594 hic
869 532 1015 594 silex
1063 542 1121 594 et
1166 534 1311 606 haec
1355 533 1522 592 silex.
1600 532 1741 609 quid
1789 534 1896 592 suit
1938 551 2180 592 necesse
2224 539 2288 591 ut
2334 538 2430 592 aut
2475 531 2571 590 hic
2616 531 2841 591 diceret
2884 539 2982 592 aut
3025 529 3207 590 haee?

627 653 809 714 quare
869 645 1185 715 utrumque
1240 637 1466 714 posuit,
1526 633 1619 693 hic
1676 633 1823 693 silex
1884 643 1941 695 et
1985 634 2129 695 haec
2176 633 2359 694 silex?
2416 635 2691 713 quoniam
2737 635 2844 693 ista
2891 636 3129 693 nomina
3174 653 3205 693 a

627 747 833 799 natura
890 756 1079 815 genus
1138 756 1254 798 non
1312 736 1561 806 habent,
1625 744 1682 796 et
1738 755 1804 796 ea
1862 755 2012 816 quae
2069 756 2100 798 a
2158 745 2366 798 natura
2425 754 2541 795 non
2609 733 2828 796 habent
2891 752 3081 812 genus
3135 732 3205 794 ab

626 840 974 901 auctoritate
1033 841 1351 918 accipiunt.
1442 838 1587 899 haec
1641 857 1813 899 causa
1869 847 1958 898 est
2016 846 2080 899 ut
2122 839 2489 898 inveniamus
2533 837 2961 904 diversitatem,
3010 844 3069 896 et
3113 835 3208 896 hic

626 941 769 1002 silex
817 948 875 1001 et
918 941 1064 1002 haec
1109 941 1272 1000 silex.
1349 958 1381 998 e
1425 941 1722 1000 contrario
1769 959 1952 1019 quare
1999 959 2116 1000 non
2158 939 2304 1001 haec
2350 958 2536 1019 equus
2580 939 2856 1007 dicimuS,
2904 935 2994 997 vel
3028 952 3254 1013 quare⁵

628 1064 745 1105 non
801 1044 1050 1104 dicimus
1106 1043 1203 1102 1110
1259 1040 1450 1102 mula?
1508 1043 1879 1121 apertissime
1933 1044 2152 1103 scimus
2207 1062 2314 1122 per
2369 1041 2693 1103 naturalem
2748 1042 3043 1101 rationem
3090 1059 3208 1100 non

626 1165 802 1225 posse
846 1146 959 1205 hoc
1005 1163 1191 1222 genus
1234 1144 1378 1204 dari.
1471 1162 1613 1222 ergo
1674 1141 1681 1221 Ι
1739 1146 1892 1205 scire
1950 1144 2234 1205 debemus
2280 1146 2555 1224 quoniam
2602 1161 2914 1223 possumus
2959 1160 3069 1202 nos
3114 1141 3208 1212 de·

628 1248 870 1308 sendere
914 1249 977 1306 in
1022 1246 1139 1305 illis
1182 1245 1529 1322 generibus,
1581 1263 1730 1322 quae
1777 1263 1996 1322 genera
2030 1265 2140 1307 nec
2182 1255 2543 1323 generantur
2586 1264 2696 1306 nec
2740 1263 3030 1322 generare
3075 1263 3209 1323 pos·

626 1360 778 1410 sunt.
869 1348 1013 1409 illud
1080 1349 1234 1406 scire
1302 1346 1509 1416 (lebes,
1583 1348 1737 1424 quod
1807 1347 1988 1408 multa
2048 1356 2184 1409 sunt
2238 1367 2457 1427 genera
2515 1368 2546 1408 a
2604 1356 2838 1417 natura,
2899 1345 3079 1407 multa
3135 1345 3207 1407 ab

627 1453 992 1513 auctoritate.
1080 1450 1176 1511 illa
1236 1469 1385 1529 quae
1439 1469 1468 1510 a
1528 1457 1739 1510 natura
1797 1459 1935 1511 sunt
1993 1453 2288 1511 communi
2346 1470 2522 1511 sensu
2582 1450 3000 1516 discernimus:
3062 1463 3276 1526 quaem

626 1562 762 1614 sunt
808 1553 880 1614 31)
927 1555 1271 1613 auctoritate
1317 1554 1661 1612 auctoritate
1706 1552 2114 1612 discernimus.
2204 1554 2264 1612 in
2308 1552 2423 1612 illis
2467 1552 2788 1630 generibus
2832 1569 2983 1630 quae
3029 1570 3060 1612 3
3104 1570 3206 1611 na·

628 1664 757 1716 tura
804 1662 943 1715 sunt
988 1675 1097 1715 nec
1129 1653 1420 1732 Vergilius
1464 1673 1575 1714 nec
1606 1654 1813 1715 Cicero
1860 1673 1970 1715 nec
2016 1654 2197 1732 aliqui
2243 1664 2513 1716 auctores
2559 1673 2706 1734 opus
2749 1663 2889 1714 sunt
2935 1651 3058 1722 tibi,
3106 1652 3206 1712 sed

630 1758 975 1818 naturaliter
1032 1759 1320 1818 rationem
1384 1757 1707 1832 sequimur.
1800 1757 2020 1817 scimus
2076 1759 2352 1836 quoniam
2411 1756 2600 1816 debeo
2646 1756 2845 1816 dicere
2891 1755 3038 1814 haec
3083 1773 3207 1814 mu-

628 1859 768 1929 lier,
828 1860 925 1920 hic
981 1862 1085 1919 vir.
1180 1869 1243 1919 ut
1298 1867 1495 1919 autem
1550 1857 1741 1917 dicam
1799 1858 1896 1918 hic
1950 1861 2289 1938 pampinuS,
2352 1877 2468 1918 non
2526 1856 2852 1919 naturalem
2920 1860 3206 1919 rationem

628 1980 872 2041 sequor,
930 1962 1032 2022 sed
1091 1981 1160 2022 ex
1217 1961 1564 2022 auctoritate
1620 1958 1732 2019 hoc
1777 1959 1938 2028 dico,
1972 1963 2276 2053 ‚quoniam
2322 1964 2443 2020 scio
2488 1962 2565 2021 ita
2613 1961 2831 2020 lectum
2878 1979 3010 2020 esse
3055 1959 3206 2039 apud
3236 1970 3280 2011 1⁵

630 2064 971 2142 Vergilium.
1063 2066 1143 2124 ita
1200 2062 1334 2123 dico
1390 2061 1704 2142 aliquando
1759 2060 2116 2132 masculino,
2182 2061 2492 2141 aliquando
2553 2063 2860 2124 feminine.
2949 2064 2999 2122 si
3065 2062 3210 2122 haec

630 2168 853 2245 omnia,
901 2168 1027 2227 sive
1067 2166 1379 2246 pampinus
1423 2166 1543 2224 sive
1589 2164 1733 2224 silex
1780 2167 1900 2225 sive
1945 2163 2086 2232 alia,
2132 2165 2483 2242 interrogati
2529 2164 2845 2234 fuerimus,
2896 2181 3048 2240 quae
3093 2183 3207 2224 non

629 2289 661 2329 a
727 2268 980 2329 naturali
1044 2271 1277 2330 ratione
1343 2269 1609 2334 veniunt,
1681 2286 1800 2327 non
1858 2274 1992 2327 ante
2050 2266 2337 2327 debemus
2394 2266 2787 2346 respondere,
2856 2268 2969 2327 nisi
3033 2267 3208 2327 etiam

630 2370 895 2449 exempla
942 2370 1113 2432 nobis
1158 2370 1549 2430 occurrerint.
1610 2377 1748 2448 puta
1792 2370 1943 2447 siqui
1991 2377 2046 2429 te
2092 2370 2420 2446 interroget
2464 2368 2634 2429 ‘silex
2680 2371 2849 2429 cuius
2895 2376 2985 2429 est
3028 2386 3206 2446 gene-

628 2475 807 2543 ris?',
864 2474 915 2532 si
969 2474 1298 2534 occurrerit
1351 2470 1457 2531 tibi
1525 2470 1816 2532 ‘stabat
1875 2478 2088 2530 acuta
2145 2470 2392 2539 silex’,
2442 2471 2603 2530 dices
2659 2472 2956 2538 feminini;
3017 2472 3067 2530 si
3111 2479 3280 2530 oc-20

629 2577 883 2637 currerit
929 2575 1032 2635 tihi

1337 2665 1616 2739 quanto
1660 2676 2102 2738 percussum
2149 2657 2473 2737 pondere
2519 2661 2822 2735 signent

934 2771 1007 2824 et
1051 2760 1359 2823 laedant
1404 2761 1718 2831 silicem,

630 2867 790 2928 dices
834 2867 1071 2944 generis
1118 2850 1447 2925 masculini.
1509 2883 1651 2943 ergo
1698 2883 1815 2923 non
1861 2872 1997 2923 ante
2043 2862 2366 2945 debemus}
2417 2864 2614 2923 dicere
2663 2866 2774 2924 nisi
2821 2863 3105 2944 exemplis
3148 2886 3206 2923 11.

628 2989 845 3049 genera
905 2986 1045 3046 ergo
1099 2965 1471 3046 principalia,
1532 2984 1680 3044 quae
1725 2973 1866 3026 sunt
1910 2973 1969 3025 et
2013 2967 2281 3044 propria,
2341 2964 2454 3025 (luo
2500 2974 2666 3035 sunt,
2716 2965 3104 3027 masculinum
3149 2973 3206 3024 et
3230 2990 3279 3030 25

629 3073 999 3132 femininum.
1060 3068 1199 3148 quid
1247 3070 1297 3128 si
1342 3087 1453 3128 nec
1500 3067 1889 3129 masculinum
1936 3069 2012 3125 sit
2054 3086 2164 3127 nec
2210 3068 2594 3127 femininum?
2642 3070 2754 3128 iam
2790 3076 3067 3129 neutrum
3100 3076 3205 3129 est.

629 3173 765 3250 quid
824 3174 872 3233 si
931 3182 989 3233 et
1046 3170 1431 3232 masculinum
1489 3180 1547 3232 et
1604 3171 1990 3230 femininum?
2063 3172 2178 3230 iam
2248 3188 2562 3229 commune
2631 3177 2736 3230 est.
2825 3170 2964 3250 quid
3034 3172 3084 3230 si
3151 3177 3206 3229 et

629 3274 1017 3335 masculinum
1074 3282 1133 3333 et
1187 3273 1535 3333 femininum
1595 3282 1652 3331 et
1708 3279 1984 3331 neutrum
2042 3273 2151 3331 sit?
2225 3291 2400 3332 omne
2455 3271 2692 3331 dicitur.
2782 3280 2847 3332 ut
2903 3280 3045 3351 puta
3113 3272 3207 3331 hic

627 3379 908 3455 magister
962 3374 1348 3447 masculinum
1398 3382 1516 3443 est,
1577 3374 1720 3434 haec
1764 3374 1931 3434 Musa
1991 3372 2338 3434 femininum
2387 3383 2501 3442 est,
2549 3374 2662 3433 1100
2707 3392 3014 3435 scamnum
3061 3394 3202 3437 neu-

627 3490 785 3538 trum
831 3486 947 3546 est,
997 3476 1092 3537 hic
1140 3478 1387 3537 et.haec
1432 3476 1712 3537 sacerdos
1757 3493 2070 3535 commune
2117 3483 2224 3536 est.
2315 3494 2629 3536 commune
2676 3483 2763 3535 est
2806 3494 3014 3554 genus,
3063 3496 3203 3557 quo·
3230 3496 3277 3535 ao

626 3582 781 3640 tiens
825 3580 1175 3640 femininum
1224 3597 1410 3656 genus
1450 3587 1513 3639 et
1559 3577 1949 3638 masculinum
1982 3596 2167 3656 genus
2196 3577 2448 3639 similem
2496 3579 2921 3655 nominativum
2967 3578 3201 3647 habent,

627 3682 685 3742 id
744 3690 833 3742 est
886 3681 1156 3742 similiter
1212 3664 1556 3742 efferuntur.
1649 3699 1825 3740 omne
1886 3687 2001 3748 est,
2069 3681 2344 3756 quotiens
2402 3689 2458 3740 et
2512 3681 2861 3743 femininum
2919 3698 3107 3759 genus
3153 3692 3208 3741 et

628 3781 1017 3845 masculinum
1076 3790 1134 3843 et
1190 3791 1464 3843 neutrum
1524 3782 1797 3842 similiter
1856 3783 2181 3842 efferuntur
2234 3784 2293 3841 in
2351 3783 2708 3843 nominativo
2764 3782 3079 3860 singulari,
3147 3793 3207 3843 ut

626 3885 784 3947 felix.
858 3903 998 3946 ecce
1044 3884 1314 3946 similiter
1362 3886 1480 3944 exit
1523 3885 1585 3943 in
1629 3885 1990 3943 nominativo
2035 3903 2174 3944 casu
2221 3884 2501 3963 singulari
2547 3887 2607 3944 in
2654 3883 2930 3945 omnibus
2974 3886 3202 3963 generi·

627 3986 757 4050 bus·
848 4007 1031 4067 quare
1086 3988 1274 4048 adieci
1330 3989 1389 4045 in
1453 3986 1810 4046 nominativo
1868 3985 2191 4063 singulari?
2258 3974 2499 4067 propter
2560 3985 2877 4067 pluralem,
2938 3990 3075 4067 quia
3126 3987 3274 4048 ibis

628 4090 1043 4150 discretionem
1092 4088 1292 4157 habet,
1354 4090 1415 4147 in
1459 4087 1674 4167 plurali
1714 4087 1886 4147 lii-et
1929 4087 2039 4149 hae
2084 4088 2287 4149 felices
2333 4097 2390 4150 et
2435 4090 2581 4149 haec
2625 4088 2852 4159 felicia;
2912 4091 2975 4150 iu
3021 4091 3196 4151 nomi-

765 4278 796 4327 7
834 4279 944 4327 dari
987 4277 1354 4327 Lindemannus
1390 4276 1508 4325 dare
1540 4275 1705 4325 ABG
1846 4274 1908 4325 10
1948 4291 2076 4338 quae
2110 4285 2227 4326 sunt
2261 4277 2324 4326 ab
2362 4277 2654 4327 auctoritate
2688 4278 2986 4327 auctoritate
3018 4279 3201 4329 discer-

629 4349 794 4397 nimus
831 4348 1025 4409 A(?)C
1071 4362 1201 4410 quae
1250 4356 1367 4395 sunt
1404 4345 1467 4395 31)
1508 4357 1710 4395 auctore
1744 4348 2041 4395 auctoritate
2078 4347 2415 4396 discernimus
2451 4347 2525 4396 ab
2573 4363 2702 4411 quae
2740 4356 2858 4396 sunt
2890 4351 2954 4397 ab
2990 4349 3203 4399 auetori-

626 4428 728 4467 tate
764 4419 1104 4468 discernimus
1139 4417 1188 4466 B
1330 4417 1392 4467 15
1431 4417 1665 4479 quoniam
1711 4416 1818 4463 scio
1856 4416 1924 4463 113
1963 4417 2142 4465 lectum
2182 4433 2295 4467 esse
2334 4418 2374 4466 C
2421 4418 2655 4479 quoniam
2702 4420 2808 4469 1.13
2858 4419 2966 4467 scio
3022 4420 3202 4469 lectum

627 4504 738 4538 esse
778 4490 825 4537 A
858 4489 1095 4551 quoniam
1129 4488 1199 4536 113
1225 4488 1328 4536 scio
1368 4487 1547 4535 lectum
1591 4486 1685 4535 hoc
1722 4486 1886 4547 (corr.
1921 4486 2015 4535 1100
2053 4486 2263 4550 lectum)
2301 4504 2414 4537 esse
2444 4487 2507 4536 B.
2543 4489 2818 4553 pampinus
2856 4497 2992 4539 certo
3021 4498 3204 4555 'yenere

626 4561 803 4609 dictum
842 4561 980 4623 apud
1021 4559 1291 4621 Vergilium
1336 4574 1433 4607 non
1478 4559 1682 4622 legitur,
1724 4557 1821 4605 sed
1854 4558 1967 4605 aliis
2004 4561 2245 4621 exemplis
2289 4558 2575 4620 confirmari
2619 4561 2748 4610 solet
2788 4575 2821 4607 a
2852 4562 3200 4622 9²·mnnzaeicis,

626 4631 694 4691 cf.
739 4630 932 4679 Charis.
977 4646 1033 4693 p.
1073 4628 1197 4691 105,
1247 4628 1327 4678 19.
1368 4643 1527 4693 quare
1562 4628 1760 4677 videtur·
1794 4626 2104 4675 scribendum
2138 4644 2276 4685 esse,
2322 4627 2559 4691 quoniam
2606 4630 2711 4678 scio
2748 4629 2818 4677 113
2855 4628 3039 4679 lectum
3078 4644 3200 4678 esse.

627 4701 762 4765 apud
804 4700 1080 4765 Vergilium
1120 4699 1216 4746 ista
1244 4700 1478 4747 dicuntur
1512 4696 1786 4761 aliquando
1816 4704 1906 4745 etc.
2020 4698 2083 4748 16
2124 4696 2189 4762 si]
2230 4712 2327 4745 non
2364 4698 2410 4744 A
2538 4698 2606 4747 20
2644 4696 3032 4765 stabat],Ver9.
3074 4699 3200 4750 Aen.

628 4769 743 4819 Vlll
779 4770 880 4821 ‘233
980 4770 1047 4819 22
1082 4766 1289 4834 quanto]
1331 4768 1502 4818 Iuven.
1546 4768 1594 4828 3,
1626 4770 1727 4818 272
1870 4768 1939 4818 32
1975 4769 2206 4829 quotiens
2243 4776 2289 4814 et
2325 4768 2398 4827 (et
2427 4783 2519 4816 om.
2557 4768 2624 4829 B,
2661 4769 2781 4817 add.
2820 4767 2876 4833 b)
2907 4769 3200 4821 femininum

627 4854 790 4905 genus
821 4848 867 4887 et
905 4839 1240 4888 masculinum
1281 4839 1430 4890 BCa
1468 4839 1701 4901 quotiens
1739 4846 1789 4887 et
1824 4836 2122 4886 femininum
2159 4846 2207 4886 et
2245 4837 2575 4887 masculinum
2608 4854 2767 4903 genus
2801 4838 2848 4887 A
