3541 5564
515 360 639 427 362
1592 364 2001 428 CONSENTII

563 486 607 526 p.
636 474 750 514 eote.
779 474 828 513 47
855 472 900 513 P.

515 554 712 633 pellit,
769 561 835 613 ut
888 554 1065 614 huius
1119 553 1458 614 hirundinis
1512 561 1572 613 et
1626 554 1736 613 hae
1793 553 2145 614 hirundines
2200 562 2259 613 et
2302 560 2499 614 cetera
2545 553 2846 634 deinceps
2936 571 3084 633 quae

514 657 586 716 de
633 659 929 717 communi
961 676 1193 736 quoque
1238 673 1491 733 genere,
1539 657 1827 716 feminino
1875 655 2103 715 scilicet
2149 662 2209 714 et
2251 655 2603 725 masculine,
2654 656 3082 734 intellegimus:

514 760 768 820 dicimus
823 761 980 820 enim
1037 759 1215 818 huius
1271 757 1537 818 tibicinis
1594 759 1825 817 iuvenis
1883 757 2141 818 fidicinis
2195 760 2343 819 civis
2384 761 2702 828 nostratis,
2762 758 2825 818 111
2871 766 2931 817 et
2974 758 3083 818 hae

514 862 791 923 tibicines
845 864 1088 921 iuvenes
1146 861 1417 921 fidicines
1470 861 1631 919 cives
1696 862 2009 920 nostrates
2098 867 2376 920 neutrum
2432 878 2619 937 genus
2680 860 2956 921 dissentit
3011 860 3084 920 ab

511 964 787 1024 omnibus
841 964 936 1024 his
990 965 1337 1041 praemissis
1394 961 1745 1043 generibus:
1810 954 1945 1022 nam
2000 964 2424 1023 nominativum
2479 962 2765 1041 pluralem
2809 962 2899 1021 vel
2946 964 3006 1021 in
3052 982 3083 1022 a
3111 983 3137 1021 5

509 1066 596 1125 vel
645 1069 705 1125 in
751 1085 806 1126 ia
854 1066 1162 1144 conpellit,
1225 1067 1287 1124 in
1332 1084 1392 1133 a,
1439 1072 1506 1124 ut
1547 1066 1786 1124 nomina
1832 1066 2058 1143 capita,
2105 1067 2166 1124 in
2212 1066 2301 1133 ia,
2348 1071 2414 1124 ut
2458 1065 2697 1125 monilia
2741 1064 3083 1125 tribunalia.

513 1186 665 1228 nunc
724 1171 783 1227 in
840 1168 947 1228 hac
1007 1166 1208 1244 regula
1264 1185 1440 1246 quam
1496 1169 1785 1226 rationem
1844 1168 2239 1226 nominativus
2296 1166 2543 1246 pluralis
2587 1168 2804 1226 ceteris
2848 1166 3087 1227 casibus

509 1269 838 1348 pluralibus
880 1276 1172 1348 praestet,
1220 1268 1539 1346 diligenter
1581 1270 2037 1347 perspiciamus
2112 1276 2172 1328 et
2215 1271 2472 1348 primum
2516 1268 2659 1328 illud
2705 1270 2859 1328 scire
2904 1267 3083 1328 debe-

509 1391 672 1441 mus,
731 1372 886 1450 quod
943 1374 1004 1431 111
1062 1370 1339 1431 omnibus
1381 1370 1730 1448 generibuS,
1791 1372 1906 1430 nisi
1968 1370 2068 1431 ubi
2115 1373 2277 1431 iuxta
2322 1373 2679 1449 praemissas
2723 1370 2943 1429 dudum
2989 1389 3083 1429 re-

510 1474 674 1550 gulas
730 1474 1095 1533 accusativus
1151 1475 1213 1533 in
1269 1475 1322 1532 is
1376 1472 1761 1553 conpellitur,
1820 1478 1944 1531 tres
2000 1491 2171 1532 casus
2226 1473 2449 1533 similes
2493 1480 2698 1542 erunt;
2747 1478 2871 1533 tum
2917 1472 3081 1541 illud,
3111 1494 3159 1533 ιο

509 1576 665 1653 quod
713 1575 945 1635 dativus
989 1583 1047 1635 et
1090 1574 1383 1635 ablativus
1427 1594 1498 1634 ex
1536 1576 1744 1655 quovis
1784 1591 2003 1652 genere
2049 1576 2110 1634 in
2156 1572 2268 1634 hus
2312 1581 2559 1643 exeunt,
2606 1576 2901 1651 genitivus
2944 1592 3083 1633 vero

509 1679 855 1737 varietatem
910 1679 1156 1755 recipit:
1225 1696 1360 1737 nam
1417 1684 1541 1737 tum
1597 1678 1656 1735 in
1701 1694 1834 1745 um,
1894 1683 2017 1735 tum
2073 1677 2135 1735 in
2182 1678 2304 1735 ium
2349 1675 2732 1755 conpellitur,
2780 1676 2957 1755 idque
3004 1679 3083 1736 ita

511 1787 869 1859 perpetuum
916 1786 1035 1845 est,
1089 1785 1155 1838 ut
1199 1797 1268 1838 ex
1315 1780 1474 1838 omni
1519 1796 1737 1855 genere
1783 1778 1844 1837 id
1890 1780 2144 1838 eveniat.
2233 1797 2367 1837 nam
2414 1778 2485 1837 de
2532 1778 2873 1838 masculinis
2918 1778 3081 1839 Cice-

513 1900 691 1941 rones
737 1889 796 1941 et
853 1888 1116 1941 turtures
1162 1880 1515 1941 Ciceronum
1560 1889 1622 1940 et
1673 1888 2002 1950 turturum,
2050 1879 2274 1939 imbres
2318 1887 2378 1940 et
2422 1887 2652 1939 montes
2696 1878 2979 1940 imbrium
3024 1887 3085 1939 et

509 1985 796 2043 montium
841 1984 1068 2042 faciunt
1111 1990 1170 2041 et
1214 1982 1477 2061 reliqua;
1525 1989 1584 2042 et
1628 2001 1699 2041 ex
1743 1982 2047 2042 femininis
2089 1982 2440 2042 hirundines
2481 1989 2541 2041 et
2585 1980 2830 2042 arbores
2874 1982 3081 2042 hirun-
3110 2001 3159 2039 15

507 2085 711 2145 dinum
757 2092 817 2144 et
861 2084 1168 2153 arborum,
1217 2102 1397 2163 rupes
1441 2091 1501 2143 et
1542 2084 1678 2144 lites
1722 2086 1962 2163 rupium
2007 2091 2067 2144 et
2109 2083 2303 2143 litium
2348 2090 2591 2160 cogunt;
2640 2102 2709 2144 ex
2755 2087 3080 2144 communi-

507 2186 619 2247 bus
663 2186 947 2247 tibicines
991 2195 1050 2246 et
1092 2188 1338 2246 iuvenes
1385 2184 1699 2246 tibicinum
1745 2192 1806 2245 et
1850 2188 2155 2255 iuvenum,
2203 2192 2498 2245 nostrates
2543 2192 2602 2244 et
2646 2188 2806 2245 cives
2851 2184 3080 2247 nostra-

508 2290 655 2348 tium
701 2295 760 2348 et
815 2291 1032 2348 civium
1091 2288 1441 2357 conficiunt;
1499 2306 1569 2347 ex
1626 2289 1856 2347 neutris
1911 2290 2146 2348 nomina
2193 2295 2252 2349 et
2297 2288 2488 2366 capita
2533 2288 2840 2347 nominum
2883 2295 2943 2347 et
2986 2306 3079 2348 ca-

505 2393 732 2469 pitum,
779 2390 1020 2450 monilia
1066 2397 1126 2449 et
1171 2388 1490 2450 tribunalia
1537 2390 1846 2450 monilium
1892 2398 1950 2449 et
1995 2388 2383 2449 tribunalium
2428 2407 2556 2449 esse
2603 2389 2962 2468 conpellunt.

676 2492 833 2552 Satis
889 2500 1171 2570 quantum
1228 2490 1491 2551 arbitror
1546 2492 1618 2552 de
1665 2491 1674 2571 1
1724 2490 2134 2552 observatione
2194 2491 2536 2568 regularum
2594 2498 2653 2549 et
2713 2490 2945 2551 abunde
2991 2491 3078 2551 di·
3106 2511 3157 2549 20

505 2601 663 2654 ctum
698 2600 807 2653 est.
867 2611 1012 2672 quas
1056 2593 1242 2672 siquis
1288 2574 1605 2670 diligenter
1650 2594 1942 2663 advertat,
1990 2595 2253 2654 inveniat
2296 2593 2513 2654 nullam
2560 2606 2716 2661 esse,
2766 2613 2916 2672 quae
2963 2612 3079 2655 non

506 2695 916 2774 undecumque
975 2696 1241 2774 quaesita
1303 2697 1362 2755 in
1420 2696 1630 2755 harum
1688 2696 1943 2776 aliquam
2000 2697 2289 2755 rationem
2336 2696 2465 2772 cogi
2510 2696 2716 2774 possit.
2805 2713 2961 2755 nunc
2994 2695 3078 2764 ale

504 2800 892 2858 incrementis
939 2796 1324 2877 syllabarum,
1373 2801 1650 2878 quoniam
1696 2807 1758 2857 et
1800 2800 1994 2878 ipsum
2026 2799 2098 2859 ad
2128 2801 2419 2859 rationem
2460 2797 2754 2876 quandam
2797 2800 3077 2877 pertinet,

503 2899 771 2960 breviter
815 2918 1002 2979 pauca
1047 2900 1332 2960 dicemus.
1422 2900 1739 2978 singularis
1784 2919 2068 2961 numerus
2110 2903 2329 2980 partim
2374 2900 2598 2960 nullum
2642 2901 3076 2960 incrementum

503 3005 712 3072 sentit,
771 3004 988 3080 partim
1045 3002 1278 3061 diverso
1337 3009 1395 3061 et
1450 3005 1611 3062 vario
1666 3001 2001 3063 cumulatur
2056 3011 2389 3080 augmento.
2479 3021 2546 3062 ea
2591 3020 2740 3081 quae
2787 3001 3072 3079 singulari
3102 3023 3154 3062 25

502 3110 749 3164 numero
795 3122 913 3163 non
959 3112 1236 3164 crescunt
1281 3110 1557 3184 quattuor
1601 3105 1793 3164 modis
1837 3103 2055 3183 plurali
2096 3122 2344 3164 numero
2376 3107 2767 3183 experiuntur
2798 3123 3077 3182 augmen-

503 3213 646 3265 tum.
736 3207 967 3285 primus
1034 3206 1243 3267 modus
1310 3214 1431 3276 est,
1500 3213 1565 3265 ut
1628 3208 1827 3266 statim
1886 3209 1947 3266 in
2002 3208 2365 3267 nominativo
2421 3206 2636 3286 plurali
2694 3214 2961 3267 crescant
3020 3214 3080 3265 et

503 3308 747 3387 aequale
807 3310 1240 3370 incrementum
1282 3327 1391 3387 per
1437 3327 1640 3369 omnes
1667 3327 1854 3394 ,casus
1899 3317 2164 3378 servent,
2228 3316 2291 3368 ut
2336 3308 2552 3369 monile
2598 3309 2842 3371 monilia
2887 3310 3074 3368 moni-

500 3408 644 3469 lium
701 3418 759 3469 et
816 3409 1116 3489 deinceps.
1206 3410 1501 3470 sccundus
1556 3410 1764 3470 modus
1818 3419 1934 3480 est,
1995 3430 2128 3471 cum
2189 3431 2221 3471 a
2278 3413 2541 3489 genitivo
2596 3411 2813 3491 plurali
2870 3413 3074 3487 augeri

501 3512 798 3590 incipiunt
841 3512 1020 3591 idque
1067 3512 1139 3572 ad
1184 3513 1361 3596 finem
1405 3531 1590 3590 usque
1637 3513 1996 3590 custodiunt,
2044 3515 2310 3592 exceptis
2355 3513 2450 3574 his
2495 3511 2733 3573 casibus
2777 3532 2924 3593 quos
2968 3531 3071 3572 ne·
3100 3534 3152 3573 5ο

499 3631 664 3673 66556
710 3622 801 3674 est
846 3616 1188 3673 nominativi
1238 3614 1466 3674 similes
1510 3632 1671 3684 esse,
1719 3622 1783 3675 ut
1826 3614 1971 3674 haec
2017 3616 2183 3675 navis
2227 3615 2435 3675 harum
2483 3618 2719 3675 navium
2764 3616 2858 3675 his
2899 3622 2959 3674 et
2998 3614 3073 3674 ab

499 3714 593 3774 his
635 3715 902 3776 navibus.
976 3718 1191 3776 tertius
1233 3716 1440 3776 modus
1486 3724 1602 3784 cst,
1651 3735 1785 3775 cum
1831 3716 2061 3776 dativus
2105 3726 2163 3776 et
2207 3716 2495 3777 ablativus
2539 3725 2763 3778 tantum
2809 3717 3073 3796 plurales

499 3825 816 3895 augentur,
877 3825 943 3877 ut
996 3818 1094 3878 hic
1152 3820 1315 3879 canis
1369 3819 1462 3878 his
1510 3824 1568 3877 et
1613 3817 1685 3878 ab
1730 3817 1824 3878 1115
1870 3818 2136 3878 canibus
2226 3825 2470 3896 quartus
2517 3818 2723 3878 modus
2770 3826 2888 3889 est,
2936 3837 3072 3878 cum

635 4022 662 4072 1
703 4021 856 4071 11111115
901 4021 1204 4085 hyrundinis
1243 4029 1292 4071 et
1338 4021 1435 4071 hae
1471 4022 1785 4086 hyrundines
1826 4021 1873 4070 L
1915 4020 2067 4071 huius
2112 4021 2410 4072 herundinis
2447 4033 2495 4073 et
2530 4023 2626 4073 hae
2663 4022 2969 4073 herundines
3010 4023 3077 4073 M

495 4089 645 4140 11111115
675 4091 943 4141 arundinis
981 4099 1030 4158 et
1064 4091 1159 4140 hae
1198 4093 1474 4142 arundines
1510 4092 1559 4141 B
1724 4087 1875 4156 quae]
1909 4091 2043 4153 quod
2082 4092 2254 4160 MqL
2427 4096 2460 4143 2
2499 4092 2777 4142 masculino
2813 4091 2892 4142 his
2925 4108 3072 4156 prae·

495 4163 669 4211 missis
707 4160 1050 4227 intellegimus
1079 4160 1267 4210 BML
1370 4161 1402 4212 3
1440 4162 1653 4210 dicimus
1689 4162 1823 4209 enim
1861 4161 2012 4210 huius
2045 4162 2267 4211 tibicinis
2303 4162 2455 4212 buius
2489 4164 2689 4214 iuuenis
2732 4170 2780 4210 et
2809 4160 2861 4209 hi
2889 4172 2937 4211 et
2974 4161 3072 4211 hae

494 4231 741 4282 tibicenes
781 4232 992 4281 iuuenes
1028 4230 1270 4280 fidicenes
1300 4239 1531 4281 neutrum
1556 4231 1623 4280 M
1757 4231 1881 4280 civis
1917 4232 2155 4281 nostratis
2184 4247 2276 4286 om.
2307 4233 2417 4283 BL
2554 4236 2585 4281 4
2620 4233 2682 4282 ab
2710 4232 2943 4282 omnibus
2978 4248 3071 4297 ge-

495 4302 704 4350 neribus
738 4300 923 4349 BML
1030 4299 1064 4349 u
1096 4301 1304 4350 monilia
1338 4319 1382 4351 m
1419 4302 1628 4351 munilia
1664 4300 1777 4350 BL
1814 4299 1939 4349 nilia
1965 4301 2027 4349 M
2128 4304 2158 4352 7
2198 4302 2448 4365 quandam
2490 4304 2732 4352 rationem
2773 4301 3071 4351 nominatiui

493 4369 706 4434 pluralis
749 4385 901 4432 qnam
941 4373 1153 4420 caeteris
1193 4370 1473 4435 pluralibus
1510 4381 1712 4437 praeest
1743 4381 1792 4420 et
1828 4371 2103 4435 diligenter
2141 4372 2207 4420 M
2317 4371 2350 4420 8
2389 4381 2610 4437 praestat
2647 4373 2752 4422 BL
2862 4371 2925 4422 10
2961 4380 3069 4421 tum

493 4441 618 4488 illud
658 4451 735 4489 est
777 4440 913 4501 quod
950 4441 1058 4489 BL
1204 4443 1265 4491 12
1306 4457 1418 4491 unm
1449 4450 1549 4491 tam
1588 4444 1637 4491 in
1679 4457 1763 4490 um
1801 4449 1901 4490 tam
1933 4442 1984 4489 in
2011 4442 2113 4490 ium
2144 4442 2209 4490 M
2346 4442 2408 4491 14
2445 4450 2660 4491 turtores
2699 4441 2824 4490 Ml,
2962 4451 3071 4490 tur-

495 4517 657 4558 torum
692 4509 817 4558 ML
961 4511 1025 4560 15
1063 4511 1372 4575 hyrundines
1403 4513 1452 4562 L
1486 4511 1797 4562 herundines
1835 4512 1899 4560 M
2033 4511 2372 4576 hyrundiuum
2413 4512 2458 4560 L
2498 4511 2832 4560 herundinum
2870 4511 2945 4560 M·

502 4579 567 4629 18
603 4582 823 4645 capitum
864 4581 1172 4644 compellunt
1205 4582 1272 4631 M
1446 4583 1509 4634 19
1545 4582 1756 4632 munilia
1796 4582 1845 4632 B
1982 4582 2245 4631 munitium
2272 4581 2383 4630 BL
2550 4581 2618 4631 20
2655 4590 2703 4630 et
2740 4595 2831 4634 om,
2869 4580 2933 4629 M

496 4650 558 4698 21
604 4664 754 4713 quam
792 4651 952 4712 siquis
988 4650 1039 4700 B
1070 4653 1212 4715 quasi
1251 4653 1364 4715 quis
1402 4653 1452 4701 L
1592 4652 1783 4701 nullam
1824 4652 2068 4701 rationem
2110 4667 2223 4702 esse
2256 4652 2321 4701 M
2455 4651 2521 4699 22
2563 4652 2782 4713 aliquam
2821 4652 3065 4702 rationem

493 4720 656 4782 possit
695 4721 762 4769 M
793 4721 1012 4783 aliquam
1051 4723 1164 4786 cogi
1198 4723 1360 4787 possit
1389 4723 1499 4771 BL
1641 4721 1707 4771 23
1745 4721 1896 4785 ipsud
1929 4721 1994 4769 M
2130 4722 2195 4771 28
2243 4721 2428 4770 munile
2464 4721 2677 4770 munilia
2714 4721 2977 4771 munitium
3016 4724 3069 4772 B

630 4788 697 4839 30
733 4792 959 4854 exeeptis
998 4792 1198 4839 casibus
1236 4805 1362 4853 quos
1399 4792 1448 4840 B
1489 4793 1712 4856 exceptis
1747 4790 1829 4840 his
1866 4806 1992 4853 quos
2029 4792 2093 4840 M
2117 4794 2342 4856 exceptis
2379 4805 2504 4853 quos
2543 4792 2588 4840 J,
2731 4790 2794 4844 31
2842 4793 3067 4842 nomina—

490 4858 610 4908 tiuis
645 4859 830 4907 BML
970 4860 1094 4909 haec
1133 4862 1280 4910 nauis
1318 4860 1411 4909 hae
1448 4875 1603 4910 naues
1640 4860 1815 4910 harum
1853 4862 1912 4909 M
