3541 5564
1395 398 1866 460 COMMENTVM
2797 390 2915 455 139

2573 518 2614 558 p.
2641 505 2791 544 94-97
2823 502 2864 542 L.

334 609 455 651 non
501 589 785 651 debemus
828 591 967 651 istas
1012 595 1212 670 partes
1257 596 1610 668 conputare,
1660 604 1812 666 quae
1854 593 2055 666 partes
2099 586 2398 647 naturales
2430 593 2586 655 sunt,
2623 603 2761 658 non,
2809 584 2911 644 sed

331 692 461 753 illas
505 700 858 772 conputare,
917 712 1066 773 quae
1112 687 1183 752 ex
1229 700 1356 752 arte
1401 691 1789 752 descendunt.
1865 692 2012 751 istae
2069 697 2262 751 autem
2321 688 2622 750 naturales
2679 706 2795 748 non
2843 706 2913 748 ex

332 804 457 857 arte
503 795 888 856 descendunt.
948 794 1053 855 sed
1098 795 1363 855 Donatus
1408 795 1467 854 in
1513 792 1625 853 alia
1669 801 1838 872 parte
1884 792 2037 852 male
2082 793 2249 862 fecit,
2298 791 2454 871 quod
2500 791 2599 852 ille
2631 810 2747 853 non
2776 791 2917 850 fecit

332 900 543 979 perite.
607 898 1088 978 conparationem
1134 896 1546 958 adnumeravit
1590 896 1854 956 Donatus
1898 897 1959 955 in
2005 894 2116 956 hac
2160 894 2474 955 divisione:
2524 912 2643 953 non
2690 892 2911 953 debuit.

283 1017 309 1055 5
334 1008 584 1082 proptor
629 1019 803 1080 quam
847 1000 1126 1060 oausam?
1172 998 1307 1059 illae
1352 1001 1508 1059 enim
1554 1000 1820 1078 quinque
1847 1016 1962 1058 res
1994 996 2147 1058 bene
2177 1004 2557 1058 enumeratae
2586 1003 2744 1065 sunt,
2780 996 2914 1075 quia

333 1121 575 1183 semper
620 1102 917 1171 accidunt,
964 1103 1214 1181 qualitas
1257 1120 1445 1179 genus
1489 1119 1774 1162 numerus
1805 1103 1991 1179 ligura
2023 1117 2222 1161 casus:
2272 1099 2500 1161 nullum
2533 1118 2748 1160 nomen
2782 1116 2916 1159 esse

331 1215 524 1286 potest
566 1202 576 1286 Ι
614 1207 742 1266 sine
786 1203 1092 1284 qualitate,
1141 1203 1366 1263 nullum
1413 1205 1542 1263 sine
1586 1221 1834 1281 genere,
1883 1201 2109 1263 nullum
2153 1205 2281 1263 sine
2313 1221 2485 1272 casu,
2534 1200 2757 1262 nullum
2789 1202 2916 1261 sine

330 1310 551 1386 figura,
601 1306 827 1367 nullum
872 1308 998 1366 sine
1045 1324 1313 1366 numero.
1374 1307 1522 1366 istae
1568 1306 1830 1385 quinque
1876 1324 1974 1366 res
2019 1323 2256 1384 semper
2301 1305 2625 1365 cohaerent
2669 1305 2912 1364 nomini.

331 1429 363 1470 e
408 1411 709 1470 contrario
767 1410 1146 1469 inveniuntur
1204 1410 1444 1468 nomina
1500 1425 1650 1485 quae
1706 1413 1911 1467 carent
1977 1409 2415 1487 conparatione.
2514 1407 2726 1468 doctus
2780 1407 2920 1467 facit

255 1529 303 1568 io
331 1511 596 1581 doctior;
642 1511 862 1572 Hector
907 1529 1026 1570 non
1071 1511 1281 1590 recipit
1325 1511 1829 1590 conparationem.
1891 1510 2177 1588 numquid
2209 1511 2348 1571 facit
2377 1509 2724 1570 llectorior?
2773 1510 2915 1587 quin

332 1634 468 1675 cum
513 1616 637 1675 sint
678 1613 908 1693 species
954 1613 1259 1673 nominum
1306 1611 1797 1693 appellativorum
1846 1613 2044 1690 viginti
2093 1620 2151 1673 et
2192 1619 2440 1692 septem,
2490 1631 2607 1672 non
2654 1619 2791 1673 sunt
2834 1611 2916 1672 ibi

332 1718 445 1778 nisi
478 1716 651 1784 duae,
686 1714 905 1792 quibus
936 1714 1209 1775 accidunt
1242 1716 1712 1796 conparationeS,
1747 1714 2042 1795 qualitatis
2074 1722 2133 1776 et
2162 1716 2521 1793 quantitatis,
2582 1732 2725 1793 ergo
2757 1713 2919 1774 vides

327 1818 612 1899 quoniam
670 1818 733 1876 in
781 1835 852 1876 eo
896 1819 1191 1896 peccavit,
1251 1819 1530 1897 quoniam
1589 1816 1999 1878 adnumeravit
2055 1818 2568 1896 conparationem,
2625 1834 2754 1876 rem
2799 1835 2916 1877 non

326 1938 653 2000 numquam
711 1918 1111 1989 accidentem,
1166 1921 1322 1981 inter
1387 1938 1485 1979 res
1540 1938 1780 1999 semper
1835 1919 2190 1980 accidentes,
2278 1917 2411 1979 illae
2469 1920 2624 1978 enim
2684 1937 2919 1998 semper

250 2040 299 2078 15
325 2022 640 2090 accidunt,
690 2020 942 2100 qualitas
987 2039 1174 2101 genus
1218 2039 1505 2082 numerus
1548 2023 1735 2100 ligura
1782 2040 1983 2089 casus;
2031 2020 2126 2081 illa
2173 2039 2293 2081 uon
2339 2039 2661 2100 numquam
2685 2020 2915 2080 accidit.

324 2125 442 2185 hoc
487 2125 684 2184 sciens
738 2122 971 2183 Probus
1028 2122 1313 2184 abstinuit
1359 2143 1454 2184 se:
1511 2125 1668 2184 inter
1725 2122 2054 2184 accidentia
2099 2141 2335 2202 semper
2389 2141 2507 2183 non
2567 2122 2717 2182 dixit
2769 2121 2917 2184 illud

323 2226 484 2307 quod
535 2244 656 2287 non
703 2242 1027 2302 numquam
1073 2226 1317 2296 accidit,
1366 2245 1516 2296 non,
1563 2225 1665 2286 sed
1714 2225 1860 2287 dixit
1903 2227 2154 2285 ‘nomini
2199 2225 2476 2286 accidunt
2520 2223 2770 2305 qualitas
2814 2221 2915 2303 g'e-

323 2348 439 2390 nus
486 2346 774 2388 numerus
817 2330 1005 2406 ligura
1050 2330 1275 2398 casus’,
1338 2337 1396 2389 et
1438 2347 1557 2389 non
1603 2327 1702 2388 dat
1745 2330 2229 2407 conparationem
2275 2327 2519 2387 nomini.
2601 2329 2753 2405 siqui
2809 2326 2915 2388 tibi

322 2432 485 2492 dicat
530 2436 746 2511 ‘quare
800 2429 899 2490 ille
955 2431 1295 2509 conputavit
1355 2438 1415 2490 et
1464 2429 1563 2490 ille
1624 2430 1815 2489 non2’
1873 2431 2024 2490 iusta
2079 2431 2308 2490 ratione
2366 2447 2484 2489 non
2541 2425 2917 2510 conputalvit,

245 2536 524 2595 nesciens
572 2551 691 2592 non
737 2550 975 2611 semper
1020 2532 1291 2592 accidere
1335 2533 1564 2593 nomini
1609 2534 2123 2611 conparationem:
2187 2541 2244 2593 et
2299 2530 2456 2611 quod
2516 2549 2632 2591 non
2680 2549 2918 2610 semper

320 2636 575 2706 accidit,
623 2654 743 2695 non
789 2632 968 2694 debet
1011 2635 1153 2713 poni
1196 2636 1353 2694 inter
1397 2633 1454 2693 id
1502 2633 1659 2713 quod
1704 2652 1941 2714 semper
1987 2633 2215 2694 accidit.
2308 2632 2421 2694 hoc
2466 2634 2623 2693 enim
2677 2651 2917 2712 semper

316 2737 538 2801 accidit
586 2739 668 2807 ei,
717 2738 979 2818 quinque
1023 2737 1168 2798 istae
1213 2744 1442 2817 partes,
1500 2734 1598 2801 illa
1656 2753 1773 2796 non
1832 2753 2085 2817 semper.
2179 2754 2321 2816 ergo
2365 2755 2466 2798 sex
2512 2744 2714 2817 partes
2761 2734 2915 2820 [ora-

320 2839 536 2921 tionis]
591 2840 865 2901 accidunt
911 2840 1154 2900 nomini.
1246 2838 1549 2900 videamus
1592 2839 1874 2921 singulas,

1351 3023 1446 3070 DE
1492 3022 1891 3084 QvAm'rA'rE

242 3150 293 3190 25
498 3129 763 3201 Qualitas
807 3131 1110 3190 nominum
1162 3129 1568 3209 principaliter
1614 3129 1894 3190 dividitur
1938 3130 1999 3189 in
2045 3129 2194 3190 duas
2236 3137 2453 3209 parteS.
2519 3108 2715 3191 omnia
2761 3132 2919 3192 enim
2942 3132 3061 3195 490,
3088 3133 3151 3181 37

319 3232 569 3292 nomina
627 3231 783 3310 apud
829 3231 1072 3292 Latinos
1127 3242 1228 3291 aut
1285 3233 1521 3311 propria
1579 3240 1719 3292 sunt
1774 3239 1876 3292 aut
1950 3230 2319 3311 appellativa.
2412 3231 2540 3292 vide
2596 3232 2752 3311 quod
2810 3233 2917 3293 tibi

318 3334 488 3394 dico:
536 3332 695 3394 aliud
743 3334 900 3393 enim
947 3332 1168 3393 liabent
1211 3333 1448 3393 Graeci:
1519 3335 1713 3394 omnia
1761 3322 1999 3395 nomina
2045 3334 2199 3413 apud
2247 3334 2488 3395 Latinos
2531 3342 2632 3394 aut
2676 3336 2918 3414 propria

318 3443 464 3497 sunt
519 3442 624 3496 aut
676 3434 1044 3514 appellativa.
1134 3436 1193 3494 in
1242 3452 1442 3496 rerum
1488 3443 1697 3496 natura
1755 3436 1927 3496 aliam
1974 3436 2319 3497 divisionem
2366 3455 2485 3498 non
2532 3435 2718 3497 habes
2763 3436 2915 3516 apud

316 3538 585 3599 Latinos
680 3554 1088 3616 quaecumque
1140 3545 1280 3596 sunt
1325 3538 1564 3598 nomina
1609 3537 1763 3615 apud
1812 3538 2079 3608 Latinos,
2128 3540 2178 3598 si
2222 3540 2462 3617 propria
2508 3556 2627 3599 non
2673 3540 2914 3606 fuerint,

244 3638 681 3719 mappellativa
728 3645 895 3708 sunt;
945 3640 996 3698 si
1039 3640 1180 3698 item
1227 3639 1575 3719 appellativa
1622 3658 1743 3700 non
1789 3641 2038 3710 fuerint,
2097 3643 2338 3720 propria
2382 3648 2534 3702 sunt.
2626 3640 2729 3701 sed
2776 3639 2914 3702 suh-

317 3742 647 3802 divisiones
690 3750 829 3801 sunt
872 3739 1024 3820 apud
1072 3759 1201 3801 nos.

706 3925 800 3971 DE
845 3924 1220 3973 SPECOEBVS
1267 3924 1722 3972 PROPRIORVM
1767 3926 1857 3972 ET
1902 3926 2540 3973 APPELLATIVORVM

496 4032 560 4092 ln
609 4032 856 4110 proprio
901 4033 1140 4091 nomine
1184 4038 1458 4108 quattuor
1504 4040 1642 4092 sunt
1686 4034 1944 4111 species,
1994 4034 2054 4092 in
2101 4030 2451 4111 appellativo
2495 4032 2784 4095 habemus
2833 4036 2913 4094 vi-

319 4135 469 4213 ginti
519 4140 579 4193 et
621 4140 847 4212 septem
894 4134 1141 4212 species.
1207 4132 1311 4194 has
1343 4134 1552 4195 Graeci
1596 4133 1955 4197 rettulerunt
1984 4134 2055 4194 ad
2102 4142 2331 4214 septem
2376 4136 2624 4215 species
2690 4122 2918 4196 habetis

248 4235 780 4314 ssdiligentissime
825 4235 885 4294 in
918 4234 1226 4314 Apollonio
1275 4242 1580 4297 tractatum
1629 4236 1702 4297 de
1747 4234 2076 4317 spcsciebus
2122 4238 2266 4297 istis.
2330 4238 2431 4297 sed
2472 4239 2750 4317 quoniam
2796 4256 2915 4298 non

465 4424 491 4474 1
530 4437 631 4471 non
672 4416 762 4473 sed
801 4421 977 4472 BCa:
1017 4436 1113 4469 non
1146 4436 1236 4474 om.
1274 4422 1325 4469 A
1458 4422 1494 4472 9
1531 4433 1704 4473 carent
1732 4425 1881 4474 BGa
1911 4420 2111 4473 careant
2141 4424 2190 4472 A
2331 4426 2390 4475 ll
2420 4425 2488 4473 ibi
2529 4426 2917 4489 conparationes

323 4493 420 4542 nisi
461 4494 566 4541 duo
598 4493 755 4547 (duae
789 4490 887 4554 bc)
922 4507 1051 4554 qnae
1088 4493 1333 4540 accedunt
1372 4492 1632 4555 (accidunt
1672 4492 1745 4556 B)
1787 4495 2017 4556 qualitati
2055 4505 2104 4543 et
2140 4495 2405 4556 quantitati
2439 4495 2582 4544 BGa
2620 4497 2686 4544 ibi
2727 4512 2913 4561 conpa—

322 4564 550 4612 rationes
600 4563 700 4611 nisi
743 4562 844 4611 duo
892 4562 1159 4623 qualitates
1205 4562 1323 4610 dum
1370 4564 1612 4612 accedunt
1651 4565 1921 4627 qualitates
1957 4572 2006 4612 et
2055 4566 2361 4628 quantitates
2401 4566 2445 4612 A
2623 4566 2684 4614 17
2727 4566 2916 4615 nomini

321 4632 559 4681 accidunt
597 4631 649 4680 B
684 4631 875 4680 nomini
906 4632 1153 4681 accedunt
1181 4632 1222 4681 C
1253 4634 1441 4681 nomini
1479 4634 1673 4683 accedit
1702 4635 1750 4683 A
1891 4633 1960 4683 ⁸20
1990 4637 2158 4683 sciens
2195 4650 2290 4685 non
2330 4634 2417 4683 Ab
2448 4636 2616 4684 sciens
2649 4637 2781 4684 enim
2815 4650 2913 4685 non

322 4701 465 4751 BCa
609 4707 659 4749 et
697 4700 831 4764 quod
869 4716 1071 4767 semper
1107 4716 1207 4751 non
1238 4702 1414 4751 -ABG
1550 4703 1617 4753 23
1658 4703 1849 4755 nomini
1882 4701 1889 4767 Ι
1926 4719 1988 4752 os
2026 4719 2304 4760 ommi-ne
2342 4720 2592 4755 uinmmus
2631 4720 2871 4756 sisennas
2906 4704 2912 4769 Ι

323 4770 544 4834 qualitas
579 4771 628 4819 A
771 4772 834 4819 27
890 4771 1027 4836 apud
1076 4771 1260 4822 latinos
1302 4780 1388 4821 aut
1420 4773 1631 4838 propria
1666 4782 1753 4822 aut
1789 4774 2098 4838 appellatiua
2135 4785 2251 4823 sunt
2290 4776 2406 4825 uide
2437 4774 2537 4824 BG
2561 4777 2696 4840 apud
2734 4776 2916 4825 latinos

325 4841 440 4890 uide
478 4842 529 4889 A
676 4840 745 4889 29
794 4841 998 4889 nomina
1038 4843 1174 4905 apud
1214 4843 1398 4892 latinos
1435 4842 1477 4891 si
1516 4845 1722 4908 propria
1761 4838 1912 4893 BCa
1949 4845 2154 4893 nomina
2197 4845 2331 4910 apud
2370 4847 2552 4894 latinos
2587 4854 2674 4895 aut
2711 4847 2917 4912 propria

325 4920 442 4958 sunt
477 4918 567 4959 aut
599 4907 915 4974 appellatiua
957 4952 969 4964 .
1002 4952 1047 4964 ..
1080 4954 1091 4964 .
1118 4952 1168 4965 ..
1200 4914 1407 4979 propria
1443 4914 1490 4962 A
1630 4914 1697 4963 35
1731 4914 2024 4979 appollonia>
2062 4913 2173 4963 AB
2207 4916 2480 4982 appolonio
2510 4917 2551 4967 C
