3541 5564
490 337 505 348 ι
563 386 690 452 630
1665 391 2024 454 MACROBII

563 576 753 625 tionum
780 590 982 625 suarum
1010 591 1271 625 numerum
1298 577 1498 626 denario
1523 578 1828 633 contineant,
1861 579 2123 626 verborum
2152 587 2315 625 tamen
2343 577 2565 625 omnium
2586 578 2700 627 bina
2722 578 2903 627 divisio
2925 588 3018 627 est.
3047 589 3136 626 aut

565 646 695 692 enim
720 645 769 692 in
794 643 1209 709 περισπώμενα,
1231 645 1277 693 id
1307 657 1383 694 est
1416 646 1463 695 in
1492 660 1548 693 ea
1575 660 1706 708 quae
1732 646 1955 695 nltimam
1981 646 2394 706 circumflectunt,
2422 657 2510 694 aut
2534 647 2581 694 in
2609 641 2912 711 βαρύτατα,
2939 648 3032 695 hoc
3059 656 3134 695 est

567 713 924 776 paenultimam
952 726 1157 775 gravem
1185 712 1436 771 habentia,
1463 713 1770 765 dividuntur.
1824 713 2019 762 addunt
2044 713 2248 777 quidam
2277 714 2475 761 tertiam
2499 716 2717 779 speciem
2746 729 2896 793 quam
2925 728 3136 779 ηρησυ·

568 796 675 844 νην
709 777 858 841 (fort.
887 779 1186 845 epicoenon)
1231 790 1440 840 vocant,
1476 781 1526 829 id
1564 790 1640 830 est
1673 781 1923 831 acualem:
1962 781 2111 830 habet
2136 782 2288 839 enim,
2323 790 2380 828 ut
2406 781 2595 835 dicunt.
2632 792 2834 830 acutum
2861 782 2908 830 in
2939 783 3132 832 ultima

568 846 850 896 Macrobius
878 863 994 896 vero
1021 848 1147 896 duas
1173 858 1365 899 tantum
1391 849 1586 913 species
1615 850 1865 912 ostendit,
1892 864 2042 899 unam
2070 851 2119 897 in
2146 847 2260 896 his
2250 863 2296 895 ιιι
2327 849 2528 909 quibus,
2561 862 2613 898 ut
2636 849 2879 911 diximus,
2906 851 3130 898 ultimam

568 930 769 980 semper
802 917 1156 965 circumflexus
1190 927 1323 965 tenet
1355 926 1619 979 accentus,
1656 925 1807 981 atque
1841 918 1953 966 ideo
1989 911 2380 983 περισπωμένη
2414 918 2594 965 meruit
2625 917 2892 983 appellari,
2927 919 3134 966 alteram

569 997 715 1045 quae,
741 984 860 1031 dum
887 984 1294 1033 immutabiliter
1284 1000 1331 1031 ιιι
1362 953 1669 1050 paenultima
1692 1001 1898 1048 gravem
1925 995 2110 1044 teneat,
2138 985 2329 1033 nullum
2357 996 2521 1032 tamen
2539 988 2596 1033 in
2624 985 2725 1034 flue
2749 997 2938 1033 certum
2966 997 3132 1050 potest

570 1051 750 1099 habere
783 1065 982 1100 sonum.
1034 1052 1252 1115 denique
1290 1055 1533 1115 barytona
1568 1053 1768 1116 dicitur,
1807 1054 1855 1101 id
1893 1066 1969 1101 est
2004 1066 2121 1102 tono
2153 1064 2394 1101 extranea
2429 1055 2476 1101 in
2517 1053 2707 1111 ultima,
2748 1068 2845 1102 uon
2881 1055 2997 1116 qnia
3033 1068 3134 1101 ιιοιι

568 1118 765 1178 habeat,
791 1120 879 1167 sed
906 1120 1041 1182 quod
1066 1131 1254 1169 certum
1284 1120 1613 1183 stabilemque
1638 1119 1823 1170 habere
1851 1136 1945 1170 non
1976 1122 2153 1186 possit.
2203 1121 2476 1181 aliqnando
2503 1135 2721 1184 namque
2745 1135 3002 1185 gravatur,
3042 1122 3136 1169 ali-

569 1186 769 1248 quando
807 1202 924 1237 vero
959 1189 1172 1247 acuitur,
1209 1203 1478 1251 numquam
1519 1200 1686 1238 tamen
1714 1189 2136 1239 circumflectitur.
2186 1186 2280 1237 hoc
2307 1189 2454 1235 etiam
2484 1188 2679 1237 videtur
2704 1203 2800 1237 non
2830 1205 2943 1237 esse
2969 1203 3132 1238 trans—

538 1256 807 1311 -eundum,
849 1256 1010 1317 quod,
1056 1271 1166 1305 cum
1212 1256 1525 1317 quorundam
1570 1258 1842 1306 auctoritas
1885 1257 1994 1306 sola
2035 1257 2388 1336 perispomeua
2422 1256 2685 1321 ipsiusque
2720 1257 2896 1305 tertiae
2928 1257 3136 1322 speciei.

567 1338 720 1384 quam
748 1323 816 1371 illi
842 1323 1054 1385 addunt,
1082 1326 1230 1373 verba
1257 1341 1298 1373 ω
1326 1324 1613 1373 naturaliter
1648 1325 1892 1388 producto
1920 1324 2173 1374 teiminari
2199 1323 2489 1384 contendat,
2528 1326 2647 1387 δεῖ)
2651 1334 2769 1373 tona
2795 1338 2911 1373 vero
2937 1340 3140 1389 sempe·

568 1406 597 1439 ο
626 1390 911 1439 naturaliter
937 1404 1184 1457 correpto,
1214 1393 1382 1440 omnia
1408 1392 1713 1441 Graecorum
1741 1393 1892 1441 verba
1916 1408 2018 1442 una
2043 1386 2324 1455 eademque
2345 1391 2449 1440 litt«
2441 1406 2532 1452 ra
2571 1394 2818 1456 producta
2853 1393 3048 1441 scilicet
3074 1408 3136 1450 ω,

568 1458 885 1508 Theodosius
920 1460 1049 1507 finiri
1084 1460 1385 1523 pronuntiet.
1444 1460 1560 1508 inde
1596 1459 1653 1509 fit
1685 1470 1740 1510 ut
1773 1461 1972 1509 illorum
2007 1460 2155 1511 finem
2192 1472 2432 1509 accentus
2467 1459 2751 1525 discernat,
2789 1475 2888 1509 non
2917 1472 3134 1523 tempus,

568 1528 767 1575 videtur
790 1541 990 1590 quoque
1016 1527 1147 1575 idem
1173 1528 1324 1576 simili
1351 1529 1543 1576 ratione
1568 1526 1715 1590 velle,
1755 1544 1852 1577 non
1881 1540 2043 1577 tamen
2073 1528 2341 1589 almfirmare
2369 1529 2540 1576 omnia
2564 1526 2853 1577 Latinorum
2880 1529 3029 1577 verba
3057 1542 3139 1576 ra-

568 1594 851 1644 tionabilius
893 1595 1170 1644 secundum
1213 1610 1445 1658 graecam
1491 1594 1700 1644 sormam
1738 1610 1768 1645 ο
1802 1597 2047 1662 producto
2094 1596 2326 1645 concludi
2357 1609 2510 1658 quam
2547 1608 2810 1660 cor‚repto
2845 1611 2958 1644 cum
2996 1596 3140 1644 iuxta

570 1678 729 1726 paene
755 1677 931 1712 omnes
957 1661 1250 1711 dicht-onum
1277 1664 1359 1715 sit.
1411 1663 1573 1727 prima
1600 1664 1750 1728 igitur
1774 1665 1971 1728 species
1998 1665 2045 1713 in
2073 1665 2236 1713 tribus
2262 1662 2701 1725 coniugationibus
2727 1663 3058 1719 concluditur,
3087 1664 3135 1711 in

569 1732 756 1793 quibus
781 1731 1138 1779 circumflexus
1164 1732 1383 1780 ultimam
1420 1741 1675 1793 tamquam
1711 1744 2009 1797 perpetuam
2026 1730 2273 1797 possidet
2298 1732 2487 1783 sedem.
2541 1732 2767 1780 secunda
2794 1743 2911 1780 vero
2938 1747 3030 1779 sex
3059 1732 3138 1778 vel

493 1824 497 1828 ·
569 1808 761 1863 septem
798 1799 997 1848 videtur
1030 1798 1435 1862 conprehendere
1470 1802 1724 1863 syzygias,
1762 1815 1976 1862 quarum
2016 1800 2349 1864 paenultimas
2380 1799 2521 1863 gravi
2547 1811 2757 1849 accentu
2786 1813 2882 1847 non
2910 1798 3142 1847 dubitant

571 1865 861 1915 naturaliter
886 1881 999 1917 esse
1023 1881 1309 1931 possessas.
1360 1880 1572 1929 quorum
1598 1868 1824 1917 omnium
1861 1868 2061 1931 regulas
2089 1870 2237 1916 modo
2262 1867 2525 1931 generales
2553 1868 2700 1916 modo
2726 1866 3000 1933 speciales,
3040 1881 3137 1914 ιιοιι

571 1947 733 1984 tamen
771 1937 935 2000 plene,
971 1934 1228 1984 docendas
1265 1950 1378 1984 esse
1410 1934 1754 1999 promisimus.
1807 1936 1855 1983 in
1883 1951 1982 1997 qua
2009 1934 2174 1984 tamen
2214 1935 2546 2001 promissione
2574 1935 2813 1984 lectorem
2840 1949 3138 1999 praemone·

569 2017 702 2058 mus,
744 2018 804 2051 ne
829 2003 946 2068 plus
973 2014 1196 2064 quaerat,
1237 2003 1355 2066 quia
1383 2017 1473 2051 nec
1499 2003 1613 2067 plus
1639 2003 1876 2061 inveniet,
1904 2018 2055 2064 quam
2082 2019 2212 2066 quae
2238 2004 2488 2067 pertinent
2511 2004 2574 2051 ad
2601 2002 2988 2051 declinationem
3015 2016 3141 2050 con—

570 2071 1022 2133 formationemque
1058 2073 1341 2125 verborum.
1376 2072 1426 2118 in
1460 2070 1644 2132 quibus
1678 2086 1842 2136 paene
1877 2080 1982 2119 tota
2015 2070 2166 2120 huius
2195 2070 2348 2120 libelli
2377 2071 2580 2127 utilitas,
2622 2071 2665 2118 si
2690 2069 2999 2133 aliquantula
3025 2072 3140 2132 qui-

570 2139 683 2187 dem
712 2151 803 2198 est,
832 2151 1076 2190 versatur.
1129 2138 1243 2186 hinc
1269 2139 1367 2186 iam
1395 2151 1606 2186 tractare
1633 2137 1954 2203 incipienteS,
1983 2141 2145 2203 primo
2173 2140 2235 2187 de
2260 2139 2631 2204 perispomenis
2657 2138 2897 2197 dicemus,
2925 2153 3140 2200 quorum

570 2209 731 2271 prima
756 2224 799 2257 ω
824 2207 1119 2271 productum
1149 2207 1337 2271 primae
1362 2220 1609 2270 personae
1632 2206 1680 2254 in
1711 2221 1794 2264 stc
1818 2204 2187 2271 diphthongum
2216 2218 2518 2255 convertens
2544 2206 2819 2255 secundam
2848 2204 3001 2253 efficit
3027 2220 3144 2270 per-

570 2290 765 2337 sonam,
803 2285 856 2324 ut
881 2272 1027 2338 φιλῶ
1054 2275 1258 2336 φιλεῖς,
1297 2275 1405 2339 ipsa
1433 2283 1599 2322 autem
1625 2275 1852 2323 secunda
1877 2272 2052 2339 σίγμα
2077 2275 2274 2324 sublato
2301 2275 2497 2323 tertiam
2522 2274 2701 2338 gignit,
2729 2274 2909 2337 φιλεῖ.
2959 2283 3143 2321 notan-

570 2343 788 2406 dumque
823 2343 954 2403 quod
992 2357 1165 2391 omnes
1200 2357 1447 2407 personae
1483 2342 1769 2406 singulares
1814 2344 1864 2391 in
1901 2341 1995 2390 hac
2030 2342 2408 2409 coniugatione,
2453 2342 2583 2390 sit-ut
2617 2350 2664 2389 et
2698 2342 2747 2389 iu
2788 2340 2902 2391 aliis
2944 2341 3146 2390 duabus

570 2412 796 2459 eiusdem
833 2411 1040 2475 speciei,
1077 2420 1124 2458 et
1159 2409 1419 2472 aequalem
1455 2409 1764 2472 syllabarum
1812 2424 2076 2459 numerum
2112 2419 2312 2459 teneant
2347 2420 2398 2458 et
2431 2410 2811 2458 circumflexum
2848 2422 3050 2473 semper
3092 2410 3141 2457 in

573 2480 741 2527 ultima
766 2479 1071 2527 custodiant.
1123 2478 1282 2542 prima
1312 2478 1460 2526 etiam
1490 2476 1694 2541 pluralis
1719 2493 1748 2524 a
1775 2478 2023 2556 singulari
2047 2479 2208 2540 prima
2236 2478 2506 2541 egreditur,
2534 2491 2776 2526 converso
2804 2476 2999 2525 scilicet
3022 2493 3067 2526 ω
3093 2478 3142 2523 in

571 2563 638 2595 ov
664 2546 1030 2611 diphthongum
1058 2545 1255 2593 adiecta
1288 2545 1484 2609 syllaba
1510 2559 1634 2607 μεν,
1671 2543 1817 2608 φιλῶ
1846 2542 2151 2608 φιλοῦμενς
2189 2545 2411 2595 secunda
2437 2545 2646 2610 pluralis
2673 2560 2702 2592 a
2730 2546 2872 2593 tertia
2898 2545 3147 2607 singulari

571 2614 740 2662 addita
773 2629 853 2677 τε,
889 2614 1053 2677 φιλεῖ
1079 2614 1321 2675 φιλεῖτεε
1360 2613 1505 2660 tertia
1541 2626 1658 2660 vero
1694 2613 1903 2676 pluralis
1937 2630 1965 2661 a
2000 2613 2162 2692 prima
2197 2614 2421 2663 eiusdem
2461 2614 2650 2662 numeri
2688 2613 2917 2661 nascitur
2950 2622 3144 2660 mutata

570 2697 677 2746 μεν
712 2684 761 2731 iu
798 2697 870 2740 σι,
908 2680 1184 2745 φιλοῦμεν
1217 2679 1485 2743 φιλοῦσιν
1515 2678 1575 2743 (l.
1606 2679 1880 2757 φιλοῦσι).
1932 2683 2008 2729 sic
2043 2681 2193 2744 igitur
2218 2684 2423 2728 verbnm
2458 2681 2676 2728 activum
2705 2681 2988 2745 praesentis
3014 2692 3143 2728 tem-

574 2752 709 2815 poris
744 2750 948 2801 indicati
982 2748 1040 2814 (I.
1068 2747 1351 2814 indicativi)
1388 2748 1523 2798 modi
1559 2749 1748 2814 primae
1780 2750 2154 2814 coniugationis
2191 2748 2677 2799 circumflexibilium
2716 2747 2954 2808 flectitur,
2993 2746 3144 2811 φιλῶ

573 2818 761 2882 φιλεῖς
787 2819 958 2882 φιλεῖ,
985 2818 1244 2883 pluraliter
1270 2814 1549 2882 φιλοῦμεν
1576 2818 1794 2880 φιλεῖτε
1830 2816 2114 2880 φιλοῦσιν.
2164 2818 2354 2896 passivi
2382 2832 2583 2880 quoque
2615 2819 2814 2880 generis
2841 2818 3017 2895 prima
3029 2832 3144 2880 per—

573 2902 698 2935 sona
722 2887 995 2951 singularis
1020 2888 1082 2935 ab
1107 2887 1271 2934 activa
1297 2887 1456 2950 prima
1482 2885 1724 2948 singulari
1752 2885 1807 2933 flt
1844 2899 2088 2934 conterso
2115 2902 2157 2935 m
2183 2887 2230 2934 iu
2258 2901 2328 2935 ov
2353 2896 2400 2933 et
2425 2887 2718 2964 adsumpta
2720 2901 2845 2948 μαι,
2872 2882 3021 2947 φιλῶ
3045 2899 3143 2947 φι-

575 2954 808 3032 λοῦμαι·
844 2954 1070 3004 secunda
1095 2969 1293 3018 semper
1320 2955 1482 3002 minor
1506 2967 1606 3000 una
1630 2952 1826 3015 syllaba
1859 2968 2009 3016 quam
2039 2954 2199 3018 prima
2227 2954 2493 3014 invenitur,
2535 2954 2654 3002 etin
2681 2937 2788 3017 ἦτα
2815 2952 3020 3015 desinit,
3048 2967 3143 3015 φι-

574 3020 781 3085 λοῦμαι
819 3020 983 3088 φιλῇ;
1021 3023 1165 3070 tertia
1199 3037 1315 3070 vero
1350 3036 1376 3068 a
1414 3021 1575 3086 prima
1611 3020 1835 3068 eiusdem
1869 3024 2070 3085 generis
2098 3034 2286 3070 mutato
2310 3038 2349 3084 μ
2376 3022 2424 3070 in
2451 3038 2483 3071 τ
2507 3032 2554 3070 et
2579 3020 2894 3086 diphthongo
2921 3035 2991 3069 ov
3015 3021 3066 3068 iu
3096 3035 3146 3070 ει

574 3092 941 3171 diphthongum
985 3104 1248 3147 conversa,
1294 3087 1571 3153 φιλοῦμαι
1615 3088 1885 3152 φιλεῖται,
1935 3104 2236 3170 semperque
2278 3089 2439 3154 prima
2482 3101 2531 3138 et
2571 3089 2714 3137 tertia
2753 3088 3147 3150 aequasyllabae

576 3163 719 3212 liunt.
767 3162 927 3226 prima
963 3172 1180 3233 persona
1213 3157 1421 3223 pluralis
1455 3173 1484 3205 a
1529 3157 1686 3221 prima
1720 3155 1905 3221 plurali
1940 3160 2110 3207 activa
2144 3159 2340 3206 abiecta
2376 3174 2410 3207 ν
2444 3171 2493 3205 et
2523 3157 2695 3206 addita
2728 3155 2812 3205 θα
2849 3157 3035 3217 ubique
3070 3156 3144 3215 lit,

576 3226 857 3294 φιλοῦμεν
883 3217 1240 3306 φιλοῦμεθαε
1268 3226 1489 3280 secunda
1514 3224 1724 3289 pluralis
1745 3224 1912 3273 activa
1933 3234 2101 3275 movet
2120 3223 2228 3274 ταῦ
2256 3226 2460 3274 ultimae
2485 3240 2608 3274 suae
2633 3225 2682 3272 iu
2705 3223 2876 3288 σίγμα
2897 3235 2945 3271 et
2964 3221 3143 3287 θῆτα,

575 3296 728 3357 litque
763 3298 969 3362 passiva
1005 3295 1220 3355 φιλεῖτε
1246 3294 1538 3357 φιλεῖσθεε
1575 3294 1721 3341 tertia
1755 3292 1963 3355 pluralis
1992 3309 2020 3342 a
2058 3294 2203 3342 tertia
2230 3288 2475 3356 singulari
2500 3293 2705 3369 passiva
2730 3292 2889 3340 oritur
2912 3292 3087 3340 addito
3113 3306 3148 3337 v

574 3365 636 3412 ad
664 3382 694 3415 τ
719 3376 769 3412 et
803 3363 1107 3429 paenultima
1144 3363 1331 3427 primae
1366 3375 1613 3436 personae
1648 3360 1922 3423 singularis
1948 3369 2165 3419 servata,
2194 3360 2448 3424 φιλεῖται
2474 3358 2795 3437 φιλοῦνται.
2846 3359 2998 3424 igitur
3023 3375 3143 3422 pas-

574 3433 668 3482 sivi
704 3434 838 3481 verbi
874 3433 1143 3481 declinatio
1179 3430 1250 3477 sic
1287 3438 1387 3478 est.
1424 3425 1698 3492 φιλοῦμαι
1736 3426 1875 3494 φιλῇ
1911 3430 2182 3492 φιλεῖται,
2217 3429 2476 3494 pluraliter
2511 3422 2839 3491 φιλοῦμεθα
2875 3425 3145 3490 φιλεῖσθε

577 3500 893 3563 φιλοῦνται.
