3541 5564
1547 366 2021 432 COMMENTVM
2955 363 3082 431 269

2712 487 2756 529 p.
2784 476 2961 517 386-88
2988 474 3031 515 1..

500 561 659 621 niam
702 556 862 619 nulla
917 557 1278 637 praepositio
1336 574 1446 636 per
1488 564 1513 616 t
1555 558 1934 627 terminatum
2005 554 2364 636 ubicumque
2416 558 2645 617 invenis
2694 556 3082 635 praepositio-

501 680 659 731 nem,
706 679 816 741 per
860 658 896 719 d
945 667 1050 720 est.
1142 660 1329 736 siquis
1373 659 1681 738 scripserit
1723 677 1833 739 per
1879 665 1918 728 t,
1968 657 2401 719 barbarismum
2447 659 2604 728 facit,
2652 658 2931 737 quoniam
2974 674 3083 737 per

501 763 724 825 litteras
768 772 1003 842 peccam
1053 780 1172 822 non
1219 759 1634 822 soloecismum
1677 760 1834 829 facit,
1887 760 1992 822 sed
2024 758 2475 825 barbarismum.
2545 758 2907 839 ubicumque
2938 777 3082 838 ergo

502 865 860 944 praepositio
905 871 1010 937 est,
1058 882 1168 943 per
1199 864 1236 923 d
1266 862 1497 930 scribis,
1546 860 1618 922 ad
1663 868 1915 942 patrem,
1962 862 2034 923 ad
2077 861 2302 931 forum;
2349 881 2382 922 e
2413 863 2712 924 contrario
2743 863 3082 923 coniunctio

450 990 476 1031 ⁵
502 985 611 1047 per
658 975 679 1027 t
722 965 1023 1032 scribitur.
1070 973 1146 1026 at.
1216 984 1357 1043 ergo
1403 965 1684 1043 quoniam
1730 962 1985 1023 diximus
2015 965 2494 1025 coniunctionem
2540 976 2669 1025 esse
2713 971 2789 1035 at,
2838 973 2898 1026 et
2940 983 3081 1025 con-

502 1066 755 1148 polsitio,
804 1062 954 1145 quae
998 1066 1137 1128 inde
1179 1067 1261 1135 fit,
1309 1064 1581 1127 similiter
1625 1072 1821 1126 servat
1864 1074 2153 1133 naturam,
2201 1074 2405 1143 atque,
2450 1065 2511 1126 id
2560 1074 2650 1127 est
2705 1085 2825 1128 non
2870 1086 2979 1148 per
3023 1066 3080 1135 d,

502 1169 607 1231 sed
651 1188 760 1249 per
808 1177 846 1229 t.
938 1170 988 1228 si
1034 1175 1093 1229 at
1136 1168 1395 1228 dicimus
1437 1166 1598 1227 illam
1642 1167 2141 1237 coniunctionem,
2186 1169 2297 1228 ista
2344 1176 2432 1228 est
2475 1170 2825 1249 conpositio.

671 1271 899 1333 Accidit
943 1274 1120 1331 etiam
1166 1268 1331 1331 ordo.
1424 1266 1570 1330 ordo
1614 1271 2100 1330 coniunctionum
2145 1267 2243 1329 hic
2289 1276 2405 1340 est,
2464 1271 2618 1351 quod
2674 1279 2814 1332 sunt
2857 1270 3085 1351 aliquae
3109 1281 3228 1343 418,
3252 1282 3322 1332 23

501 1375 950 1455 praepositivae,
999 1379 1137 1433 sunt
1178 1372 1616 1451 postpositivae,
1662 1379 1802 1432 sunt
1845 1370 2092 1432 mediae.
2166 1374 2593 1452 praepositivae
2638 1375 3089 1435 coniunctiones
3110 1350 3230 1415 ⁵¹⁶⁹
3254 1350 3324 1400 35

434 1498 482 1538 ιο
507 1475 751 1557 quidem
797 1473 1017 1535 multae
1046 1481 1212 1543 sunt;
1261 1471 1489 1533 habetis
1519 1469 1649 1532 illas
1693 1472 1851 1565 apud
1881 1474 2140 1535 Probum
2172 1474 2448 1552 digestas,
2506 1481 2645 1555 puta
2675 1483 2736 1536 at
2766 1484 2825 1537 et
2852 1485 2970 1537 ast:
3008 1478 3085 1537 ita

504 1579 776 1648 dicimus„
824 1581 910 1637 ‘at
953 1582 1261 1656 postquam
1309 1575 1505 1644 venit'‚
1554 1576 1639 1634 ‘at
1682 1584 1999 1655 postquam
2029 1575 2226 1638 medio
2256 1577 2491 1657 incepta
2523 1578 2789 1639 virorum
2819 1583 2949 1650 est',
2981 1581 3090 1640 ‘at

504 1689 719 1768 pater
763 1680 1290 1757 omnipotens’.
1331 1680 1421 1738 ‘at
1449 1680 1821 1757 postquam’;
1868 1680 2203 1758 ‘postquam
2240 1681 2324 1739 at’
2356 1698 2475 1739 non
2507 1698 2821 1760 possumus
2851 1680 3083 1744 dicere:

504 1791 604 1844 aut
632 1782 718 1842 ‘at
746 1783 973 1861 pater’;
1006 1772 1200 1859 ‘pater
1244 1782 1327 1840 at’
1360 1779 1606 1839 omnino
1646 1797 1767 1840 non
1799 1787 1968 1860 potes
1998 1779 2215 1841 dicere.
2278 1781 2551 1843 similiter
2595 1789 2712 1852 ast,
2762 1787 2909 1844 ‘ast
2953 1801 3085 1863 ego

503 1903 676 1965 quae
720 1882 961 1944 divum
1006 1881 1330 1955 incedo'.
1379 1881 1665 1961 numquid
1696 1880 1842 1942 dixit
1872 1899 1981 1960 ego
2012 1884 2137 1944 ast?
2169 1885 2318 1944 istae
2351 1892 2800 1964 praeponuntur
2830 1903 3086 1966 semper.

429 1986 642 2049 millae
685 1991 1128 2066 postponuntur
1172 1988 1438 2062 semper,
1486 2002 1629 2063 que,
1677 1984 1726 2043 si
1760 1982 1924 2044 dicas
1954 1986 2326 2063 primusque;
2358 2004 2479 2047 non
2525 1994 2693 2066 potes
2738 1985 2937 2049 dicere
2969 2007 3085 2067 que

502 2076 1085 2169 primusz'illiusque,
1117 2086 1453 2166 ipsiusque;
1500 2103 1618 2145 non
1651 2103 1969 2166 possumus
1998 2085 2199 2148 dicere
2243 2105 2357 2167 que
2387 2086 2561 2157 illius,
2610 2105 2726 2166 que
2754 2090 2959 2169 ipsius,
3007 2091 3086 2150 si-

505 2189 723 2251 militer
770 2188 910 2250 ‘hoc
940 2193 1138 2249 autem
1184 2187 1299 2248 fac’
1330 2206 1440 2268 pro
1472 2206 1543 2249 eo
1573 2187 1732 2267 quod
1765 2196 1856 2249 est
1886 2188 2104 2248 ‘autem
2133 2187 2247 2249 hoc
2276 2188 2415 2250 fac'.
2473 2190 2578 2250 sed
2608 2191 2717 2252 ista
2747 2193 3085 2272 praeposita

503 2293 796 2352 invenitur
827 2289 984 2369 apud
1016 2290 1296 2365 comicos,
1322 2291 1384 2350 in
1416 2289 1748 2351 elocutione
1780 2291 2080 2352 communi
2101 2291 2508 2370 postponitur;
2541 2293 2696 2373 apud
2717 2295 2978 2356 comicos
3000 2303 3083 2357 ta·

505 2411 639 2454 men
685 2394 1020 2454 invenimus
1060 2392 1220 2470 quod
1251 2394 1659 2472 praeponitur.
1722 2398 1814 2452 est
1844 2393 2019 2453 etiam
2051 2392 2265 2463 media,
2313 2401 2379 2454 ut
2411 2402 2501 2455 est
2526 2396 2734 2473 igitur;
2768 2403 2828 2456 et
2856 2416 3082 2478 quaqua

426 2521 478 2561 ρο
501 2505 670 2576 parte
715 2514 858 2556 usus
894 2495 1081 2556 fueris
1114 2492 1221 2554 bac
1254 2495 1688 2564 coniunctione,
1720 2492 1917 2563 stabit,
1959 2498 1968 2568 Ι
2007 2496 2207 2573 ‘igitur
2238 2497 2329 2557 fac
2362 2496 2518 2566 hoc',
2552 2498 2668 2558 ‘sac
2698 2497 2813 2560 hoc
2840 2501 3082 2579 igitur’;
3133 2482 3141 2487 ⁴

502 2614 735 2676 quaqua
766 2604 933 2677 parte
963 2594 1223 2657 volueris
1254 2597 1341 2657 uti
1369 2595 1480 2657 hac
1511 2598 1942 2667 coniunctione,
1976 2599 2218 2676 poteris.
2276 2599 2387 2659 iste
2420 2608 2507 2661 est
2537 2600 2686 2662 ordo
2717 2603 3084 2664 coniunctio—

503 2719 667 2761 num.
731 2699 835 2761 sed
868 2702 1067 2759 tame‘n
1112 2697 1255 2759 illud
1301 2700 1644 2760 meminisse
1690 2697 1892 2769 debeS,
1938 2700 2387 2762 coniunctiones
2420 2719 2533 2782 pro
2569 2704 3085 2767 coniunctionibus

502 2822 682 2884 posse
711 2804 854 2884 poni
883 2802 1039 2882 apud
1070 2810 1362 2863 auctores,
1412 2801 1584 2863 nobis
1616 2820 1735 2863 non
1766 2800 1923 2863 licet.
1970 2820 2046 2863 ne
2078 2803 2239 2864 dicas
2269 2804 2412 2867 mihi
2445 2823 2606 2884 erg0,
2639 2808 2916 2883 quoniam
2946 2826 3085 2870 usus

503 2914 593 2967 est
633 2905 929 2985 Vergilius
973 2902 1299 2983 copulativa
1345 2923 1454 2984 pro
1501 2903 1878 2974 disiunctiva,
1932 2903 2122 2966 debeo
2168 2913 2229 2968 et
2271 2924 2383 2985 ego
2426 2908 2506 2968 ita
2552 2907 2767 2969 facere.
2860 2927 3081 2988 nequa-

424 3031 476 3074 25
502 3028 678 3089 quam
723 3008 879 3070 licet.
970 3006 1068 3067 ille
1114 3008 1272 3067 enim
1317 3005 1523 3066 habuit
1565 3007 1973 3068 auctoritatem
2018 3009 2163 3068 artis
2205 3009 2497 3088 poeticae.

1309 3145 1314 3150 ’
1421 3175 1518 3237 DE
1562 3176 2161 3240 PRAEPos1T1oNE

669 3299 1039 3378 Praepositio
1085 3296 1238 3358 dicta
1288 3304 1377 3357 est
1422 3314 1511 3364 eo,
1560 3294 1715 3375 quod
1759 3297 1822 3357 in
1867 3295 2162 3377 loquendo
2193 3276 2595 3380 praeponitur,
2642 3309 2708 3363 ut
2742 3304 2897 3384 siqui
2927 3306 3083 3367 dicat
3103 3329 3222 3386 418,
3248 3331 3314 3380 32

500 3401 678 3482 ‘apud
728 3402 1002 3468 amicos';
1050 3418 1225 3460 nemo
1269 3406 1466 3478 potest
1509 3397 1710 3459 dicere
1754 3398 2000 3459 ‘amicos
2043 3399 2251 3480 apud’:
2316 3402 2455 3464 ideo
2501 3403 2655 3466 dicta
2700 3409 3078 3488 praepositio,
3104 3399 3223 3460 441,
3249 3399 3316 3447 3⁶

500 3505 777 3583 quoniam
822 3503 884 3562 in
930 3501 1231 3582 loquendo
1275 3501 1688 3581 praeponitur,
1744 3508 1887 3582 puta
1941 3502 2099 3581 apud
2156 3504 2405 3575 amicos,
2477 3506 2630 3587 apud
2694 3511 3075 3590 propinquos,
3104 3464 3223 3526 ⁵1⁷⁹
3252 3467 3276 3514 ¹

423 3631 475 3670 so
501 3606 655 3686 apud
701 3603 924 3672 fideles,
973 3602 1129 3683 apud
1175 3602 1398 3664 doctos.
1489 3604 1852 3683 praepositio
1899 3622 2041 3682 ergo
2086 3604 2239 3666 dicta
2286 3614 2375 3667 est
2417 3606 2492 3668 ab
2540 3626 2629 3678 ec,
2677 3610 2833 3689 quod
2885 3613 2943 3674 in
2988 3613 3079 3674 lo-

456 3786 459 3790 ,
500 3707 734 3787 quendo
790 3706 1194 3787 praeponitur.
1294 3723 1414 3766 non
1467 3703 1851 3785 generaliter:
1933 3724 2065 3767 nam
2123 3716 2261 3769 sunt
2314 3707 2544 3786 aliquae
2608 3715 3078 3793 praepositiones

499 3828 651 3889 quae
697 3810 872 3870 etiam
915 3814 1370 3889 postponuntur.
1461 3824 1578 3867 una
1624 3816 1713 3868 est
1767 3824 1918 3885 quae
1962 3808 2208 3870 arbitrio
2262 3817 2366 3871 tuo
2416 3811 2509 3872 vel
2550 3817 2940 3895 praeponitur
2986 3819 3095 3879 vel

499 3913 908 3993 postponitur,
970 3922 1170 3972 tenus:
1247 3918 1416 3987 potes
1471 3908 1672 3971 dicere
1729 3916 1788 3970 et
1843 3908 1999 3989 pube
2066 3920 2237 3974 tenus
2306 3921 2364 3974 et
2428 3920 2602 3976 tenus
2665 3916 2854 3997 pube;
2935 3938 3076 3982 ecce

499 4014 680 4076 habes
737 4032 890 4094 quae
946 4011 1193 4073 arbitrio
1239 4017 1342 4071 tuo
1396 4010 1487 4070 vel
1542 4012 1929 4091 praeponitur
1989 4011 2101 4073 vel·
2130 4017 2526 4095 postponitur.
2616 4028 2707 4081 est
2760 4022 2903 4082 item
2958 4040 3074 4083 una

422 4139 473 4179 ³5
499 4135 649 4195 quae
693 4134 930 4196 semper
986 4115 1367 4195 postponitur
1410 4112 1889 4192 pronominibuS,
1938 4133 2106 4185 cum,
2165 4115 2295 4177 aliis
2347 4119 2615 4198 partibus
2666 4125 3073 4203 praeponitur.

498 4221 548 4280 si
606 4219 767 4280 dicas
821 4237 958 4280 cum
1014 4214 1390 4297 parentibus,
1460 4233 1597 4276 cum
1652 4216 1887 4284 amicis,
1956 4235 2093 4277 cum
2164 4219 2383 4290 doctis,
2453 4241 2592 4283 ecce
2658 4225 2835 4286 modo
2899 4244 3072 4305 prae-

633 4429 676 4490 7'
702 4442 747 4490 si
784 4438 856 4506 at]
902 4441 976 4492 sic
1016 4447 1067 4489 at
1100 4438 1263 4488 ABG
1434 4436 1561 4486 istae
1599 4444 1676 4485 eet
1710 4436 1761 4486 B
1939 4436 2004 4489 10
2048 4437 2233 4489 multae
2263 4448 2381 4490 sunt
2417 4441 2619 4505 quidem
2646 4445 2695 4494 A
2732 4456 2851 4496 sunt
2886 4446 3073 4499 multae

498 4510 701 4575 quidem
738 4511 781 4562 G
880 4510 1018 4575 apud
1055 4505 1296 4574 Probum]
1339 4509 1492 4559 inscie.
1529 4515 1631 4558 art.
1663 4521 1717 4569 p.
1753 4506 1873 4571 144,
1911 4507 1979 4558 23
2120 4510 2182 4561 11
2220 4519 2271 4560 at
2305 4520 2576 4576 postquam
2612 4516 2781 4565 medio
2810 4543 2878 4555 -
2909 4522 3073 4569 omui-

496 4588 680 4646 poteus
714 4595 808 4630 om.
843 4581 912 4644 Α,
947 4579 1071 4633 add.
1110 4594 1145 4628 a
1311 4577 1533 4628 medinm
1571 4576 1623 4626 B
1801 4576 1866 4628 13
1901 4575 2068 4644 potes]
2106 4589 2272 4643 potest
2307 4581 2477 4633 ABG
2642 4594 2721 4634 ast
2750 4585 2871 4653 ego]
2913 4590 3071 4654 Ver-y.

497 4650 628 4703 Aen.
669 4652 689 4700 1
730 4649 799 4701 46
940 4650 1002 4701 17
1041 4649 1178 4713 quod
1214 4658 1290 4698 est
1322 4647 1404 4697 sac
1438 4647 1536 4696 hoc
1569 4655 1736 4697 autem
1775 4645 1946 4697 ABG
2080 4648 2149 4699 20
2185 4649 2315 4700 hauc
2349 4653 2750 4706 coniunctionem
2787 4657 2959 4710 ABG

497 4720 651 4769 stabit
686 4718 782 4769 boc
827 4721 985 4786 igitur
1020 4718 1102 4768 sac
1131 4717 1214 4768 sac
1247 4719 1345 4768 hoc
1375 4718 1533 4784 igitur
1569 4716 1611 4767 G
1642 4718 1822 4767 statuit
1862 4717 2019 4783 igitur
2054 4718 2136 4769 fac
2173 4719 2256 4772 fac
2290 4720 2387 4771 hoo
2423 4724 2581 4790 igitur
2618 4725 2728 4775 AB
2894 4730 2959 4780 21
2999 4731 3072 4780 uti

498 4788 628 4840 hauc
662 4790 1065 4839 coniunctionem
1096 4789 1139 4840 G
1275 4790 1369 4840 iste
1407 4795 1485 4837 est
1522 4786 1646 4836 ordo
1684 4787 2096 4838 coniunctionum
2133 4789 2309 4840 BGa*
2348 4792 2472 4843 istae
2510 4795 2632 4844 ordo
2666 4799 3072 4852 coniunctionem

496 4859 546 4912 A
684 4859 753 4911 23
788 4874 852 4910 ne
888 4859 1030 4909 dicas
1065 4876 1100 4911 a
1135 4874 1228 4909 nec
1262 4860 1406 4910 dicas
1435 4857 1600 4909 ABG
1735 4858 1805 4908 24
1830 4872 1924 4926 pro
1956 4859 2248 4913 distinction
2278 4861 2443 4914 ABG
