3541 5564
1347 1277 1536 1370 ,1111
1607 1274 2277 1419 1015111111.
2333 1278 2405 1369 c,

959 1461 1099 1535 DE
1154 1456 1836 1538 BARBARISMIS
1889 1462 2027 1536 ET
2079 1461 2798 1538 METAPLASMIS

641 1772 685 1813 p.
714 1761 815 1800 1—3
842 1760 888 1801 Β.
2936 1771 2971 1802 e.
3002 1762 3038 1801 1.
3066 1761 3102 1800 2.

761 1840 1128 1903 Barbarismi
1186 1864 1218 1903 a
1274 1844 1672 1923 metaplasmis
1718 1844 1939 1904 distant
1995 1851 2053 1903 et
2097 1844 2317 1903 diversi
2365 1849 2502 1903 sunt
2548 1849 2607 1901 et
2650 1842 2913 1902 diversas
2956 1840 3160 1900 defini-

593 1944 785 2004 tiones
829 1944 1068 2007 habent.
1120 1940 1131 2029 Ι
1181 1947 1284 2006 sed
1341 1948 1477 2025 quia
1537 1946 1779 2026 quidam
1837 1947 2026 2016 modi,
2086 1965 2157 2006 ex
2202 1945 2421 2025 quibus
2466 1947 2776 2014 eveniunt,
2824 1961 3166 2004 communes

592 2055 729 2107 sunt
786 2050 846 2107 in
905 2050 1080 2127 ipsiS‚
1140 2050 1451 2109 coniuncte
1510 2048 1581 2108 de
1640 2049 1735 2108 his
1793 2048 2107 2108 dicendum
2164 2054 2271 2107 est.
2364 2050 2448 2107 sic
2494 2050 2685 2117 enim,
2743 2066 2861 2127 quo
2909 2067 2941 2107 a
2986 2066 3047 2106 se
3104 2052 3216 2105 ets

591 2151 653 2209 in
698 2149 917 2229 quibus
960 2150 1210 2221 distent,
1270 2151 1504 2212 facilius
1559 2150 1889 2231 apparebit.
1979 2150 2155 2229 quod
2192 2168 2327 2210 cum
2371 2152 2452 2210 ita
2498 2151 2764 2209 futurum
2811 2151 2886 2209 sit
2930 2152 2990 2208 in
3037 2151 3163 2226 ipsa

591 2254 992 2331 expositione,
1051 2253 1121 2312 ad
1179 2272 1306 2313 rem
1366 2256 1629 2333 pertinet
1686 2256 1854 2333 prius
1911 2259 1976 2311 ut
2029 2253 2404 2313 definitiones
2460 2254 2779 2332 separatim
2835 2251 3041 2311 demus
3106 2257 3166 2309 et

590 2354 978 2431 generaliter,
1038 2356 1179 2434 quid
1236 2356 1650 2416 distantiarum
1705 2358 1866 2416 inter
1912 2374 1974 2414 se
2021 2355 2306 2425 habeant,
2365 2356 2859 2416 demonstremus
2950 2353 3164 2414 barba-

594 2458 811 2517 rismus
856 2464 974 2525 est,
1021 2465 1088 2516 ut
1131 2457 1370 2535 quidam
1418 2457 1647 2527 volunt,
1696 2477 1811 2518 una
1858 2476 1995 2537 pars
2040 2460 2326 2518 orationis
2355 2460 2565 2518 vitiosa
2597 2460 2658 2518 in
2693 2475 2963 2517 sermone
3007 2474 3163 2516 com-

591 2560 788 2618 muni:
865 2559 1010 2618 haec
1065 2559 1332 2619 definitio
1388 2567 1622 2637 separat
1677 2560 2155 2639 metaplasmum,
2215 2579 2284 2618 eo
2339 2561 2494 2640 quod
2554 2561 2683 2620 fieri
2732 2559 3164 2619 barbarismum
3195 2577 3245 2615 10

592 2661 739 2720 (licit
781 2663 840 2720 in
889 2663 1182 2720 communi
1231 2680 1521 2730 sermone,
1568 2665 1865 2740 quoniam,
1915 2665 1963 2722 si
2012 2666 2071 2723 in
2120 2669 2386 2741 poemate
2434 2681 2575 2741 pars
2619 2664 2909 2723 orationis
2955 2663 3165 2722 vitiosa

593 2765 698 2832 sit,
759 2762 1205 2841 metaplasmum
1261 2763 1485 2825 dieunt.
1578 2766 1719 2825 item
1781 2763 2190 2826 barbarismus
2245 2772 2362 2834 est,
2422 2772 2486 2825 ut
2549 2765 2790 2845 quidam
2857 2764 3166 2832 definiunt,

593 2867 776 2926 dictio
822 2868 1030 2926 vitiosa
1078 2867 1512 2926 enuntiatione:
1560 2866 1671 2927 hoc
1703 2868 1839 2928 ideo
1883 2867 2062 2927 habet
2105 2868 2663 2947 reprehensionem,
2710 2869 2989 2948 quoniam
3019 2866 3165 2926 haec

594 2970 862 3028 definitio
907 2967 977 3028 ad
1025 2974 1289 3046 tempora
1337 2976 1396 3027 et
1441 2976 1719 3030 accentus
1764 2976 1990 3031 tantum
2038 2972 2330 3050 pertinet.
2387 2969 2446 3029 id
2493 2978 2583 3029 est
2627 2970 2953 3049 prosodias,
3024 2971 3167 3028 item

595 3071 1002 3131 barbarismus
1055 3079 1141 3130 est
1195 3071 1378 3130 dictio
1436 3071 1632 3151 aliqua
1688 3079 1855 3151 parte
1904 3075 1994 3132 sui
2043 3074 2281 3134 vitiosa:
2353 3071 2465 3131 hoc
2513 3072 2583 3132 ad
2631 3072 3061 3132 detractionem
3108 3079 3166 3130 et
3195 3086 3245 3127 15

594 3173 986 3234 adiectionem
1030 3181 1089 3233 et
1119 3176 1674 3234 transmutationem
1708 3182 1769 3234 et
1799 3176 2271 3235 immutationem
2301 3174 2639 3234 litterarum
2671 3174 3028 3258 syllabarum
3075 3193 3169 3233 ac-

593 3281 872 3336 centuum
917 3284 1251 3355 temporum
1284 3277 1830 3357 aspirationumque
1863 3279 2166 3356 pertinet,
2214 3277 2368 3357 quod
2417 3277 2703 3358 exemplis
2746 3296 2879 3337 mox
2926 3276 3170 3356 prolatis

593 3378 924 3457 apparebit.
1013 3379 1114 3438 sed
1160 3381 1508 3459 priusquam
1554 3378 1624 3438 de
1671 3378 2052 3459 metaplasmo
2098 3378 2553 3457 subiungamuS,
2603 3397 2940 3440 ammonere
2987 3377 3165 3438 debc-

594 3499 724 3540 mus
768 3480 925 3541 aliud
974 3500 1103 3541 esse
1150 3481 1616 3550 barbarismum,
1665 3480 1823 3541 aliud
1871 3500 2001 3541 esse
2047 3480 2486 3542 barbarolexin.
2559 3481 2967 3543 barbarismus
3010 3482 3166 3541 enim

594 3582 920 3643 secundum
978 3584 1358 3644 definitiones
1415 3586 1756 3663 superiores
1811 3584 1903 3643 vel
1960 3584 2306 3645 accentibus
2358 3583 2449 3644 vel
2506 3584 2722 3645 litteris
2766 3584 2855 3643 vel
2913 3581 3170 3662 sylllabis
3189 3599 3243 3639 20

593 3685 682 3745 vel
728 3686 1100 3765 temporibus
1144 3687 1235 3746 vel
1279 3685 1744 3766 aspirationibus
1790 3693 2022 3764 peccat,
2080 3688 2235 3745 sicut
2279 3705 2413 3746 mox
2458 3686 2647 3764 palam
2695 3687 2827 3756 siet;
2883 3684 3169 3747 barbaros

593 3796 788 3849 autem
833 3788 981 3848 lexis
1036 3808 1153 3849 uno
1211 3789 1384 3848 modo
1438 3795 1665 3848 tantum
1723 3786 2118 3864 intellegitur,
2177 3807 2311 3848 cum
2357 3807 2431 3846 ex
2476 3788 2667 3849 aliena
2710 3789 2911 3866 lingua
2955 3791 3016 3848 in
3063 3807 3166 3847 no-

593 3900 781 3951 strum
825 3910 995 3951 usum
1044 3891 1237 3970 aliqua
1283 3908 1420 3969 pars
1464 3891 1751 3949 orationis
1806 3888 2140 3959 inducitur,
2202 3898 2266 3950 ut
2310 3910 2445 3951 cum
2491 3891 2745 3951 dicimus
2788 3892 3008 3951 cateias
3051 3891 3166 3949 uti-

592 4012 706 4072 que
763 3994 963 4054 hastas
1019 3993 1345 4061 Gallorum,
1404 3999 1760 4052 mastrucam
1820 3993 2236 4052 vestimentum
2292 3992 2648 4063 Sardorum,
2710 3993 2954 4069 magalia
3001 3993 3166 4052 Afro-

593 4114 724 4156 rum
792 4113 986 4163 casaS,
1056 4097 1331 4154 acinaces
1396 4093 1624 4170 gladios
1688 4093 2012 4154 Medorum.
2104 4114 2261 4154 nunc
2327 4095 2694 4173 metaplasmi
2760 4096 3165 4156 definitionem
3193 4106 3245 4150 25

592 4214 913 4277 ponemus:
961 4195 1382 4276 metaplasmus
1428 4202 1519 4255 est
1562 4214 1677 4256 una
1722 4215 1864 4276 pars
1908 4198 2200 4257 orationis
2244 4198 2492 4274 figurata
2538 4205 2740 4259 eontra
2788 4197 3166 4258 consuetudi·

593 4319 728 4360 nem
776 4299 865 4359 vel
913 4306 1157 4359 ornatus
1203 4298 1455 4359 alicuius
1499 4317 1673 4358 (331153
1719 4298 1810 4358 vel
1856 4301 2032 4359 metri
2078 4302 2431 4360 necessitate
2479 4307 2747 4377 cogente.
2838 4300 2936 4360 hic
2982 4306 3166 4360 meta·

737 4505 762 4555 1
805 4505 985 4569 Incipit
1016 4519 1099 4554 ars
1135 4505 1398 4557 consentii.
1442 4519 1489 4555 v.
1524 4519 1567 4557 c.
1603 4504 1667 4553 de
1703 4504 1931 4555 barbaris
1988 4514 2036 4552 et
2083 4503 2425 4570 metaplasmis
2474 4505 2540 4555 M
2682 4507 2717 4554 4
2764 4505 3067 4555 conueniunt
3107 4505 3167 4553 M

595 4575 897 4635 proveniunt
935 4574 1262 4625 Buttmannus
1437 4573 1470 4623 8
1508 4574 1694 4623 liabent
1732 4575 1798 4625 M
1971 4574 2036 4626 10
2070 4590 2129 4623 eo
2161 4575 2297 4638 quod
2330 4575 2525 4624 firmum
2560 4574 2648 4624 dii
2681 4576 2727 4623 in
2768 4575 3023 4625 communi
3062 4590 3168 4624 ser·

597 4657 746 4694 mone
780 4645 845 4694 M
988 4645 1048 4694 13
1084 4644 1182 4694 hoo
1218 4646 1330 4694 ideo
1374 4646 1735 4695 nuntiationem
1774 4644 1925 4695 babet
1961 4647 2011 4694 in
2047 4644 2439 4709 reprehensione
2477 4647 2577 4708 quo
2625 4645 2839 4695 (1111111110
2885 4645 3167 4707 (adscripto

595 4714 644 4760 in
670 4731 830 4778 mar-9.
870 4711 933 4768 13)
976 4715 1039 4765 M
1179 4716 1241 4765 15
1272 4724 1349 4763 est
1377 4729 1467 4763 om.
1512 4715 1579 4764 M
1684 4715 1743 4765 18
1780 4716 2054 4765 admonere
2083 4715 2325 4765 debemus
2363 4716 2599 4765 lectorem
2633 4713 2860 4765 Clemens
2970 4715 3033 4765 19
3058 4716 3170 4765 bar-

595 4783 855 4834 baralexin
897 4784 960 4832 M
1091 4785 1156 4835 21
1195 4784 1279 4832 fiet
1314 4784 1534 4834 Clemens
1568 4786 1656 4834 fiat
1687 4785 1750 4833 M
1896 4787 1962 4833 23
1996 4785 2165 4847 aliqua
2202 4800 2322 4850 pars
2359 4785 2576 4836 Clemens
2612 4799 2732 4848 pars
2767 4786 2936 4849 aliqua
2977 4785 3036 4835 M

598 4854 784 4904 cateias
811 4855 984 4920 utique
1018 4864 1153 4910 astas
1183 4854 1403 4904 clemens
1433 4854 1637 4908 entheas
1666 4853 1838 4908 hastas
1868 4856 2038 4920 utique
2076 4854 2141 4904 M
2277 4854 2345 4906 26
2380 4855 2614 4922 ponimus
2650 4854 2717 4905 M
