3541 5564
1239 361 1334 422 DE
1380 359 1627 421 DVBIIS
1673 357 2085 420 NOMINIBVS
2817 357 2936 422 581

2592 479 2634 519 p.
2660 469 2724 507 83.
2751 469 2802 507 84
2838 466 2888 508 Η.

542 549 547 632 Ι
595 550 755 628 Ignis
799 550 1038 626 generis
1082 548 1426 616 masculini,
1482 556 1549 608 ut
1592 546 1956 608 Prudentius
2013 543 2192 625 (cath.
2238 542 2310 616 5,
2357 543 2459 626 37)
2507 547 2699 606 ‘hunc
2743 550 2940 624 ignem

369 652 617 732 populus
661 652 968 728 sanguinis
1013 649 1262 710 incliti'.

539 753 883 813 Incendium
929 755 1170 830 generis
1214 754 1442 820 neutri,
1489 761 1553 812 ut
1597 752 1738 813 illud
1787 751 2097 812 ‘incendia
2145 769 2353 829 magna
2398 751 2728 812 videntur'.

536 856 655 916 Iter
699 857 940 933 generis
985 857 1210 923 neutri,
1258 860 1324 914 ut
1368 853 1652 913 Iuvencus
1701 852 1742 930 (I
1789 850 1890 932 24)
1951 854 2056 914 ‘ad
2102 872 2306 913 verum
2352 860 2657 914 convertet
2699 856 2867 914 iter’.

317 978 342 1017 5
537 958 634 1018 Ius
678 959 916 1036 generis
961 958 1187 1026 neutri,
1235 963 1300 1014 ιιι
1344 955 1633 1015 Iuvencus
1681 951 1935 1035 (1680‘3)
1985 956 2131 1015 ‘hoc
2176 958 2267 1016 ius
2313 956 2512 1016 dixere
2559 956 2937 1035 prophetae'.

536 1059 734 1137 Imago
778 1062 1017 1136 generis
1059 1059 1366 1128 seminini,
1414 1065 1481 1117 ut
1528 1056 1671 1116 illud
1717 1057 1946 1135 ‘imago
1991 1066 2090 1117 tua
2136 1056 2556 1119 demonstrat’.

538 1161 714 1222 Iubar
757 1163 997 1238 generis
1044 1159 1379 1228 masculini,
1429 1168 1493 1218 ut
1538 1159 1685 1218 illud
1733 1158 1943 1219 ‘iubar
1987 1159 2394 1238 splendidus'.

537 1264 758 1341 Inguen
813 1265 1052 1341 generis
1105 1265 1334 1330 neutri,
1398 1269 1459 1321 ut
1502 1260 1864 1321 Prudentius
1914 1259 2092 1339 (cath.
2137 1257 2198 1330 2,
2245 1259 2346 1341 81)
2396 1261 2675 1322 ‘nutabat
2719 1265 2939 1339 inguen

367 1366 685 1426 saucium’.
1121 1357 1126 1362 ’

293 1489 340 1527 ιο
536 1467 731 1527 Imber
775 1469 1012 1544 generis
1056 1466 1399 1534 masculini,
1448 1474 1510 1525 ut
1542 1465 1824 1542 Virgilius
1870 1463 2022 1544 (A.I
2070 1463 2205 1547 123)
2255 1467 2586 1545 ‘accipiunt
2628 1469 2937 1528 inimicum

370 1569 680 1629 itnbrem'.

535 1672 739 1748 Iugum
785 1672 1026 1748 generis
1071 1671 1294 1741 neutri,
1344 1679 1406 1731 ut
1449 1670 1790 1730 Lactantius
1839 1667 2081 1746 (pleoen.
2117 1668 2175 1750 7)
2224 1670 2362 1730 ‘sed
2409 1680 2643 1731 nostros
2690 1679 2936 1741 montes,

364 1791 615 1851 quorum
661 1774 798 1849 iuga
844 1772 1004 1833 celsa
1047 1774 1390 1852 putantur'.

530 1874 788 1934 laculum
820 1876 1059 1951 generis
1089 1878 1323 1944 neutri,
1372 1880 1435 1933 ut
1464 1874 1747 1951 Virgilius
1796 1872 1889 1951 (A.
1923 1875 1967 1933 V
1996 1871 2097 1954 68)
2148 1875 2373 1935 ‘iaculo
2415 1874 2642 1935 incedit
2672 1875 2936 1935 melior’.

293 2000 337 2036 ιτ»
536 1976 811 2054 Iugerum
853 1979 1096 2053 generis
1140 1980 1367 2046 neutri,
1430 1984 1492 2035 ut
1537 1976 1896 2037 Prudentius
1943 1975 2172 2054 (psych.
2218 1973 2363 2056 535)
2411 1977 2483 2036 de
2529 1977 2670 2037 Iuda
2716 1977 2939 2038 ‘obliso

363 2079 616 2137 luiturus
659 2080 865 2155 iugera
911 2078 1120 2139 collo’.

531 2181 702 2240 locus
742 2183 985 2258 generis
1028 2180 1364 2249 masculini,
1428 2188 1493 2240 ut
1537 2180 1819 2241 Paulinus
1865 2178 2085 2259 (carm.
2130 2176 2199 2250 4,
2254 2178 2352 2260 10)
2402 2180 2765 2241 ‘inlecebras
2811 2190 2935 2242 tur-

368 2301 588 2362 pesque
634 2270 851 2343 iocos'.

534 2381 541 2461 Ι
589 2384 688 2445 Ius
732 2385 803 2444 de
851 2386 980 2444 iure
1025 2387 1263 2461 generis
1308 2386 1535 2455 neutri,
1583 2385 1895 2463 pluraliter
1940 2393 2132 2445 autem
2178 2387 2339 2454 iura,
2388 2385 2449 2444 id
2495 2393 2586 2445 est
2631 2385 2891 2446 iuscella.

283 2511 336 2548 20
529 2486 800 2563 Iugulum
844 2488 1084 2564 generis
1128 2465 1478 2555 neutri,'ut
1534 2486 1895 2548 Prudentius
1955 2487 2188 2565 (psyck.
2235 2483 2337 2567 49)
2398 2486 2698 2564 ‘iugulum
2746 2506 2936 2548 mere·

360 2590 526 2649 tricis
569 2588 776 2649 adacto
820 2590 1116 2666 transfigit
1158 2589 1417 2666 gladio’.
1508 2589 1580 2650 ab
1627 2590 1737 2649 hoc
1784 2589 2005 2649 dictum
2052 2589 2339 2666 iugulare.

527 2691 754 2754 Ludum
798 2694 1041 2769 generis
1086 2692 1313 2760 neutri,
1363 2696 1426 2749 ιιι
1469 2690 1830 2751 Prudentius
1877 2689 2082 2768 (steph.
2130 2687 2188 2761 9,
2220 2688 2322 2770 41)
2373 2690 2610 2751 ‘ludum
2657 2692 2934 2771 volupe’;

359 2794 670 2872 pluraliter
714 2794 833 2854 ludi
878 2794 1213 2855 dicendum.
2216 2816 2219 2817 ⁷

529 2895 718 2957 Labes
761 2898 997 2973 generis
1041 2898 1341 2965 seminini,
1391 2903 1455 2957 ut
1485 2896 1767 2957 Paulinus
1817 2894 2024 2974 (carm.
2066 2893 2161 2965 17,
2193 2892 2339 2976 293)
2389 2895 2583 2956 ‘nulla
2616 2915 2723 2956 nos
2754 2905 2932 2966 aetas,

285 3020 336 3059 25
364 2997 522 3057 nulla
566 2997 677 3057 tibi
725 2997 947 3058 labes’.

529 3099 736 3162 Letum
790 3102 1027 3177 generis
1083 3103 1315 3171 neutri,
1375 3108 1440 3160 ιιι
1495 3100 1854 3161 Prudentius
1914 3098 2147 3178 (psych.
2194 3097 2338 3180 571)
2397 3100 2615 3161 ‘letum
2662 3101 2933 3161 versatile

360 3211 417 3262 et
463 3201 735 3279 anceps’.

526 3304 738 3364 Linum
793 3307 1033 3381 generis
1092 3307 1322 3373 neutri,
1382 3312 1446 3364 ut
1503 3305 1783 3365 Sidonius
1839 3302 1952 3383 (ep.
2003 3305 2157 3364 Vllll
2217 3303 2294 3366 13
2338 3322 2390 3363 v.
2438 3301 2540 3385 33)
2590 3305 2757 3364 ‘nive
2803 3306 2931 3384 pul-

359 3406 593 3466 chriora
640 3405 754 3466 lina
799 3409 955 3484 gerit
999 3405 1218 3467 orbis'.

280 3532 331 3570 so
526 3508 754 3568 Lolium
807 3511 1046 3586 generis
1102 3510 1330 3579 neutri,
1404 3518 1466 3569 ut
1523 3509 1806 3587 Virgilius
1868 3506 1951 3585 (b.
1999 3504 2069 3578 5,
2117 3505 2219 3568 37.
2273 3526 2335 3582 y.
2395 3507 2417 3566 I
2481 3504 2633 3588 154)
2694 3508 2931 3569 ‘infelix

354 3610 616 3671 lolium'.

525 3710 710 3772 Liber
753 3715 994 3790 generis
1038 3713 1377 3783 masculini,
1427 3722 1488 3773 ut
1520 3712 1882 3773 Prudentius
1928 3712 2137 3790 (steph.
2189 3708 2286 3780 10,
2339 3708 2519 3792 1131)
2567 3714 2647 3771 ait
2693 3713 2824 3772 ‘hic
2869 3714 2928 3772 in

355 3815 605 3891 regestis
651 3812 809 3873 liber
853 3822 944 3874 est
986 3811 1398 3876 caelestibus’.

526 4070 558 4118 7
602 4070 747 4118 iubar
783 4070 953 4119 Prisc.
984 4070 1114 4132 170,
1152 4069 1186 4121 6
1330 4068 1396 4120 10
1431 4071 1592 4120 imber
1624 4071 1789 4120 Prisc.
1830 4070 1944 4132 150,
1987 4068 2052 4119 19
2195 4070 2255 4119 17
2297 4070 2439 4119 iocus
2472 4068 2600 4120 Non.
2637 4066 2740 4118 209
2774 4067 2925 4121 Char.

352 4139 437 4203 37,
474 4138 508 4189 3
544 4155 660 4192 exc.
701 4138 851 4192 Char.
890 4140 1010 4205 551,
1049 4141 1118 4190 28

488 4366 520 4412 2
558 4363 769 4428 sanguis
801 4362 866 4411 M
882 4363 938 4412 V
1069 4360 1237 4411 inclite
1278 4361 1339 4410 M
1364 4363 1419 4411 V
1427 4363 1475 4411 L
1615 4365 1646 4413 4
1686 4363 1849 4411 uirum
1901 4361 2148 4411 conuertit
2184 4360 2249 4408 M
2267 4363 2317 4410 V
2330 4362 2377 4410 L
2518 4364 2550 4413 5
2595 4360 2840 4426 propheta
2887 4362 2927 4410 L

487 4433 521 4483 6
559 4431 806 4497 feminini]
847 4431 1010 4481 nentri
1040 4434 1086 4481 L
1116 4434 1170 4481 ιῖῑ
1214 4433 1282 4492 V,
1312 4449 1404 4482 om.
1431 4431 1497 4480 M
1628 4433 1662 4481 8
1695 4433 1877 4498 ingens
1910 4434 2085 4495 priore
2113 4433 2219 4479 loco
2257 4433 2303 4480 L
2444 4434 2603 4481 neutri
2638 4447 2728 4485 om.
2766 4430 2831 4479 M

357 4502 414 4552 ll
456 4501 614 4551 imber
656 4502 714 4550 M
895 4503 958 4552 12
995 4502 1084 4551 sed
1124 4504 1385 4552 trimontes
1418 4501 1609 4552 MVL
1751 4503 1815 4552 14
1853 4501 2072 4551 iaculum
2113 4502 2288 4550 Incidit
2327 4499 2388 4548 M
2412 4502 2518 4551 VL
2662 4502 2724 4551 15
2765 4500 2927 4549 obliso

351 4569 587 4636 luiturus]
637 4573 910 4621 soluitur-us
949 4571 1068 4621 ML
1106 4572 1362 4621 soluturus
1403 4573 1458 4621 V
1593 4572 1658 4623 19
1687 4582 1853 4620 autem
1891 4588 1979 4620 om.
2012 4574 2057 4620 L
2198 4570 2375 4620 incella
2410 4572 2468 4619 M
2491 4573 2545 4619 V
2550 4571 2629 4620 L.-
2666 4570 2925 4620 inscellum

353 4640 611 4691 Charisius
643 4657 697 4704 p.
734 4640 820 4701 32,
863 4643 922 4693 11
1031 4644 1102 4692 20
1132 4641 1350 4691 iaculum
1379 4644 1559 4705 priore
1588 4644 1694 4693 Ioco
1721 4638 1800 4703 M,
1828 4658 1963 4694 corr,
2006 4641 2236 4706 iugulum
2269 4640 2324 4688 V
2419 4642 2487 4691 22
2527 4641 2717 4691 ludtnm
2750 4642 2927 4705 priore

350 4713 457 4761 Ioco
491 4710 554 4758 M
689 4712 862 4761 ludum
902 4711 1168 4778 discipulis
1207 4712 1387 4777 volupe
1425 4723 1502 4762 est
1534 4720 1587 4760 ιιι
1621 4712 1862 4777 praebeat
1898 4713 2005 4777 ipse
2042 4715 2216 4760 doctor
2242 4712 2548 4760 Prudentius
2686 4711 2752 4761 25
2790 4711 2924 4760 nulla

349 4780 438 4828 tibi
476 4780 614 4829 labes
646 4798 737 4832 om.
772 4783 836 4831 M
974 4784 1108 4833 labet
1147 4782 1193 4830 L
1333 4782 1401 4833 26
1442 4791 1495 4832 ιιι
1531 4782 1833 4831 Prudentius
1871 4797 1960 4834 om,
2008 4782 2049 4829 l,
2089 4791 2142 4830 ιιι
2174 4782 2404 4831 sidonius
2444 4790 2495 4829 ut
2529 4781 2828 4845 prudentius
2867 4779 2927 4829 M

487 4850 559 4901 29
596 4851 714 4900 linia
753 4853 883 4917 gerit
921 4850 976 4900 V
1006 4854 1093 4902 lini
1133 4855 1267 4919 gerit
1297 4853 1341 4901 L
1483 4853 1585 4901 orb'
1625 4852 1687 4901 M
1721 4853 1893 4901 oribus
1925 4854 1971 4901 L
2111 4850 2179 4902 33
2220 4852 2459 4917 resgestis
2493 4850 2554 4899 M
2579 4850 2683 4900 VL
