3541 5564
1343 359 1816 425 COMMENTVM
2088 430 2095 431 ff
2750 357 2877 428 209

2522 484 2565 526 p.
2591 472 2681 513 255.
2708 475 2758 515 56
2785 472 2829 514 1..

466 546 516 607 E
561 547 860 607 contrario
903 547 1197 608 invenitur
1240 567 1588 629 pronomen,
1635 549 1741 612 ubi
1786 567 1938 611 unus
1981 549 2134 611 desit
2177 569 2363 621 casus,
2414 569 2552 630 ego:
2604 570 2713 631 ego
2758 555 2875 614 mei
2899 563 3017 625 436,
3041 565 3087 616 7.
3121 564 3182 613 16

303 647 443 707 mihi
489 666 585 708 me
629 667 660 709 a
709 667 831 717 me;
892 652 1190 712 vocativus
1247 669 1365 712 non
1422 659 1539 720 est,
1598 654 1835 732 penitus
1880 670 1999 713 non
2044 653 2343 714 invenitur
2388 654 2712 726 vocativus,
2773 655 2878 716 sed

302 767 408 827 ego
453 751 575 810 mei
617 750 759 811 mibi
817 769 911 812 me
956 770 986 812 a
1033 771 1146 813 me.
1238 753 1506 833 plerique
1563 755 1948 833 interponunt
1992 773 2058 824 o,
2119 772 2227 832 ego
2274 757 2388 814 mei
2435 754 2575 815 mibi
2620 774 2716 817 me
2762 776 2796 817 o
2844 776 2875 817 a

301 869 420 922 me,
470 859 538 912 ut
582 851 696 913 hoc
736 854 929 932 ipsum
974 872 1010 914 o
1067 854 1353 916 articulus
1406 856 1485 916 sit
1544 858 1785 917 vocativi
1831 874 2033 928 casus3
2083 862 2277 916 tamen
2322 855 2531 917 salsum
2579 857 2691 919 hoc
2736 878 2875 938 pro-

250 969 274 1008 5
303 953 472 1015 batur
528 954 780 1016 docente
833 955 1103 1035 Astyagio
1158 957 1327 1018 istam
1386 960 1673 1019 rationem
1731 959 1997 1019 mirifice.
2090 976 2205 1018 non
2263 964 2456 1037 potest
2521 960 2649 1020 fieri
2713 968 2778 1021 ut
2841 980 2877 1020 o

297 1074 628 1135 pronomen
673 1057 749 1118 sit
794 1059 1039 1118 vocativi
1084 1076 1253 1118 casus
1297 1078 1405 1139 per
1451 1077 1650 1120 rerum
1697 1066 1987 1121 naturam.
2078 1078 2188 1139 qua
2245 1062 2475 1120 ratione
2520 1079 2639 1122 nou
2684 1070 2879 1141 potest

295 1158 461 1219 fieri?
507 1160 785 1237 quoniam
829 1162 1124 1220 vocativus
1167 1160 1481 1239 singularis
1525 1160 1704 1222 debet
1757 1161 1976 1242 aliquid
2024 1161 2390 1223 differentiae
2435 1161 2655 1224 habere
2701 1182 2733 1223 a
2779 1182 2874 1224 vo-

295 1262 482 1321 cativo
539 1260 783 1340 plurali:
843 1270 1052 1322 natura
1107 1263 1293 1341 ipsius
1349 1281 1520 1324 casus
1577 1262 1690 1324 hoc
1748 1265 1958 1342 exigit,
2008 1271 2067 1325 et
2111 1262 2244 1324 dico
2289 1281 2408 1342 quo
2453 1265 2647 1325 modo.
2734 1274 2874 1345 puta

295 1362 390 1422 liic
436 1364 526 1424 vir
571 1363 635 1424 hi
680 1364 818 1432 viri;
877 1381 1015 1424 ecce
1070 1363 1166 1424 hic
1220 1363 1505 1425 articulus
1562 1375 1651 1428 est
1703 1368 1766 1427 in
1825 1360 2219 1427 nominativo:
2290 1366 2465 1427 huius
2510 1369 2618 1429 viri
2664 1367 2875 1429 borum

222 1477 268 1516 ιο
293 1466 589 1534 virorum,
646 1463 707 1525 id
762 1472 851 1525 est
904 1484 1023 1526 non
1081 1473 1170 1527 est
1227 1465 1339 1527 hoc
1394 1466 1491 1527 hic
1547 1467 1706 1545 quod
1764 1477 1854 1529 est
1898 1468 1988 1538 hi,
2049 1486 2167 1529 non
2214 1476 2301 1529 est
2346 1467 2457 1529 hoc
2504 1468 2677 1530 huius
2721 1469 2875 1550 quod

293 1573 382 1627 est
426 1566 674 1636 horum,
733 1585 853 1628 non
914 1572 1003 1628 est
1057 1567 1172 1628 hoc
1227 1567 1365 1628 huic
1409 1567 1563 1646 quod
1612 1579 1698 1631 est
1743 1571 1863 1641 his,
1925 1590 2041 1632 non
2090 1579 2179 1631 est
2222 1570 2335 1631 hoc
2378 1570 2538 1632 hun(-¹
2585 1571 2741 1649 quod
2789 1579 2879 1633 est

291 1668 429 1740 hoS,
492 1687 613 1731 non
669 1675 758 1730 est
808 1670 920 1730 hoc
972 1667 1047 1729 ab
1092 1669 1207 1731 hoc
1252 1670 1409 1748 quod
1463 1677 1554 1732 est
1598 1670 1672 1732 ab
1718 1671 1826 1732 his,
1916 1672 2076 1733 vides
2118 1673 2399 1734 articulos
2445 1672 2604 1734 nulla
2648 1675 2877 1735 ratione

289 1770 403 1832 sibi
464 1772 823 1833 consentire.
915 1789 1055 1832 ecce
1112 1791 1144 1832 e
1200 1776 1498 1855 contrario
1551 1774 1612 1834 in
1656 1775 1770 1834 isto
1814 1777 2107 1843 vocativo,
2157 1777 2257 1855 qui
2310 1776 2450 1837 facit
2504 1795 2540 1835 o
2594 1774 2797 1836 Turne
2842 1795 2877 1837 o

285 1873 498 1934 Turni.
577 1891 715 1934 ecce
756 1874 874 1934 iam
913 1892 1090 1954 quem
1134 1873 1205 1935 ad
1254 1874 1495 1936 modum
1538 1892 1655 1950 non
1702 1884 1792 1937 est
1835 1874 2149 1937 articulus:
2207 1878 2401 1937 omnis
2442 1875 2724 1939 articulus
2769 1895 2877 1957 per

218 1987 263 2027 15
288 1993 505 2037 omnes
571 1994 741 2037 casus
806 1993 1050 2036 necesse
1114 1975 1293 2038 habet
1356 1978 1416 2037 in
1473 1977 1759 2055 singulari
1816 1996 2065 2039 numero
2121 1977 2293 2039 aliter
2359 1978 2645 2040 declinari
2700 1986 2759 2040 et
2813 1982 2874 2041 in

286 2076 508 2157 plurali
554 2076 753 2147 aliter,
801 2085 940 2156 puta
986 2078 1082 2139 hic
1127 2078 1301 2140 huius
1346 2077 1486 2138 huic
1529 2079 1687 2140 hunc
1732 2097 1766 2139 o
1814 2079 1887 2139 ab
1933 2079 2077 2149 hoc,
2123 2081 2267 2141 item
2310 2081 2370 2141 in
2419 2098 2669 2142 numero
2704 2079 2711 2161 Ι
2744 2078 2875 2160 plu-

285 2179 395 2240 rali
444 2179 508 2240 hi
556 2179 768 2241 horum
815 2178 906 2240 his
948 2178 1060 2240 hos
1107 2199 1142 2241 o
1187 2179 1260 2241 ab
1305 2179 1414 2241 his,
1479 2181 1761 2260 numquid
1807 2183 2186 2243 consentiunt
2228 2180 2370 2252 sibi,
2420 2183 2529 2243 nisi
2574 2182 2687 2243 hoc
2718 2181 2872 2261 quod

287 2282 496 2343 dicunt
543 2282 712 2359 quasi
758 2300 885 2342 esse
930 2280 1273 2353 articulum,
1322 2282 1435 2343 hoc
1478 2291 1566 2343 est
1608 2302 1671 2352 o,
1720 2283 1876 2363 quod
1910 2285 2078 2362 quasi
2109 2283 2408 2364 appellant
2438 2303 2547 2364 pro
2591 2284 2875 2345 articulo?

284 2383 387 2445 sed
437 2384 560 2444 hoc
615 2401 732 2444 non
789 2389 984 2462 potest
1037 2384 1192 2453 fleri,
1251 2392 1311 2446 et
1365 2384 1777 2471 diciturjuis,
1838 2385 1949 2446 hoc
1991 2387 2186 2466 ipsum
2235 2405 2353 2447 non
2400 2394 2596 2466 potest
2638 2387 2766 2447 lieri
2811 2394 2877 2447 ut

213 2487 363 2547 zosit
408 2484 701 2547 articulus
745 2483 952 2545 similis
1008 2486 1069 2545 in
1113 2484 1376 2547 vocativo
1441 2485 1725 2566 singulari
1783 2495 1843 2548 et
1884 2488 1946 2547 in
1993 2489 2256 2549 vocativo
2303 2487 2548 2568 plurali,
2596 2490 2873 2568 quoniam

284 2587 504 2666 reliqui
566 2585 799 2648 articuli
854 2588 1117 2648 omnium
1174 2606 1415 2650 casuum
1474 2588 1696 2650 babent
1748 2588 2001 2669 aliquam
2047 2590 2456 2651 differentiam.
2548 2598 2606 2650 et
2651 2589 2875 2651 idcirco

286 2692 465 2751 etiam
513 2690 786 2769 sequitur
830 2687 973 2749 illud
1021 2698 1085 2750 ut
1129 2689 1241 2751 hoc
1293 2690 1468 2761 dicas,
1516 2692 1795 2771 quoniam
1840 2692 2178 2752 interiectio
2225 2700 2332 2761 est,
2384 2690 2515 2772 [aut
2557 2691 2668 2753 hoc
2713 2692 2876 2753 dices

283 2791 796 2873 interiectionem]
840 2798 942 2852 aut
984 2800 1146 2853 certe
1192 2792 1535 2854 adverbium
1581 2802 1693 2865 est,
1742 2794 1899 2873 quod
1944 2795 2221 2873 iungatur
2262 2795 2544 2855 vocativo.
2610 2802 2871 2855 ceterum

282 2893 579 2956 articulus
635 2894 881 2955 'vocativi
934 2912 1106 2955 casus
1151 2912 1267 2956 non
1314 2903 1508 2975 potest
1551 2895 1695 2966 dici;
1754 2894 2089 2957 excluderis
2144 2899 2301 2958 enim
2348 2896 2422 2957 ab
2467 2897 2577 2957 ista
2623 2899 2870 2957 ratione.

209 3010 257 3049 2⁵
285 3015 428 3057 ecce
477 2995 668 3058 habes
713 3013 856 3074 ergo
899 2994 1000 3056 ubi
1047 3015 1164 3057 non
1207 2998 1504 3058 invenitur
1549 2999 1843 3060 vocativus
1888 3015 2078 3058 casus,

458 3099 608 3160 ltem
667 3097 852 3158 habes
899 3094 1267 3178 pronomen,
1324 3098 1426 3160 ubi
1480 3118 1599 3161 non
1657 3101 1883 3160 invenis
1939 3101 2266 3160 vocativum
2314 3107 2372 3160 et
2426 3101 2871 3170 nominativum,
2901 3116 3016 3174 436,
3047 3117 3104 3163 11

283 3210 347 3262 ut
396 3207 490 3262 est
538 3201 629 3261 sui
674 3200 789 3261 sibi
833 3217 896 3260 se
943 3219 974 3261 a
1020 3219 1102 3261 se.
1194 3219 1303 3262 nec
1360 3208 1417 3261 te
1474 3201 1731 3281 decipiat
1785 3200 1883 3262 illa
1940 3201 2281 3273 declinatio,
2341 3201 2437 3262 hic
2482 3221 2655 3273 suus,
2703 3203 2874 3263 huius

277 3303 405 3372 sui,
456 3310 525 3363 ut
572 3303 648 3362 sit
690 3320 1017 3382 pronomen
1065 3305 1232 3380 quasi
1277 3304 1700 3383 possessivum,
1749 3322 1915 3364 meus
1958 3313 2095 3365 tuus
2138 3323 2301 3366 suuS.
2370 3313 2427 3365 et
2472 3304 2593 3364 dixi
2640 3313 2778 3385 puta
2824 3306 2873 3366 si

278 3405 564 3481 sequeris
607 3405 781 3465 istam
830 3404 1316 3475 declinationem,
1367 3424 1483 3466 non
1531 3413 1621 3466 est
1662 3406 1772 3466 ista
1816 3407 1878 3466 in
1926 3412 2176 3477 tantum,
2228 3413 2292 3467 ut
2323 3427 2359 3461 ε
2407 3405 2503 3469 illa
2558 3407 2873 3469 declinatio

206 3525 253 3565 ω
280 3505 464 3566 alium
516 3503 698 3568 habet
741 3507 1029 3576 dativum,
1078 3508 1187 3568 ista
1231 3506 1438 3569 alium:
1496 3526 1640 3568 suus
1683 3509 1772 3567 sui
1817 3525 1924 3568 suo
1973 3507 2173 3586 [suum
2219 3527 2249 3568 a
2295 3507 2432 3589 suo]
2481 3509 2648 3578 lacit:
2699 3509 2874 3570 modo

279 3617 484 3670 autem
548 3606 687 3669 l'acit
739 3610 830 3670 sui
875 3608 988 3670 sibi
1035 3608 1128 3689 [se
1173 3627 1204 3670 a
1249 3610 1363 3689 se].
1437 3609 1724 3687 numquid
1786 3608 1994 3670 similis
2040 3617 2129 3670 est
2172 3608 2527 3672 declinatio?
2573 3630 2728 3691 ergo,
2760 3611 2871 3673 hoc

423 3883 450 3934 1
498 3883 759 3932 inuenitur
794 3896 1072 3947 pronomen
1111 3882 1197 3931 ubi
1233 3882 1379 3933 BCa
1424 3883 1510 3932 ubi
1544 3897 1822 3948 pronomen
1864 3883 1949 3932 ubi
1994 3884 2042 3931 A
2184 3882 2218 3933 8
2254 3885 2428 3950 exegit
2469 3886 2517 3933 A
2661 3885 2727 3936 10
2770 3898 2869 3934 non

279 3961 356 4002 est
395 3952 497 4003 hoc
541 3950 627 4002 hic
664 3952 837 4003 BCa:
878 3961 954 4001 est
992 3968 1086 4005 om.
1124 3951 1173 3999 A
1291 3967 1413 4008 ,non
1454 3961 1529 4001 est
1563 3951 1659 4002 hoc
1695 3952 1846 4003 liuius
1884 3953 2058 4004 BCa:
2101 3953 2199 4003 hoe
2232 3970 2323 4006 om.
2359 3953 2409 4002 A
2554 3955 2615 4006 11
2658 3967 2754 4002 uon
2794 3963 2872 4004 est

280 4021 379 4071 hoc
407 4023 536 4072 huie
570 4022 710 4072 BCa
745 4036 836 4071 nec
863 4020 960 4072 hoc
996 4030 1073 4071 est
1099 4020 1218 4070 huic
1252 4022 1301 4070 A
1411 4037 1507 4072 non
1547 4030 1624 4072 est
1663 4021 1759 4072 hoc
1796 4022 1931 4072 hunc
1957 4024 2081 4075 Bc:
2120 4023 2218 4073 hoe
2252 4039 2343 4078 om.
2381 4025 2430 4073 A
2556 4026 2621 4075 12
2658 4039 2756 4075 non
2794 4033 2871 4073 est

277 4094 342 4142 ab
378 4093 480 4143 hoc
517 4092 696 4142 ABG
835 4091 900 4143 13
936 4107 964 4141 e
1005 4092 1257 4142 contrario
1294 4100 1344 4143 et
1375 4093 1463 4156 qui
1499 4091 1622 4143 facit
1648 4108 1741 4146 om.
1781 4093 1850 4151 A,
1888 4094 2010 4145 add.
2051 4110 2085 4143 a
2228 4094 2292 4144 14
2330 4109 2429 4143 nou
2465 4110 2558 4148 om.
2595 4093 2763 4143 ABG

280 4162 345 4214 16
386 4164 511 4212 item
539 4166 592 4212 in
616 4160 690 4226 (in
724 4177 816 4212 om.
845 4161 915 4225 A,
940 4163 1062 4212 add.
1091 4161 1150 4227 a)
1180 4164 1488 4212 nominatiuo
1520 4162 1700 4228 plurali
1728 4162 1898 4215 ABG
2004 4165 2068 4216 18
2092 4164 2212 4214 dicit
2236 4164 2403 4215 ABG
2496 4174 2573 4213 est
2608 4180 2702 4216 om.
2731 4161 2875 4211 ABG

382 4234 454 4283 22
494 4234 650 4282 etiam
686 4232 915 4293 sequitur
953 4232 1077 4282 illud
1118 4231 1162 4279 A
1200 4232 1325 4282 illud
1361 4234 1511 4282 etiam
1549 4233 1778 4296 sequitur
1815 4234 1956 4284 BGa
2061 4243 2147 4283 aut
2173 4233 2267 4283 hoc
2293 4234 2434 4283 dicas
2474 4233 2869 4283 interiectionem

279 4311 365 4351 aut
398 4312 543 4353 cente
581 4302 874 4352 aduerbium
914 4303 1051 4365 quod
1088 4302 1326 4368 iungatur
1362 4303 1595 4353 uocatiuo
1638 4303 1681 4353 C
1728 4314 1815 4352 aut
1850 4302 1945 4353 hoc
1980 4304 2117 4354 dices
2163 4305 2562 4354 interiectionem
2598 4311 2684 4352 aut
2736 4310 2870 4350 certe

280 4373 593 4422 eduen-bium
630 4380 711 4421 est
746 4374 985 4435 quoniam
1024 4373 1133 4437 (aut
1171 4373 1567 4422 interiectionem
1596 4372 1729 4423 dicet
1755 4371 2012 4439 legitimus
2035 4373 2181 4422 miles
2214 4389 2244 4424 o
2282 4382 2366 4423 aut
2406 4383 2541 4424 certe
2575 4371 2870 4423 aduerbium

279 4441 418 4507 quod
458 4441 591 4494 add.
625 4458 660 4491 a
695 4443 857 4493 deleto
892 4459 939 4497 v,
976 4441 1243 4507 quoniam)
1278 4442 1519 4508 iungatur
1560 4443 1796 4493 uocatiuo
1825 4444 1873 4492 A
1912 4452 1998 4492 aut
2035 4441 2132 4492 hoc
2161 4444 2302 4493 dices
2350 4443 2747 4493 interiectionem
2786 4453 2871 4489 aut

278 4521 418 4562 εει-ιε
456 4511 763 4563 aduerbium
797 4521 874 4562 est
909 4522 995 4562 aut
1030 4513 1424 4562 interiectionem
1457 4513 1591 4563 dicet
1617 4512 1836 4579 legimus
1871 4513 2034 4563 milies
2070 4527 2099 4563 o
2139 4513 2419 4563 interiectio
2455 4521 2533 4562 est
2565 4511 2875 4562 interiectio-

281 4597 396 4632 nem
436 4591 532 4633 aut
577 4591 708 4632 certe
750 4583 1045 4633 aduerbium
1081 4583 1218 4647 quod
1263 4582 1504 4648 iungatur
1538 4583 1774 4632 uocatiuo
1808 4580 1858 4630 B
2020 4581 2089 4632 28
2128 4591 2178 4632 et
2212 4583 2323 4633 dixi
2362 4583 2507 4633 BCa
2545 4593 2594 4632 et
2632 4582 2761 4631 dixit
2794 4580 2872 4629 A:

271 4652 510 4715 fortasse
552 4659 673 4718 puta
709 4652 752 4701 si
791 4654 1019 4716 sequeris
1056 4653 1202 4702 istam
1241 4650 1655 4717 declinationem,
1693 4667 1795 4702 non
1834 4661 1911 4702 est
1947 4652 2043 4702 ista
2080 4653 2129 4701 in
2168 4662 2360 4703 tantum
2398 4651 2610 4709 similiS,
2651 4662 2704 4701 ut
2742 4651 2869 4704 dixi.

280 4737 397 4772 nam
437 4724 532 4773 illa
572 4721 840 4773 declinatio
948 4722 1016 4774 30
1054 4738 1179 4773 snus
1219 4722 1298 4771 sui
1333 4737 1426 4772 sno
1457 4738 1602 4772 suum
1635 4737 1665 4772 a
1701 4738 1794 4771 suo
1832 4722 1953 4772 facit
1985 4721 2044 4774 a*
2084 4737 2208 4772 suus
2244 4726 2326 4772 sui
2363 4739 2388 4773 s
2404 4763 2548 4777 .....
2567 4737 2595 4770 a
2630 4739 2719 4775 s..
2756 4719 2876 4769 l'acit

279 4792 328 4842 A
366 4808 499 4842 suus
537 4793 622 4842 sui
659 4793 759 4842 sibi
800 4808 856 4842 se
893 4809 923 4842 a
963 4807 1056 4843 suo
1097 4793 1218 4842 l'acit
1251 4792 1294 4842 C
1327 4808 1449 4842 suus
1485 4793 1564 4842 sui
1604 4807 1696 4841 suo
1733 4792 1856 4842 l'acit
1890 4794 1936 4843 B
2076 4791 2139 4842 :31
2180 4807 2306 4842 suus
2344 4795 2421 4842 sui
2461 4792 2556 4841 sibi
2587 4792 2629 4842 0
2661 4793 2758 4841 sibi
2796 4791 2876 4840 sui

277 4865 378 4912 sibi
406 4867 460 4913 in
498 4863 661 4912 litura
696 4878 730 4911 a
869 4878 993 4928 ergo
1029 4861 1125 4912 hoc
1162 4863 1308 4913 BGa
1341 4862 1437 4912 hoc
1472 4877 1596 4928 ergo
1630 4863 1675 4910 A

383 4951 748 4996 emmaum
775 4952 960 4995 mmm
987 4952 1042 4994 v.
2093 4957 2099 4962 ·
2397 4948 2473 5010 14
