3541 5564
1659 320 1803 382 ARS
2895 318 3016 382 527

442 515 634 588 inquit
678 512 826 571 ‘Alii
864 519 1060 571 tamen
1106 519 1165 570 et
1207 511 1438 571 idoneis
1468 511 1792 571 dumtaxat
1820 511 2168 571 auctoribus
2209 517 2341 571 octo
2372 516 2590 586 partes
2632 511 2821 570 secuti
2858 517 3013 584 sunt,

339 631 342 636 ⁴
443 620 509 675 ut
545 613 930 675 Aristarchus
975 615 1050 673 de
1092 608 1178 693 (et
1220 608 1362 673 cod.
1393 607 1657 694 Regin.)
1703 619 1860 673 etate
1901 620 2111 674 nostra
2154 613 2468 686 Palemon,
2518 614 2627 688 qui
2665 613 3019 674 uocabulum

439 720 568 778 siue
610 718 1071 792 appellationem
1116 717 1340 775 nomini
1378 716 1755 775 subiecerunt
1798 723 2098 790 tamquam
2141 717 2367 790 species
2408 717 2534 775 eius
2549 722 2591 773 ’.
2682 716 2773 775 De
2814 716 3020 775 eodem

443 819 732 879 Eusebius
787 820 862 878 de
914 818 1276 893 temporibus
1330 820 1419 877 ait
1473 818 1492 847 ‘
1511 818 1793 878 Palemon
1846 820 2183 878 uicentinus
2239 819 2493 891 insiynis
2544 817 2773 878 Romae
2811 835 3016 893 qram-

439 924 694 981 maticus
736 922 1016 994 habetur,
1067 921 1172 994 qui
1213 922 1626 993 interroqatus
1681 937 1721 978 a
1786 921 2057 996 consule,
2114 920 2263 994 quid
2313 922 2475 979 inter
2515 926 2749 994 puttam
2793 925 2852 979 et
2893 922 3018 979 stil-

438 1025 560 1082 lam
604 1026 941 1100 interesset,
994 1028 1198 1096 qutta,
1260 1023 1375 1099 ait,
1432 1027 1578 1094 stat,
1638 1023 1803 1081 stilla
1847 1022 2034 1081 cadit.
2124 1023 2352 1083 dicitur
2393 1022 2493 1082 hic
2536 1022 2612 1081 ab
2654 1023 3018 1100 Hieronymo

442 1127 781 1185 Herennius
827 1120 1205 1203 (haberemus
1249 1140 1410 1183 corr.
1457 1125 1731 1183 heremus
1784 1118 1929 1183 cod.
1975 1117 2242 1204 Regin.)
2287 1125 2592 1184 Palemon.
2679 1125 3019 1184 Palemonis

434 1229 826 1302 yrammatici
875 1227 1255 1286 uetustissimi
1307 1226 1382 1284 de
1426 1227 1712 1300 partibus
1767 1227 2060 1286 orationis
2112 1226 2285 1286 liber.
2379 1225 2592 1286 Omnia
2646 1228 2890 1286 nomina
2933 1259 3015 1268 —

430 1331 779 1406 plenissima
839 1329 1024 1389 dicta.
1115 1326 1321 1399 τελως
1375 1326 1787 1407 παλεμωνης.
1851 1360 1923 1371 -
1983 1327 2178 1402 Asper
2226 1332 2663 1403 grammaticus
2703 1331 2854 1389 ciuis
2895 1330 3013 1388 Bo·

439 1449 652 1492 manus
696 1439 959 1506 tempore
1002 1429 1294 1490 Antonini
1334 1431 1684 1506 philosophi
1729 1429 1858 1502 fuit
1912 1432 2244 1504 imperante
2296 1429 2590 1505 Auqusto,
2641 1431 2717 1489 de
2759 1446 2875 1506 quo
2914 1431 3015 1489 Iu-

438 1538 556 1595 lius
623 1534 998 1608 Capitolinus
1063 1526 1203 1610 (vit.
1252 1528 1496 1592 Anton.
1545 1526 1701 1613 phil.
1748 1549 1805 1590 c.
1852 1527 1924 1614 2)
1968 1532 2084 1592 hoc
2125 1535 2245 1606 ait,
2318 1532 2492 1592 ‘usus
2545 1538 2634 1592 est
2685 1537 3015 1607 praeterea

439 1637 829 1712 quottidianis
870 1636 1283 1708 qrammaticis
1324 1635 1531 1693 latinis
1568 1632 1776 1693 Trosio
1807 1635 2003 1709 Aspro
2045 1642 2104 1694 et
2142 1634 2371 1695 Polono
2413 1641 2472 1693 et
2502 1634 2837 1695 Euthochio
2867 1638 3013 1694 Pro-

438 1741 630 1798 culo’.
714 1736 845 1809 suit
889 1744 946 1794 et
988 1738 1145 1795 alter
1190 1739 1410 1810 Asper,
1460 1737 1566 1809 qui
1602 1737 1803 1795 minor
1856 1739 2195 1812 appellatus
2238 1743 2355 1810 est,
2394 1739 2589 1811 paulo
2626 1743 2760 1812 post
2800 1737 3013 1797 Hiero-

438 1857 691 1918 nymum.
779 1855 913 1898 cum
968 1839 1163 1898 Paulo
1217 1839 1471 1897 diacono
1525 1845 1582 1897 et
1630 1841 2031 1912 qrammatico
2085 1840 2145 1898 in
2202 1856 2319 1899 uno
2373 1840 2583 1899 codice
2625 1842 3015 1899 uetustissimo

437 1945 660 2002 inueni.
748 1936 816 1999 in
875 1935 1164 2020 margine
1220 1934 1349 1999 alia
1403 1957 1598 1999 manu
1653 1935 1987 2022 adscripta
2043 1945 2193 2000 sunt
2236 1935 2427 2016 haec,
2474 1941 2670 2016 Asper
2712 1942 3015 2001 Antonino

438 2045 546 2103 Pio
600 2046 741 2118 imp.
788 2043 1017 2102 Romae
1065 2045 1308 2117 floruit,
1369 2057 1538 2117 quem
1583 2044 1669 2101 ita
1712 2045 1962 2115 erudiit,
2021 2049 2088 2102 ut
2128 2048 2328 2102 statua
2372 2042 2448 2101 ab
2491 2058 2560 2102 eo
2604 2044 2861 2102 donatus
2903 2050 3008 2117 est,

434 2148 791 2221 scripsitque
841 2146 1028 2203 multa
1081 2145 1376 2204 librorum
1422 2146 1728 2204 uolumina
1784 2148 1845 2205 in
1887 2146 2319 2219 qrammatica,
2369 2161 2524 2219 quae
2566 2146 2818 2229 iqnauia
2862 2147 3011 2203 mul-

434 2257 630 2309 torum
682 2248 1014 2307 seculorum
1072 2247 1312 2305 deleuit.
1402 2262 1576 2321 eques
1624 2245 1666 2318 f
1662 2249 1752 2307 uit
1818 2247 2141 2306 Romanus.
2234 2244 2351 2306 Ars
2405 2255 2490 2305 est
2550 2279 2622 2290 —
2670 2246 2818 2305 babo
2870 2264 3012 2306 uua.

433 2345 572 2410 cod.
631 2344 863 2426 Regin.
927 2343 1087 2408 1818
1142 2348 1452 2407 quenalis
1505 2351 1628 2408 etc.
1689 2342 1804 2428 (cf.
1862 2342 2007 2409 cod.
2053 2343 2266 2420 Vatic.
2331 2342 2521 2428 1492)
2580 2383 2661 2391 —
2706 2349 3008 2408 Palemon.

437 2452 647 2512 Omnia
690 2453 936 2511 nomina
978 2483 1065 2493 --
1107 2451 1294 2510 dicta.
1346 2482 1428 2494 -—-
1473 2451 1661 2526 Aspri
1699 2452 1951 2511 maioris
1990 2452 2396 2525 qrammatica
2426 2466 2591 2510 more
2619 2453 3012 2511 uetustissimo

432 2557 661 2630 incipit.
726 2555 845 2612 Ars
887 2558 972 2611 est
1016 2584 1097 2594 —-
1140 2552 1292 2612 babo
1334 2569 1475 2612 uua.
1573 2545 1711 2612 sola.
1756 2548 1957 2635 Aspri
2002 2570 2106 2612 ars
2152 2555 2489 2636 praeterea
2533 2557 2633 2611 est
2674 2546 2743 2610 in
2785 2547 3011 2614 codice

436 2651 741 2718 Gothano
793 2650 910 2713 117
956 2650 1113 2713 item
1158 2648 1498 2715 chartaceo
1546 2658 1830 2715 exeunte
1885 2650 2111 2736 quinto
2169 2648 2418 2714 decimo
2466 2649 2722 2715 saeculo
2768 2651 3009 2736 scripto

434 2763 585 2842 post
629 2753 884 2819 Phocae
932 2750 1012 2816 de
1055 2750 1317 2817 nomine
1362 2763 1428 2818 et
1470 2751 1674 2818 verbo
1721 2744 1959 2817 librum
2006 2752 2053 2816 s.
2085 2752 2187 2833 44,
2233 2758 2451 2833 incipit
2476 2773 2582 2817 ars
2609 2759 2782 2834 aspri
2803 2774 3007 2833 qram-

433 2863 658 2920 matici.
737 2861 856 2919 Ars
897 2866 982 2918 est
1024 2891 1110 2903 --
1151 2860 1302 2918 babo
1349 2876 1488 2919 uua.
1566 2864 1925 2940 sequuntur
1970 2853 2206 2919 deinde
2249 2861 2585 2921 declinacio
2628 2861 2815 2934 uerbi,
2863 2862 3009 2921 Ver-

431 2963 566 3022 bum
615 2964 851 3034 finitum
906 2963 1166 3020 actiuum
1219 2963 1535 3035 sinyulare
1587 2968 1645 3020 et
1689 2963 1937 3036 plurale
1990 2965 2273 3038 temporis
2316 2965 2661 3038 praesentis
2716 2970 2869 3023 meto
2923 2996 3007 3007 —

433 3066 764 3123 metendum
808 3071 921 3136 est,
980 3057 1255 3122 Maximi
1299 3057 1624 3124 Victorini
1680 3058 1762 3123 de
1820 3067 1959 3123 arte
2014 3059 2440 3142 grammatica
2483 3068 2550 3124 et
2596 3058 2678 3124 de
2723 3060 3008 3126 carmine

433 3161 690 3227 heroico
757 3170 1092 3245 excerpta,
1158 3160 1457 3225 Metrorii
1516 3159 1626 3247 qui
1689 3159 1926 3225 dicitur
1986 3160 2151 3226 liber
2217 3160 2298 3225 de
2363 3160 2669 3227 finalibus
2687 3161 2771 3246 ²¹²).
2861 3172 3010 3251 post

599 3365 653 3431 ¹⁸)
698 3368 928 3418 Praeter
963 3366 1135 3418 libros
1170 3382 1336 3432 supra
1372 3365 1640 3416 indicatos
1679 3366 1734 3415 in
1772 3366 1965 3417 codice
2002 3366 2370 3433 Neapolitano
2408 3367 2779 3421 bibliothecae
2815 3371 3005 3434 regiae

432 3455 508 3505 IV
542 3454 590 3503 A
626 3455 691 3504 34
735 3453 1021 3503 undecimo
1064 3453 1154 3503 vel
1201 3450 1519 3503 duodecimo
1567 3450 1793 3502 saeculo
1838 3453 2071 3517 script0,
2122 3454 2277 3504 cuius
2320 3455 2653 3506 mentionem
2690 3455 2800 3505 feci
2838 3471 3005 3520 supra

431 3557 481 3605 p.
521 3542 645 3601 330,
685 3542 742 3587 et
775 3538 920 3588 hunc
955 3537 1118 3602 Aspri
1160 3535 1357 3587 librum
1405 3540 1462 3587 et
1507 3536 1673 3586 aliam
1722 3535 2071 3588 Palaemonis
2108 3543 2281 3588 artem
2321 3539 2389 3589 ab
2429 3554 2497 3589 ea
2534 3555 2695 3604 quam
2733 3538 3004 3592 edidimus

431 3625 706 3675 diversam
745 3627 932 3673 extare
970 3622 1165 3673 scribit
1200 3621 1467 3672 Ianellius
1505 3620 1676 3673 catal.
1712 3621 1966 3672 biblioth.
2007 3639 2143 3673 mus.
2180 3624 2418 3675 Borbon.
2454 3641 2506 3689 p.
2544 3626 2609 3675 28
2647 3626 2772 3675 ‘Ars
2808 3625 3004 3676 Palae-

430 3711 621 3761 monis.
692 3707 937 3758 Titulus:
991 3707 1053 3756 In
1097 3708 1289 3758 nomine
1325 3707 1547 3757 Sanctae
1589 3707 1885 3757 Trinitatis.-
1929 3708 2121 3773 Incipit
2157 3709 2266 3759 Ars
2300 3710 2637 3764 Palaemonis,
2706 3712 2900 3774 anue
2940 3714 3003 3762 15

429 3796 671 3862 paginae
709 3791 1034 3857 implentur,
1073 3793 1220 3841 inter
1253 3807 1392 3856 quas
1429 3797 1640 3852 tamen,
1680 3807 1788 3857 qua
1824 3808 2031 3843 caussa.
2067 3793 2276 3857 nesci0,
2312 3808 2422 3844 una
2457 3794 2656 3845 relicta
2691 3800 2772 3845 est
2805 3811 3004 3845 vacua.

428 3881 614 3932 Prima
650 3879 831 3930 libelli
856 3877 1028 3929 verba
1052 3877 1220 3927 haec:
1258 3877 1547 3943 Apyressus
1585 3880 1783 3944 quidem
1815 3884 1963 3928 iuxta
1998 3880 2320 3929 traditionem
2354 3882 2705 3943 magistrorum
2740 3882 2805 3930 de
2838 3883 3002 3931 multis

426 3983 595 4032 pauca
631 3979 1043 4016 conmemorare:
1080 3979 1192 4012 nam
1225 3964 1351 4013 sicut
1388 3964 1700 4014 abscondere
1734 3965 1943 4029 aliquod
1973 3964 2149 4013 bonum
2181 3966 2513 4028 periculosum
2550 3981 2661 4015 esse
2698 3982 2797 4016 non
2832 3965 3001 4016 dubito

430 4057 538 4105 etc.
584 4050 668 4102 Ad
706 4049 915 4101 calcem
952 4048 1117 4098 haec:
1158 4049 1293 4098 Finit
1329 4048 1437 4099 Ars
1471 4051 1808 4099 Palaemonis.
1860 4049 2014 4111 Quae
2051 4049 2301 4113 profecto
2338 4048 2450 4099 alia
2488 4054 2574 4100 est
2608 4049 2677 4100 ab
2715 4065 2800 4112 ea,
2841 4065 2999 4114 quam

428 4138 632 4206 primus
681 4135 855 4186 edidit
898 4133 1156 4184 Iovianus
1204 4134 1484 4184 Fontanus
1529 4138 1733 4197 noster,
1780 4137 1892 4183 tum
1924 4134 2096 4184 Adam
2139 4133 2338 4184 Petrus
2373 4133 2637 4185 Basileae
2675 4136 2821 4185 1527.
2895 4136 3003 4197 Qui

427 4238 558 4273 vero
595 4222 876 4286 Epitomes
912 4223 1135 4269 nostrae
1174 4222 1366 4269 auctor
1399 4219 1490 4283 sit,
1529 4218 1662 4269 mihi
1685 4218 1953 4269 hactenus
1989 4219 2383 4284 inconpertum.
2431 4218 2779 4269 Christianus
2817 4224 3001 4271 tamen

429 4307 533 4357 fuit
577 4306 866 4372 religione.
937 4303 1089 4369 Opus
1137 4304 1279 4355 enim
1333 4303 1656 4369 adgreditur
1699 4305 1982 4354 auxiliante
2027 4303 2259 4361 Christo,-
2313 4307 2369 4353 et
2412 4303 2482 4354 ad
2527 4319 2676 4354 oram
2722 4304 2849 4355 libri
2893 4320 2998 4356 vox

429 4391 742 4441 Christianus
778 4389 1106 4455 adscripta’3
1145 4389 1279 4439 ibid.
1317 4407 1367 4455 p.
1393 4392 1458 4440 29
1494 4390 1619 4440 ‘Ars
1642 4388 1840 4454 Asperi
1874 4389 2238 4454 grammatici.
2284 4389 2475 4440 Habes
2502 4390 2646 4455 apud
2680 4390 2997 4441 Putschium

427 4493 482 4541 p.
520 4478 648 4526 1716
687 4472 921 4541 (1726‘1’).
989 4476 1053 4525 In
1090 4473 1290 4524 Codice
1329 4476 1542 4540 Aspri’.
1615 4473 1712 4525 sed
1748 4476 1806 4524 in
1841 4472 1943 4524 hoc
1980 4474 2170 4525 codice
2207 4489 2368 4540 quam
2403 4474 2560 4525 fidem
2596 4474 2802 4526 habeat
2836 4476 2998 4541 Aspri

429 4576 642 4624 nomen,
677 4560 766 4611 vel
803 4575 927 4609 num
965 4560 1108 4610 idem
1142 4554 1284 4610 liber
1319 4562 1409 4622 sit,
1449 4576 1608 4625 quem
1644 4559 1938 4610 Putschius
1972 4559 2166 4623 edidit,
2203 4560 2337 4610 mihi
2371 4575 2479 4610 non
2518 4564 2750 4611 constat.
2798 4560 2995 4612 Palae·

431 4644 575 4695 moni
612 4649 796 4695 autem
834 4646 887 4694 in
923 4643 1080 4695 libris
1126 4659 1290 4694 manu
1337 4646 1558 4711 scriptis
1604 4644 1862 4694 tribuitur
1907 4659 1995 4695 ars
2035 4660 2100 4694 ex
2137 4651 2254 4696 arte
2289 4645 2517 4696 Maximi
2551 4645 2823 4696 Victorini
2858 4661 2996 4711 quae

427 4728 590 4795 vulgo
629 4730 802 4780 fertur
838 4733 1131 4795 excerpta,
1169 4729 1227 4779 in
1264 4728 1449 4781 codice
1485 4729 1739 4780 Parisino
1778 4731 1909 4781 7559
1945 4743 2094 4782 saec.
2130 4731 2205 4794 X,
2254 4731 2293 4785 f.
2330 4733 2394 4781 62
2440 4731 2620 4797 incipit
2653 4747 2741 4780 ars
2771 4734 2997 4797 patamo-

429 4816 506 4866 nis
543 4817 606 4866 de
641 4816 848 4866 metrica
883 4818 1192 4868 institutione
1228 4818 1290 4867 de
1328 4824 1589 4867 exametro
1623 4832 1777 4866 uersu
1810 4831 1899 4866 seu
1934 4816 2152 4877 heroico,
2190 4822 2247 4867 et
2279 4817 2337 4866 in
2374 4816 2562 4868 codice
2588 4814 2995 4869 vindobonensi
