3541 5564
562 290 689 355 246
1708 290 2014 353 POMPEI!

617 415 658 456 p.
687 403 864 443 sav-39
894 401 938 441 1..

566 501 750 563 quare
798 500 914 543 non
962 480 1310 550 difficulter,
1359 479 1460 541 sed
1510 480 1705 559 potius
1737 478 2089 541 difficiliter?
2135 480 2389 558 primum
2420 486 2668 560 propter
2697 478 2855 541 illam
2888 498 3142 549 causam,

567 586 729 663 quia,
777 584 826 643 si
872 582 1095 645 dixeris
1141 582 1487 652 difficulter,
1547 600 1696 660 cogo
1742 588 1800 642 te
1846 581 2047 643 dicere
2092 581 2369 650 saculter;
2427 583 2478 642 si
2522 590 2720 667 autem
2767 581 2919 642 dicis
2961 580 3146 642 facili-

570 696 686 755 ter,
738 705 978 747 necesse
1034 685 1218 747 habes
1271 684 1469 745 dicere
1514 684 1859 753 difficiliter;
1918 683 2099 745 altera
2144 703 2243 746 res
2288 687 2670 745 confirmatur
2714 685 2788 745 de
2834 683 3017 744 altera
3062 703 3144 753 re,

570 791 849 867 quoniam
896 787 1035 849 inde
1081 789 1282 867 utique
1326 788 1615 864 originem
1662 794 1922 847 sumunt.
2013 787 2116 846 sed
2164 806 2239 848 ne
2283 787 2436 862 sorte
2482 785 2674 855 dicaS,
2721 785 3009 847 debemus
3054 805 3145 847 rc·

569 890 769 971 gulam
825 890 1082 968 aliquam
1139 891 1436 959 invenire,
1496 895 1583 948 est
1625 887 1859 967 regula:
1934 891 2130 950 omnia
2176 888 2451 950 adverbia
2496 906 2645 967 quae
2690 890 2751 949 in
2797 896 2887 949 ter
2934 897 3149 949 exeunt
3196 901 3220 940 5

572 993 729 1055 salvo
775 993 970 1053 dativo
1015 993 1102 1053 sic
1148 998 1393 1059 exeunt,
1441 989 1498 1050 id
1546 997 1635 1052 est
1676 998 1915 1051 servant
1958 989 2212 1052 dativum
2259 992 2577 1069 integrum.
2638 999 2777 1070 puta
2825 990 3028 1060 docili,
3076 990 3150 1051 ad

570 1099 745 1157 istum
794 1094 1052 1156 dativum
1098 1093 1247 1155 adde
1293 1101 1384 1154 ter
1430 1090 1588 1153 nulla
1634 1091 1854 1173 syllaba
1902 1091 2159 1163 sublata,
2206 1092 2384 1154 docili
2429 1092 2729 1163 dociliter;
2791 1091 2955 1171 agili,
3005 1092 3150 1153 adde

572 1197 712 1259 illuc
746 1205 863 1266 ter,
898 1196 1144 1275 agiliter.
1209 1202 1267 1255 et
1296 1203 1610 1275 permanet
1639 1193 1739 1254 ille
1770 1195 1997 1255 dativus
2042 1197 2304 1273 integer,
2356 1202 2416 1256 et
2457 1197 2542 1256 sic
2585 1197 2803 1275 accipit
2845 1193 3146 1276 syllabam.

572 1320 602 1357 e
647 1300 946 1361 contrario
992 1317 1239 1378 quaere,
1300 1299 1351 1358 si
1405 1297 1504 1358 bic
1548 1298 1731 1376 possit
1788 1298 1936 1357 sieri.
2030 1295 2186 1357 facili
2230 1297 2517 1368 faciliter,
2564 1306 2680 1358 stat
2722 1316 2849 1365 res;
2911 1298 3157 1372 difficili

573 1400 911 1469 difficiliter,
958 1399 1042 1460 ibi
1089 1418 1220 1460 esse
1264 1409 1460 1478 potest
1502 1401 1612 1460 ista
1658 1400 1827 1460 ratio.
1920 1399 2200 1477 numquid
2250 1419 2377 1461 esse
2421 1407 2618 1480 potest
2661 1402 2777 1460 iam
2823 1402 2933 1460 ista
2978 1401 3146 1469 ratio,
3178 1412 3223 1450 ιθ

573 1506 621 1563 si
668 1503 887 1563 dixeris
932 1500 1279 1563 difficulter?
1327 1502 1439 1562 erit
1484 1500 1713 1562 dativus
1758 1500 2009 1571 difficul,
2059 1502 2213 1578 quod
2260 1521 2379 1563 non
2423 1500 2619 1581 potest
2661 1503 2932 1582 recipere
2977 1504 3151 1563 ratio·

576 1624 730 1667 uem.
823 1602 1166 1665 adverbium
1214 1604 1372 1664 enim
1417 1603 1572 1682 quod
1619 1605 1679 1663 in
1724 1610 1817 1664 ter
1862 1603 1980 1664 exit
2023 1624 2052 1664 a
2100 1603 2293 1665 dativo
2348 1604 2526 1665 debet
2568 1606 2758 1674 nasci,
2818 1612 2881 1664 ut
2923 1606 3155 1682 integer

573 1708 649 1766 sit
694 1705 921 1767 dativus
975 1715 1034 1766 et
1091 1708 1177 1767 sic
1231 1707 1481 1785 accipiat
1533 1703 1836 1783 syllabam.
1929 1713 1986 1765 et
2041 1706 2218 1785 quid?
2293 1705 2481 1767 nullas
2526 1708 2855 1767 invenimus
2901 1703 3153 1789 regulias

370 1828 489 1890 439,
518 1826 547 1874 7
574 1809 940 1869 contrarias?
988 1808 1157 1879 dicit,
1202 1809 1551 1869 invenimus,
1639 1825 1773 1868 nam
1819 1806 2167 1887 plerumque
2212 1810 2450 1869 invenio
2495 1807 2749 1869 dativum
2795 1827 2830 1867 o
2873 1809 3153 1869 termina-

576 1919 728 1979 tum,
801 1919 858 1971 et
924 1908 1106 1971 nihilo
1166 1910 1360 1971 minus
1417 1907 1760 1969 adverbium
1820 1910 1880 1969 in
1938 1916 2028 1969 ter
2085 1912 2313 1978 exiens,
2373 1919 2438 1972 ut
2494 1910 2632 1971 huic
2686 1909 2837 1970 duro
2904 1910 3225 1970 duriter.15

576 2012 822 2091 legimus
875 2014 1017 2073 item
1077 2012 1234 2090 quod
1292 2011 1642 2090 aliquotiens
1696 2010 1855 2070 idem
1901 2010 2126 2073 dativus
2170 2020 2261 2072 est
2305 2021 2363 2073 et
2405 2012 2563 2074 idem
2608 2011 2951 2073 adverbium
2998 2010 3155 2072 nulla

576 2117 804 2175 ratione
860 2121 1107 2183 mutata,
1167 2124 1231 2175 ut
1287 2112 1432 2174 falso
1490 2111 1723 2174 sedulo:
1796 2113 1891 2172 bic
1950 2111 2131 2173 salsus
2172 2113 2359 2174 ¹huius
2413 2113 2544 2174 salsi
2601 2114 2738 2175 huic
2782 2112 2964 2183 falso;
3011 2113 3156 2174 falso

575 2216 919 2278 adverbium
979 2224 1096 2287 est,
1159 2225 1216 2277 et
1268 2215 1495 2276 dativus
1552 2223 1642 2275 est
1698 2233 1902 2275 casus:
1960 2215 2059 2275 bic
2114 2215 2357 2276 sedulus
2413 2215 2586 2276 buius
2640 2214 2832 2277 seduli
2874 2215 3016 2276 huic
3062 2233 3155 2276 se·

576 2317 745 2386 dulo;
806 2317 1012 2379 sedulo
1068 2316 1410 2379 adverbium
1468 2324 1580 2386 est,
1641 2326 1699 2376 et
1755 2317 1982 2377 dativus
2040 2326 2145 2379 est.
2240 2337 2379 2397 ergo
2435 2318 2582 2381 salso
2627 2317 2831 2379 sedulo
2879 2327 2937 2379 et
2983 2318 3157 2377 dativi

573 2428 823 2499 possunt
868 2438 1026 2487 esse,
1075 2428 1134 2479 et
1177 2417 1452 2480 adverbia
1496 2430 1744 2501 possunt
1790 2438 1941 2480 esse.
2004 2420 2109 2480 sed
2154 2429 2351 2481 tamen
2395 2421 2816 2481 discretionem
2861 2421 3228 2500 accipiuntzo

576 2541 647 2582 ex
693 2540 886 2581 sensu.
978 2523 1028 2580 si
1074 2520 1235 2581 dicas
1282 2521 1466 2582 ‘falso
1514 2522 1828 2601 loqueris’,
1874 2520 1991 2582 tale
2038 2530 2128 2582 est
2182 2541 2251 2583 ac
2307 2525 2356 2583 si
2413 2524 2574 2584 dicas
2618 2522 2804 2583 ‘male
2849 2522 3154 2603 loqueris’.

577 2642 719 2701 ergo
765 2622 945 2684 modo
989 2621 1332 2683 adverbium
1379 2630 1484 2682 est.
1572 2624 1622 2682 si
1675 2622 1838 2684 dicas
1897 2622 2077 2684 ‘falso
2134 2623 2359 2686 bomini
2415 2624 2732 2704 epistolam
2786 2623 2977 2694 dedi',
3037 2623 3158 2685 noli

576 2745 706 2787 esse
752 2723 1123 2795 adverbium,
1183 2723 1287 2784 sed
1345 2743 1579 2786 nomen.
1672 2725 1787 2786 tale
1844 2734 1931 2786 est
1977 2727 2163 2792 enim.
2220 2746 2288 2788 ac
2334 2729 2383 2788 si
2430 2725 2688 2789 dicerem
2733 2725 3009 2788 ‘indocto
3054 2727 3158 2788 ho-

578 2830 724 2889 mini
774 2826 1080 2908 epistolam
1125 2826 1317 2887 dedi'.
1409 2845 1550 2905 ergo
1597 2845 1702 2906 per
1747 2847 1987 2889 sensum
2034 2826 2347 2907 intellegis,
2397 2828 2631 2911 quando
2676 2831 2753 2890 sit
2794 2829 3155 2898 adverbium,

577 2930 808 3010 quando
855 2929 1090 2991 nomen.
1150 2938 1448 3000 ceterum,
1497 2939 1781 3009 quantum
1828 2931 1899 2991 ad
1947 2933 2163 2993 exitum
2209 2934 2498 3012 pertinet,
2546 2929 2759 2992 similia
2804 2940 2960 2993 sunt.
3016 2935 3229 2993 itemst-⁸»

576 3031 931 3112 aliquotiens
975 3034 996 3092 i
1040 3033 1390 3104 terminatus
1438 3040 1528 3093 est
1571 3033 1827 3102 dativuS,
1891 3040 1950 3093 et
2002 3033 2345 3095 adverbium
2392 3052 2509 3094 non
2553 3035 2614 3093 in
2665 3041 2752 3094 ter
2798 3035 2943 3108 exit,
2992 3034 3096 3096 sed
3141 3035 3160 3093 i

578 3137 639 3195 in
689 3154 720 3194 e
766 3135 1080 3195 convertit:
1130 3153 1272 3195 ecce
1315 3136 1817 3213 ‘sanguineae
1855 3134 2167 3213 lugubre
2216 3135 2537 3197 rubent’.
2610 3123 2855 3215 propter
2902 3136 3158 3197 dativum

576 3234 938 3314 singularem
996 3237 1055 3296 in
1108 3238 1127 3296 i
1185 3245 1498 3298 exeuntem
1546 3238 1701 3317 (nam
1749 3238 1842 3298 sac
1889 3236 2174 3313 dativum,
2224 3239 2320 3299 hic
2365 3236 2630 3317 lugubris
2675 3238 2849 3299 liuius
2893 3237 3160 3316 lugubris

580 3339 718 3399 lnuic
761 3336 1019 3415 lugubri)
1067 3337 1399 3416 lugubriter
1429 3338 1717 3400 debuerat
1746 3341 1970 3408 facere,
2018 3340 2120 3400 sed
2167 3347 2362 3401 tamen
2402 3342 2412 3414 Ι
2451 3338 2657 3400 maluit
2688 3338 2957 3418 lugubre.
3019 3357 3160 3417 ergo

582 3449 639 3500 et
683 3438 779 3500 hic
823 3437 958 3500 talis
1004 3447 1094 3508 est
1137 3438 1419 3511 elocutio,
1469 3440 1656 3518 qualis
1702 3450 1760 3501 et
1804 3441 1906 3501 ibi.
3184 3460 3233 3498 so

746 3539 1039 3601 Adverbio
1082 3544 1193 3602 tria
1251 3543 1553 3613 accidunt,
1612 3544 1959 3621 significatio
2015 3546 2354 3624 conparatio
2410 3546 2613 3621 figura.
2702 3544 3159 3622 significationes
3244 3532 3253 3537 ’

577 3641 991 3705 adverbiorum
1039 3642 1257 3704 multae
1302 3653 1469 3714 sunt;
1529 3644 1754 3723 legistis
1810 3645 1939 3706 illas
1994 3648 2053 3706 in
2111 3648 2299 3726 prima
2356 3652 2524 3725 parte
2570 3647 2732 3707 artis.
2821 3654 2958 3707 sunt
3014 3664 3161 3724 quae

580 3754 810 3825 tempus
841 3746 1188 3823 significant,
1238 3753 1300 3805 ut
1329 3745 1535 3814 hodic;
1585 3756 1722 3808 sunt
1751 3767 1902 3827 quae
1946 3749 2279 3826 significant
2324 3766 2663 3817 numerum,
2711 3754 2775 3808 ut
2819 3747 3002 3808 semel
3034 3746 3158 3814 bis;

581 3848 690 3910 alia
737 3847 1049 3916 hortantis,
1096 3855 1160 3908 ut
1201 3846 1365 3917 heia;
1425 3847 1534 3910 alia
1580 3848 1979 3927 probibentiS,
2037 3857 2101 3910 ut
2147 3868 2248 3918 ne;
2306 3849 2417 3910 alia
2463 3849 2762 3928 negantiS,
2811 3859 2875 3911 ut
2918 3869 3057 3920 non,
3105 3858 3163 3910 et

579 3951 778 4013 omnia
821 3968 969 4029 quae
1014 3948 1245 4011 habetis
1287 3951 1506 4030 scripta
1550 3952 1612 4011 in
1659 3952 1804 4031 ipsis
1847 3950 2092 4012 artibus,
2183 3960 2322 4013 sunt
2378 3950 2655 4012 adverbia
2709 3969 2945 4031 semper
3000 3953 3159 4012 finita
3185 3972 3233 4012 85

581 4062 701 4114 tam
746 4051 862 4112 loci
905 4071 1076 4132 quam
1125 4053 1444 4132 temporis,
1494 4061 1560 4113 ut
1601 4061 1742 4133 puta
1790 4054 1886 4114 bic
1930 4054 2133 4114 modo:
2182 4057 2284 4133 qui
2330 4053 2472 4114 dicit
2516 4054 2639 4124 hic,
2696 4052 2890 4116 locum
2937 4054 3158 4131 signifi-

581 4162 706 4223 cat;
754 4156 857 4234 qui
901 4154 1043 4215 dicit
1087 4154 1281 4226 modo,
1330 4155 1535 4216 delinit
1581 4163 1813 4234 tempus
1860 4155 2030 4237 [puta
2076 4156 2171 4216 hic.
2218 4155 2477 4217 definivit
2521 4154 2808 4236 tempus]
2857 4165 2996 4217 sunt
3045 4162 3158 4216 tam

580 4257 696 4318 loci
740 4240 914 4337 quam
961 4260 1244 4338 temporis
1287 4259 1543 4328 infinita,
1604 4256 1706 4319 ubi
1752 4257 2016 4335 quando:
2077 4277 2214 4319 nam
2270 4260 2368 4338 qui
2414 4257 2558 4317 dicit
2599 4257 2731 4328 ubi,
2789 4257 2985 4319 locum
3039 4276 3160 4318 non

582 4361 902 4439 significan
951 4361 1049 4439 qui
1096 4359 1235 4420 dicit
1278 4360 1530 4439 quando,
1579 4347 1811 4440 teinpus
1856 4380 1974 4422 non
2021 4351 2331 4439 significat.

726 4498 750 4547 1
783 4511 936 4560 quare
969 4509 1066 4544 nou
1093 4495 1353 4545 dent-,ulter
1390 4497 1480 4547 sed
1508 4499 1676 4561 potius
1709 4497 1976 4546 ‹lenciliter
1999 4501 2049 4548 A
2082 4512 2237 4561 quare
2272 4512 2369 4547 non
2406 4495 2678 4548 difficulter
2713 4497 3002 4546 inueuimus
3027 4498 3158 4546 enim

583 4582 738 4630 quare
757 4581 865 4620 ,uon
894 4564 1168 4615 difficulter
1197 4567 1319 4615 Bca
1420 4568 1482 4619 10
1507 4567 1702 4619 difficili
1727 4585 1820 4620 om.
1851 4568 1996 4619 ΑΒΘ
2090 4570 2156 4618 22
2186 4565 2359 4634 modo]
2394 4568 2646 4630 quomodo
2669 4567 2816 4617 ABG
2908 4567 3013 4616 noli
3051 4584 3159 4618 esse

582 4637 876 4687 aduerbium
900 4635 992 4685 sed
1019 4651 1198 4685 nomen
1223 4652 1314 4688 om.
1341 4639 1406 4698 A,
1435 4638 1556 4692 add,
1587 4655 1619 4686 a
1724 4641 1793 4689 24
1825 4654 1913 4701 per
1935 4653 2139 4687 sensum
2168 4638 2419 4704 intellegis
2450 4638 2491 4688 C
2516 4654 2607 4703 pro
2645 4652 2798 4687 sensu
2834 4637 3089 4703 intellegis
3115 4638 3162 4687 B

586 4723 674 4770 per
707 4721 913 4756 sensum
952 4706 1254 4773 intellegens
1288 4708 1337 4756 Α
1371 4723 1462 4774 pro
1503 4722 1657 4757 sensu
1693 4708 1957 4774 intelleges
1998 4724 2030 4758 α
2132 4710 2199 4758 27
2230 4709 2539 4773 sanguineae
2574 4709 2725 4760 BGa
2762 4708 3010 4773 sanguine
3046 4708 3159 4758 Ac:

594 4777 747 4842 Verq.
777 4776 908 4831 Aen.
942 4775 990 4826 X
1019 4777 1119 4828 273
1263 4779 1441 4830 rubent
1477 4794 1571 4829 om.
1609 4778 1677 4841 A,
1714 4778 1836 4829 add.
1875 4796 1907 4829 a
2049 4778 2116 4830 33
2156 4786 2208 4827 ut
2244 4779 2399 4828 semel
2433 4779 2508 4827 bis
2543 4777 2592 4830 B
2627 4787 2679 4830 ut
2715 4779 2815 4828 duo
2851 4787 2953 4827 tres
2986 4775 3091 4829 AC
