3541 5564
78 2106 85 2111 .
205 2075 326 2134 420,
353 2075 385 2121 8

103 2143 221 2203 443,
241 2144 291 2190 4.
323 2144 385 2189 10

353 2472 362 2479 “
407 2466 759 2547 plerumque
804 2468 1183 2545 postponitur
1227 2475 1286 2530 et
1329 2476 1519 2530 mutat
1563 2487 1765 2531 casum
1811 2486 2004 2528 suum.
2065 2473 2204 2546 post
2246 2465 2433 2546 qualis
2477 2467 2836 2546 praepositio
2869 2465 2996 2525 est?
3022 2479 3072 2518 20
3164 2516 3175 2529 .

404 334 532 400 270
1127 426 1128 429 Ν
1551 336 1856 399 pomnen

399 465 403 468 ⁴
457 458 499 501 p.
525 447 699 486 389—91
730 444 772 484 1..

406 527 645 604 ponitur
690 523 1057 593 nominibus;
1105 526 1495 603 postponitur,
1543 533 2003 585 mecumtecum
2044 528 2054 597 1
2093 521 2403 584 nobiscum
2433 521 2767 591 vobiscum
2813 542 2990 585 nemo

405 626 547 687 dicit
602 645 737 689 cum
795 645 920 696 me,
979 646 1113 687 cum
1172 634 1257 697 te,
1317 645 1453 688 cum
1510 625 1708 696 nobis,
1769 644 1901 686 cum
1961 626 2143 688 vobis,
2237 642 2380 702 ergo
2426 645 2497 686 ex
2542 627 2768 686 maiore
2820 635 2990 705 parte

404 729 852 807 significationis
896 727 1187 809 appellata
1232 736 1320 791 est
1364 730 1748 808 praepositio,
1797 748 1919 790 non
1947 729 2227 809 quoniam
2258 746 2378 789 non
2407 729 2787 790 inveniuntur
2820 745 2991 806 prae-

405 832 744 911 positioneS,
793 849 942 909 quae
986 839 1235 909 possunt
1277 829 1593 909 aliquando
1637 833 1937 911 postponi.
1998 849 2132 892 nam
2166 848 2305 892 ecce
2336 829 2471 890 dedi
2517 829 2626 890 tibi
2657 828 2990 908 exemplum

404 934 784 1013 postpositae,
834 939 897 992 ut
942 939 1032 992 est
1074 941 1266 1002 tenus,
1315 939 1379 992 ut
1418 940 1514 993 est
1558 950 1712 994 cum.
1802 952 1946 1011 ergo
1991 933 2146 1012 quod
2192 934 2567 1011 frequentius
2610 933 2991 992 inveniuntur
3018 951 3044 990 5

406 1036 807 1115 praepositae,
865 1016 1022 1094 inde
1061 1034 1251 1095 dictae
1309 1042 1447 1096 sunt
1501 1036 1614 1094 isto
1671 1036 1931 1096 nomine.
2025 1052 2165 1113 ergo
2223 1035 2592 1115 praepositio·
2649 1052 2886 1113 semper
2930 1034 2989 1092 in

407 1137 704 1218 loquendo
748 1137 1149 1216 praeponitur,
1198 1145 1264 1197 ut
1307 1147 1441 1197 aute
1487 1137 1804 1217 templum;
1845 1136 1944 1197 illa
1988 1154 2106 1197 una
2151 1145 2240 1198 est
2269 1154 2419 1215 quae
2464 1154 2574 1215 pro
2606 1133 2856 1195 arbitrio
2887 1143 2992 1195 tuo

410 1238 504 1300 vel
534 1241 921 1319 praeponitur
965 1238 1057 1300 vel
1100 1240 1493 1318 postponitur,
1541 1248 1727 1309 tenus,
1761 1247 1936 1299 tenus
1979 1238 2137 1318 pube
2181 1247 2240 1298 et
2283 1237 2442 1317 pube
2486 1245 2690 1305 tenus;
2734 1235 2831 1296 illa
2877 1255 2993 1296 una

408 1350 497 1402 est
520 1358 672 1419 quae
702 1344 764 1417 in
796 1340 1248 1420 pronominibus
1278 1360 1514 1420 semper
1531 1342 1925 1421 postponitur,
1953 1359 2107 1411 eum,
2133 1347 2605 1401 mecumtecum.
2641 1338 2782 1418 quid
2809 1339 2991 1417 ergo?

408 1441 556 1505 aliae
595 1460 710 1503 non
742 1450 1181 1524 postponuntur
1225 1445 1731 1523 praepositiones?
1784 1452 2230 1523 postponuntur
2273 1444 2450 1503 etiam
2493 1442 2673 1511 aliae;
2719 1441 2823 1503 sed
2855 1459 2989 1503 cum
3020 1454 3069 1493 10

408 1547 766 1624 postpositae
788 1546 1024 1617 suerint,
1051 1546 1182 1607 vide
1203 1565 1279 1607 ne
1303 1544 1697 1627 hysterologia
1717 1549 1811 1615 sit,
1839 1554 1940 1607 aut
1961 1563 2038 1606 ne
2061 1543 2315 1606 elocutio
2333 1546 2429 1605 sits
2463 1542 2815 1623 plerumque
2834 1546 2991 1605 enim

408 1650 771 1727 postpositae
806 1647 1263 1725 hysterologiam
1293 1650 1536 1718 iaciunt,
1583 1648 1935 1730 plerumque
1966 1648 2359 1708 elocutionem
2392 1646 2633 1708 faciunt.
2678 1664 2718 1700 -w
2750 1648 2800 1708 si
2831 1645 2992 1706 dicas

714 1758 1047 1811 transtra
1090 1769 1222 1829 per
1270 1760 1337 1811 et
1379 1768 1621 1811 remos
1666 1758 1737 1811 et
1789 1752 2034 1829 pictas
2079 1749 2327 1810 abiete
2378 1767 2689 1828 puppes:

410 1855 703 1914 ‘transtra
747 1870 858 1932 per
903 1859 963 1912 et
1003 1870 1202 1912 remos
1221 1858 1260 1923 ’,
1286 1852 1422 1913 -hoe
1454 1862 1553 1915 >est
1595 1873 1704 1933 per
1748 1859 2006 1913 transtra
2054 1860 2113 1913 et
2155 1869 2385 1913 remos:
2447 1852 2625 1913 modo
2668 1850 2992 1932 postposita

413 1964 501 2016 est
546 1974 663 2017 non
707 1953 841 2032 lege
883 1957 1201 2027 sermoniS,
1251 1956 1356 2016 sed
1399 1955 1531 2034 lege
1573 1959 1770 2018 metri.
1863 1974 1940 2016 ne
1985 1964 2043 2015 te
2087 1954 2368 2034 decipiat,
2427 1956 2709 2032 quoniam
2753 1953 2815 2014 in
2861 1972 2991 2014 ver·
3022 1966 3072 2005 15

412 2057 575 2118 sibus
618 2058 955 2118 invenimus
998 2056 1352 2138 plerumque
1396 2061 1870 2140 praepositiones
1912 2076 2043 2118 esse
2086 2057 2470 2136 postpositas;
2516 2057 2621 2117 sed
2663 2055 2800 2117 ideo
2835 2062 2995 2135 post-

408 2161 633 2239 positae
678 2167 844 2229 sunt,
903 2178 1022 2221 non
1079 2162 1238 2239 quod
1293 2163 1374 2241 ita
1427 2164 1491 2222 in
1536 2162 1933 2223 elocutionem
1979 2158 2224 2228 cadunt,
2285 2157 2387 2219 sed
2441 2158 2596 2238 quod
2651 2158 2821 2219 aliter
2866 2175 2997 2218 ver-

407 2280 508 2322 sus
566 2269 724 2323 stare
780 2280 901 2323 non
957 2273 1237 2342 possunt·
1324 2282 1466 2343 ergo
1528 2265 1782 2326 dicimus
1837 2263 2127 2323 ‘transtra
2194 2279 2304 2340 per
2362 2268 2420 2321 et
2472 2256 2740 2330 remos',
2811 2268 2871 2321 et
2934 2260 2998 2320 fit

407 2362 834 2444 hysterologia,
881 2364 941 2425 id
988 2374 1074 2425 est
1121 2369 1429 2428 conversio
1475 2368 1798 2435 sermonis,
1846 2366 1961 2426 hoc
2006 2373 2097 2425 est
2140 2367 2159 2396 ‘
2171 2382 2281 2441 per
2327 2371 2582 2426 transtra
2628 2371 2686 2424 et
2739 2366 2991 2424 remos’.

409 2570 740 2629 accusativa
786 2569 915 2629 sine
961 2569 1159 2631 dubio.
1251 2580 1395 2632 tunc
1433 2568 1444 2653 Ι
1484 2572 1599 2632 erit
1642 2572 2000 2640 accusativa,
2059 2571 2110 2629 si
2154 2576 2256 2629 aut
2298 2567 2458 2630 illam
2503 2586 2836 2648 praepono,
2895 2575 2996 2630 aut

407 2671 566 2731 illam
611 2678 909 2751 postpono
953 2690 1062 2751 per
1106 2670 1588 2751 hysterologiam,
1634 2674 1693 2734 id
1740 2683 1829 2734 est
1872 2691 1979 2751 per
2011 2660 2426 2733 necessitatem
2456 2673 2651 2733 metri.
2713 2673 2763 2732 si
2796 2679 2991 2749 autem

411 2773 649 2835 voluero
697 2771 1088 2835 elocutionem
1145 2775 1372 2846 facere,
1427 2778 1755 2856 postposita
1799 2775 2055 2857 perdere
2097 2773 2278 2836 habet
2334 2794 2552 2838 casum.
2644 2785 2784 2854 puta
2830 2776 2997 2854 ‘post

410 2885 646 2957 tempus
691 2878 893 2947 venit’‚
944 2877 1120 2938 modo
1165 2880 1526 2959 praepositio
1560 2869 1679 2949 θεὶς
1727 2889 1787 2941 et
1818 2881 2076 2958 ‘tempus
2107 2886 2242 2957 post
2270 2880 2474 2949 venit'‚
2524 2885 2584 2938 et
2611 2878 2789 2940 modo
2819 2897 2991 2958 prae-

411 2980 629 3058 positio
673 2987 775 3040 est.
869 2999 902 3039 e
947 2982 1247 3052 contrario
1293 2982 1341 3042 si
1388 2982 1520 3043 dico
1576 2984 1884 3062 ‘tempore
1941 2988 2076 3061 post
2128 2982 2342 3051 venit'‚
2406 2999 2525 3042 non
2585 2989 2674 3042 est
2727 2980 2995 3059 hystero-
3022 2993 3075 3031 2⁵

411 3081 595 3159 logia,
647 3084 753 3143 sed
799 3093 887 3143 est
933 3082 1217 3158 elocutio,
1264 3091 1405 3163 puta
1453 3084 1710 3163 ‘longo
1767 3092 1939 3164 post
1991 3090 2328 3162 tempore
2377 3085 2632 3144 venit’.
2718 3083 2834 3144 iam
2879 3081 2996 3143 hoc

411 3182 542 3244 loco
589 3187 870 3263 quoniam
912 3193 1173 3247 mutatus
1231 3194 1320 3247 est
1374 3205 1575 3256 casus,
1633 3194 1897 3248 mutatur
1943 3188 2120 3246 etiam
2164 3184 2264 3246 illa
2310 3185 2582 3247 elocutio.
2671 3184 2829 3246 unde
2871 3184 2997 3265 ple-

415 3288 586 3364 rique
630 3287 907 3349 dixerunt
950 3288 1051 3348 illo
1095 3298 1395 3369 tempore,
1456 3288 1693 3366 quando
1736 3290 1935 3371 perdit
1978 3307 2208 3359 casum,
2266 3306 2387 3348 non
2435 3307 2564 3349 esse
2614 3287 2997 3368 praepositio-

415 3406 583 3459 nem,
662 3391 769 3451 sed
841 3409 972 3451 esse
1054 3391 1419 3452 adverbium.
1520 3391 1626 3451 sed
1697 3402 1900 3453 errant
1966 3401 2027 3453 et
2098 3392 2498 3469 decipiuntur.
2597 3409 2729 3452 nam
2806 3391 3000 3451 eonsi-

414 3483 555 3555 dera
603 3500 664 3555 et
705 3492 950 3554 videbis.
1039 3492 1125 3553 illi
1168 3494 1283 3554 hoe
1329 3494 1559 3563 dicunt,
1617 3496 1981 3574 praepositio
2036 3503 2179 3556 tunc
2224 3501 2313 3554 est
2377 3493 2612 3573 quando
2680 3494 2994 3572 prae-poni-
3022 3505 3074 3544 ³0

415 3602 512 3655 tur
591 3595 723 3672 (hoc
803 3599 1140 3667 consentio,
1217 3615 1421 3657 verum
1492 3595 1628 3673 est):
1723 3605 1783 3657 et
1851 3596 2086 3675 quando
2160 3598 2539 3676 postponitur
2617 3613 2723 3675 per
2800 3595 2996 3674 hyste-

414 3698 720 3776 rologiam,
778 3701 1141 3780 praepositio
1198 3709 1312 3769 est,
1360 3700 1417 3759 id
1480 3708 1569 3760 est
1613 3707 1678 3759 ut
1721 3718 1842 3761 non
1897 3706 2086 3780 mutet
2138 3716 2340 3758 casum
2388 3717 2586 3769 suum,
2648 3708 2715 3759 ut
2758 3701 2996 3758 ‘tran-

415 3808 568 3861 stra
636 3819 764 3880 per
833 3810 903 3863 et
981 3808 1289 3872 remos'‚
1358 3801 1473 3864 hoc
1551 3811 1642 3863 est
1707 3806 1852 3880 ‘per
1918 3808 2177 3863 transtra
2244 3810 2304 3861 et
2368 3805 2634 3869 remos';
2703 3819 2837 3861 cum
2893 3818 2997 3860 au-

417 3913 535 3965 tem
579 3906 903 3984 postposita
948 3906 1128 3965 suerit
1172 3914 1230 3965 et
1271 3906 1582 3966 mutaverit
1628 3922 1849 3972 casum,
1897 3905 2014 3963 iam
2058 3901 2399 3966 adverbium
2433 3906 2562 3963 erit.
2631 3904 2745 3964 hoc
2776 3902 2995 3970 dicunt,

413 4006 527 4066 hoc
571 4005 758 4068 habes
803 4008 981 4068 etiam
1023 4009 1084 4067 in
1130 4007 1376 4068 Donato.
1467 4007 1572 4068 sed
1618 4007 1741 4067 noli
1788 4005 2060 4076 credere,
2122 4008 2400 4084 quoniam
2453 4025 2572 4072 non
2627 4013 2826 4085 potest
2868 4006 2998 4065 fieri
3023 4015 3075 4056 ³⁵

412 4117 478 4169 ut
514 4109 524 4185 Ι
563 4109 674 4169 ista
719 4111 1059 4189 praepostio
1103 4111 1203 4170 fiat
1246 4110 1609 4180 adverbium,
1657 4112 1773 4171 nisi
1818 4108 2059 4170 recedat
2102 4110 2337 4189 penitus
2382 4127 2413 4168 a
2460 4127 2597 4169 casu
2646 4116 2705 4169 et
2747 4107 2993 4193 verbum

413 4212 680 4291 accipiat.
769 4213 820 4271 si
875 4211 1037 4272 dicas
1080 4221 1224 4292 puta
1270 4216 1442 4272 ‘ante
1488 4212 1773 4293 templum
1827 4192 2008 4281 stat’,
2070 4219 2205 4272 ante
2249 4205 2426 4272 modo
2480 4211 2842 4291 praepositio
2888 4218 2994 4280 est,

414 4316 548 4393 quia
592 4314 881 4393 templum
925 4332 1061 4394 pars
1107 4323 1198 4375 est
1243 4317 1526 4375 orationis
1573 4334 1722 4393 quae
1767 4332 1971 4375 casum
2002 4313 2212 4375 habet:
2268 4313 2439 4374 ‘ante
2484 4331 2589 4374 vos
2632 4317 2812 4385 stat',
2860 4321 2995 4392 ante

551 4484 584 4536 3
622 4500 720 4535 nou
765 4487 1003 4550 qnoniam
1056 4485 1382 4536 inueniuntur
1423 4488 1831 4552 praepositiones
1873 4501 2002 4550 quae
2043 4501 2144 4537 non
2177 4495 2394 4552 possunt
2433 4486 2606 4537 ABG
2776 4486 2811 4536 8
2849 4494 2996 4536 tenus

409 4557 570 4617 primo
603 4558 710 4607 loco
747 4572 838 4610 om.
878 4557 1047 4607 ABG
1184 4556 1248 4607 10
1284 4573 1383 4607 non
1424 4573 1515 4609 om.
1555 4558 1726 4608 ΑΒΘ
1863 4558 1927 4608 12
1963 4557 2260 4621 plerumque
2296 4557 2631 4606 elocutionem
2671 4555 2869 4607 faciunt
2904 4570 2997 4609 om.

414 4628 490 4686 Α,
518 4627 643 4678 add.
671 4644 705 4677 a
812 4626 875 4678 13
913 4620 1152 4689 transtra]
1197 4629 1353 4693 νεῖ-9.
1389 4629 1521 4682 Aen.
1548 4631 1591 4678 V
1629 4627 1730 4679 663
1838 4628 1903 4678 14
1940 4641 2042 4677 non
2078 4627 2228 4677 modo
2260 4629 2540 4693 postposita
2579 4635 2657 4676 est
2692 4628 2802 4693 lege
2835 4627 3000 4677 ABG

552 4698 619 4747 25
653 4707 730 4747 est
761 4712 853 4751 om,
890 4698 1034 4748 ΑΒΘ
1136 4698 1181 4746 si
1218 4697 1334 4748 dieo
1372 4700 1422 4748 in
1461 4708 1686 4764 tempore
1723 4708 1843 4764 post.
1865 4697 2035 4748 ABG
2137 4696 2204 4747 26
2239 4695 2414 4763 longo]
2455 4700 2614 4763 Vera.
2646 4698 2806 4752 bucol.
2851 4700 2896 4760 l,
2927 4697 2998 4749 30

552 4767 612 4818 31
648 4769 876 4831 sortasse
913 4768 1009 4817 hoc
1038 4771 1296 4820 consentio
1331 4784 1508 4819 verum
1540 4783 1659 4820 esse
1826 4767 1894 4819 35
1933 4765 2113 4833 habes]
2154 4766 2343 4816 habere
2380 4768 2547 4818 ABG
2720 4769 2773 4818 in
2810 4769 2995 4820 donato

417 4837 562 4887 BCa
598 4839 647 4887 in
687 4839 925 4888 donatum
965 4839 1016 4888 A
1156 4838 1225 4889 38
1262 4837 1413 4905 quae]
1458 4842 1578 4903 quia
1611 4839 1776 4891 ABG
