3541 5564
657 353 783 420 226
1799 356 2102 420 ΡΟΜΡΕΙΙ

740 495 752 507 .
779 468 957 509 291-94
984 465 1027 508 L.

655 480 736 608 inp
764 547 840 608 ho
884 555 1114 609 tantum
1161 547 1355 618 mittit,
1399 556 1467 608 ut
1512 567 1582 607 eo
1625 547 1744 617 ibo,
1797 566 1942 608 exeo
1989 547 2179 608 exibo,
2240 549 2321 607 ita
2367 568 2431 608 se
2476 546 2700 608 habent
2742 547 3015 624 regulae:
3066 547 3240 609 modo

656 653 918 713 rationes
961 653 1118 731 ipsas
1161 650 1481 711 videamus„
1545 668 1729 728 quare
1762 658 1864 710 aut
1892 650 1988 710 illa
2022 668 2172 728 quae
2202 652 2222 711 i
2254 649 2431 711 habet
2474 658 2608 711 ante
2645 669 2680 710 o
2712 652 2982 711 futurum
3016 657 3243 730 tempus

655 755 714 813 in
760 753 906 813 duas
950 751 1175 814 litteras
1220 750 1438 835 mitftit,
1499 760 1601 812 aut
1644 752 1741 812 illa
1788 770 1940 830 quae
2000 772 2031 812 e
2088 751 2268 812 habet
2333 746 2598 813 sutur'um
2655 763 2890 832 tempus
2945 756 3005 813 in
3065 772 3241 813 unam

653 857 864 916 mittit?
935 864 1095 916 certe
1150 875 1267 916 una
1323 855 1660 933 coniugatio
1719 854 1988 931 neganda
2045 864 2166 926 est,
2225 855 2282 915 id
2332 863 2422 915 est
2490 863 2590 915 aut
2643 864 2895 933 utraque
2949 856 3012 915 in
3058 873 3241 915 unum

652 957 826 1018 debet
871 960 1033 1018 exire
1079 965 1177 1019 aut
1219 966 1471 1034 utraque
1516 958 1577 1017 in
1621 964 1938 1034 utrumque
1984 965 2231 1037 tempus.
2325 975 2477 1034 quae
2533 975 2630 1018 res
2685 958 2822 1018 facit
2882 956 3288 1018 discrimen?5

651 1059 749 1120 ina
796 1078 893 1121 res
938 1061 1102 1121 facit:
1151 1062 1343 1120 omnis
1388 1057 1644 1123 secunda
1690 1061 2027 1137 coniugatio
2074 1079 2106 1120 e
2150 1060 2328 1120 habet
2373 1066 2509 1119 ante
2554 1079 2619 1130 0,
2668 1078 2916 1120 necesse
2950 1068 3082 1128 est,
3134 1079 3241 1120 nec

650 1172 818 1243 potes
863 1164 1129 1223 invenire
1171 1181 1356 1223 unum
1403 1159 1646 1221 verbum
1705 1163 2094 1231 contrarium,
2141 1172 2207 1221 ut
2265 1172 2352 1222 est
2405 1160 2569 1231 illud,
2617 1160 2797 1222 sedeo
2843 1161 3047 1229 sedes;
3106 1181 3242 1222 eece

652 1284 684 1324 e
742 1264 920 1325 habet
977 1273 1111 1325 ante
1167 1284 1202 1324 ο
1257 1264 1514 1326 secunda
1572 1266 1924 1342 coniugatio.
2029 1265 2213 1324 doceo
2269 1264 2449 1324 doces
2514 1263 2776 1326 secunda
2842 1272 2958 1333 est,
3030 1283 3241 1325 moneo

652 1386 858 1428 mones
913 1367 1173 1427 secunda
1219 1376 1336 1436 est,
1397 1385 1579 1426 voveo
1642 1385 1811 1426 voves
1870 1365 2130 1428 secunda
2186 1373 2291 1426 est.
2383 1385 2526 1445 ergo
2571 1368 2751 1427 sedeo
2797 1385 3011 1427 moneo
3059 1367 3241 1427 doceo

651 1488 850 1539 voven,
899 1470 1095 1529 omnia
1140 1468 1435 1529 secundae
1481 1477 1622 1528 sunt
1666 1471 2115 1546 coniugationis.
2210 1487 2327 1528 uon
2374 1470 2668 1529 invenitur
2714 1471 2948 1547 penitus
2993 1468 3238 1530 verbum
3266 1486 3309 1522 ιο

648 1572 943 1632 secundae
991 1566 1439 1649 coniugationis,
1490 1572 1604 1631 nisi
1651 1590 1683 1629 e
1728 1570 1943 1631 habeat
1988 1578 2122 1631 ante
2168 1589 2220 1630 0.
2314 1570 2558 1631 verbum
2615 1570 2913 1631 secundae
2958 1573 3238 1647 coniuga-

651 1675 825 1733 tionis
869 1671 1020 1733 hanc
1065 1672 1245 1734 hahet
1287 1673 1572 1750 regulam,
1623 1681 1689 1732 ut
1731 1674 1792 1733 in
1839 1674 1913 1734 bo
1960 1675 2166 1732 mittat.
2260 1691 2399 1733 ecce
2445 1672 2630 1733 hahes
2674 1675 2793 1733 iam
2836 1692 3018 1735 unam
3064 1675 3239 1733 ratio-

649 1795 804 1835 nem.
897 1775 1152 1835 secunda
1209 1777 1386 1835 ratio:
1447 1777 1783 1853 coniugatio
1828 1774 2086 1835 secunda
2133 1774 2395 1834 futurum
2449 1783 2682 1853 tempus
2733 1777 2794 1835 in
2843 1776 2982 1852 quid
3028 1776 3241 1835 mittit?

648 1880 707 1937 in
754 1876 849 1948 be,
894 1884 960 1937 ut
1002 1878 1257 1938 diximus
1300 1879 1360 1936 in
1404 1876 1504 1936 illo
1537 1875 1686 1944 loeo,
1733 1884 1799 1936 ut
1829 1876 2014 1937 doceo
2062 1876 2238 1936 doces
2268 1876 2526 1945 docebo;
2577 1896 2717 1937 ecce
2744 1876 3004 1938 secunda
3053 1885 3144 1937 est
3188 1886 3246 1937 et

648 1981 904 2040 futurum
963 1989 1196 2059 tempus
1251 1980 1311 2039 in
1369 1978 1444 2038 bo
1503 1979 1676 2039 misit.
1783 1998 1924 2058 ergo
1982 1981 2031 2039 si
2090 1979 2347 2039 secunda
2406 1979 2744 2057 coniugatio
2809 1981 2872 2039 in
2930 1979 3005 2040 bo
3064 1982 3243 2039 mittit
3268 1996 3311 2034 ιδ

648 2083 909 2142 futurum
954 2089 1203 2160 tempuS,
1253 2089 1310 2140 et
1352 2080 1609 2140 secunda
1658 2082 1992 2160 coniugatio
2048 2089 2136 2141 est
2180 2098 2332 2158 quae
2379 2099 2411 2141 e
2469 2080 2647 2141 habet
2703 2089 2838 2142 ante
2885 2101 2951 2150 0,
3012 2083 3243 2141 etiamsi

649 2186 818 2245 tertia
841 2185 1174 2261 coniugatio
1198 2184 1376 2243 suerit
1399 2183 1703 2262 producta,
1734 2191 1948 2253 tamen,
1980 2185 2254 2262 quoniam
2279 2185 2423 2243 item
2454 2181 2460 2260 Ι
2487 2183 2668 2244 habet
2698 2192 2834 2244 ante
2859 2203 2894 2244 o
2919 2202 2951 2244 e
2980 2191 3040 2244 et
3063 2182 3243 2244 habet

647 2286 1092 2347 similitudinem
1136 2284 1431 2347 secundae
1476 2286 1929 2363 coniugationi&
1978 2304 2226 2345 necesse
2271 2284 2450 2345 habet
2480 2286 2716 2347 trahere
2748 2297 2981 2365 tempus
3027 2304 3240 2347 secun-

645 2389 754 2449 dae
800 2390 1249 2464 coniugationis‚
1298 2395 1364 2447 ιιι
1405 2390 1670 2448 futurum
1718 2395 1951 2467 tempus
1978 2370 2052 2448 *in
2080 2387 2177 2469 'bo
2223 2389 2443 2456 mittat,
2489 2386 2629 2448 ideo
2687 2390 2965 2468 quoniam
3031 2387 3237 2447 simili-

645 2492 905 2551 tudinem
956 2490 1133 2550 trahit
1177 2488 1472 2549 secundae
1518 2491 1963 2568 coniugationiS.
2058 2508 2201 2568 ergo
2249 2500 2307 2549 et
2351 2491 2519 2550 tertia
2567 2493 2903 2569 coniugatio
2950 2491 3307 2570 productam

644 2595 705 2652 in
761 2591 835 2653 bo
891 2593 1090 2651 mittit.
1179 2610 1290 2670 qua
1349 2593 1619 2652 ratione?
1678 2593 1957 2669 quoniam
2005 2594 2178 2652 tertia
2221 2594 2329 2652 ista
2379 2594 2714 2670 coniugatio
2772 2591 2932 2651 velut
2974 2594 3237 2672 speciem

645 2694 822 2755 habet
865 2693 1160 2755 secundae
1212 2695 1671 2771 coniugationiS,
1737 2702 1797 2753 et
1840 2693 2101 2754 secunda
2161 2695 2493 2772 coniugatio
2552 2695 2611 2754 in
2670 2692 2746 2753 bo
2805 2696 3003 2755 mittit.
3098 2713 3237 2754 ecce

646 2818 813 2860 cansa
863 2816 1014 2876 quae
1060 2797 1252 2874 coegit
1298 2803 1363 2856 ιιι
1407 2796 1671 2856 futurum
1719 2805 1952 2876 tempus
1998 2796 2093 2857 illa
2142 2798 2310 2856 tertia
2357 2798 2694 2875 coniugatio
2738 2799 3026 2875 producta
3067 2799 3129 2858 in
3162 2797 3237 2856 bo

643 2902 904 2960 mitteret
962 2898 1269 2978 [quoniam
1336 2897 1438 2956 ina
1495 2899 1754 2958 secunda
1815 2901 2150 2977 coniugatio
2210 2901 2468 2978 speciem
2530 2898 2708 2960 habet
2764 2900 2974 2959 tertiae
3031 2902 3232 2959 coniu—

643 3004 893 3080 gationis
938 2998 1313 3080 productae}
1403 3001 1574 3060 tertia
1621 3009 1819 3061 autem
1878 3002 2212 3079 coniugatio
2260 2991 2544 3080 'correpta
2589 3000 2848 3061 futurum
2897 3009 3131 3080 tempus
3175 3003 3305 3060 inas

644 3104 786 3181 quid
835 3105 1045 3163 mittit?
1103 3104 1164 3162 in
1211 3121 1325 3162 am.
1415 3101 1519 3162 sed
1567 3121 1811 3163 neeesse
1869 3111 1957 3162 est
2000 3110 2065 3164 ιιι
2109 3105 2278 3163 tertia
2336 3103 2676 3180 coniugatio
2720 3102 3007 3181 producta
3058 3104 3231 3162 etiam

643 3207 700 3266 iu
748 3204 822 3265 bo
870 3208 1079 3265 mittat.
1171 3223 1313 3280 ergo
1368 3204 1463 3263 ide
1559 3204 2109 3290 dissentiuntosibi:
2169 3205 2265 3265 illa
2327 3212 2391 3265 ιιι
2428 3203 2506 3264 'in
2565 3195 2640 3265 b⁰o
2696 3208 2887 3265 mittat
2942 3204 3041 3264 ina
3086 3206 3233 3265 ratio

643 3309 797 3377 facit,
846 3308 1124 3384 quoniam
1170 3307 1430 3385 speciem
1468 3224 1656 3366 {abet
1699 3306 1997 3366 secundae
2044 3308 2486 3385 coniugationi5‚
2537 3315 2595 3366 et
2639 3308 2697 3367 in
2730 3307 2990 3368 secunda
3025 3309 3229 3368 coniu-

641 3411 878 3489 gatione
926 3410 1182 3468 futurum
1229 3410 1290 3468 in
1338 3408 1412 3468 bo
1459 3409 1666 3477 mittit;
1716 3407 1899 3469 altera
1947 3410 1964 3467 i
2012 3407 2188 3469 habet
2232 3418 2367 3469 ante
2413 3429 2466 3468 0.
2558 3408 2690 3469 vide
2738 3428 2898 3487 ergo,
2950 3427 3127 3486 quem
3160 3409 3229 3469 ad

642 3512 881 3572 modum
938 3511 1051 3570 hoc
1110 3511 1388 3579 dixerim,
1460 3513 1734 3587 quotiens
1790 3513 1808 3571 i
1870 3510 2048 3571 habet
2107 3519 2243 3571 ante
2287 3530 2352 3586 o,
2414 3512 2731 3588 imaginem
2789 3511 2969 3572 habet
3021 3512 3305 3572 tertiaeet»

646 3622 987 3692 correptam
1036 3613 1137 3673 sed
1186 3613 1338 3693 quod
1384 3615 1700 3690 imaginem
1749 3613 1926 3673 hahet
1981 3614 2189 3673 tertiae
2236 3621 2577 3691 correptae,
2625 3614 2684 3672 in
2732 3631 2825 3673 am
2872 3611 3052 3672 debet
3098 3615 3227 3672 mit-

640 3725 786 3786 tere,
835 3718 967 3795 quia
1016 3716 1184 3775 tertia
1233 3724 1503 3794 correpta
1551 3716 1609 3774 in
1658 3734 1749 3774 am
1796 3717 1993 3775 mittit.
2058 3715 2162 3774 sed
2208 3717 2315 3775 ista
2363 3717 2535 3776 tertia
2569 3715 2906 3793 coniugatio
2937 3715 3225 3794 producta

638 3823 700 3879 in
757 3819 833 3878 bo
890 3819 1082 3877 mittit.
1172 3836 1312 3895 ergo
1371 3836 1557 3877 unum
1614 3824 1861 3896 tempuS,
1924 3817 2079 3893 qnod
2132 3815 2140 3898 Ι
2189 3819 2249 3878 in
2308 3816 2383 3876 bo
2438 3818 2646 3884 mittit,
2705 3819 2874 3896 quasi
2920 3819 3223 3897 proprium

637 3920 834 3990 habet,
883 3920 1157 3997 qnoniam
1203 3919 1492 3997 producta
1537 3924 1651 3986 est;
1698 3937 1904 3988 unum,
1939 3918 2095 3997 quod
2132 3917 2425 3997 [futurum
2474 3919 2736 3998 tempus]
2783 3921 2844 3979 in
2890 3937 2986 3979 am
3032 3920 3223 3987 mittit,

639 4043 755 4084 non
804 4021 978 4082 habet
1022 4040 1215 4090 suum,
1263 4020 1366 4080 sed
1411 4028 1658 4100 propter
1702 4019 2148 4081 similitudinem
2183 4029 2494 4100 correptae
2526 4022 2981 4098 coniugationiS.
3046 4039 3220 4101 quem
3247 4042 3304 4082 35

636 4125 710 4185 ad
767 4124 1011 4185 modum
1067 4122 1162 4183 ina
1223 4129 1457 4201 tempus
1515 4123 1780 4187 futurum
1837 4141 2080 4182 neeesse
2126 4121 2333 4182 habuit
2373 4124 2437 4182 in
2492 4141 2586 4182 am
2641 4124 2904 4192 mittere,
2974 4124 3060 4182 sic
3116 4124 3220 4181 ista

637 4245 878 4287 necesse
925 4225 1127 4286 babuit
1172 4232 1419 4304 propter
1464 4223 1909 4285 si111ilitudinem
1956 4225 2253 4286 secundae
2286 4226 2716 4302 coniugationis
2759 4227 2820 4286 in
2864 4224 2942 4284 bo
2990 4225 3218 4284 mittere

771 4435 802 4481 2
841 4448 996 4495 quare
1034 4440 1200 4479 antem
1235 4445 1365 4492 quae
1393 4428 1561 4478 ABG
1695 4427 1729 4478 6
1765 4427 1945 4478 habeat
1974 4429 2016 4477 C
2116 4444 2207 4477 nee
2245 4438 2388 4493 potes
2424 4429 2508 4478 Ca
2541 4445 2632 4478 nec
2668 4429 2776 4494 pot*
2807 4429 2855 4478 B
2888 4445 2948 4478 ue
2986 4438 3136 4494 putes
3166 4427 3214 4475 A

771 4506 800 4553 7
828 4517 981 4551 unum
1008 4516 1213 4549 uersum
1243 4500 1388 4549 ABG
1483 4499 1517 4549 8
1553 4513 1730 4548 moneo
1759 4514 1933 4547 moues
1958 4513 2122 4548 uoueo
2150 4515 2307 4548 noues
2338 4500 2493 4548 sedeo
2520 4502 2671 4549 sedes
2698 4510 2746 4548 et
2777 4500 2972 4563 reliqua
2999 4499 3219 4547 secunda

633 4581 708 4622 est
746 4588 870 4636 ergo
909 4573 957 4620 Α
997 4586 1178 4619 maneo
1227 4586 1402 4620 manes
1438 4570 1662 4618 secunda
1700 4578 1776 4616 est
1815 4584 1975 4618 uoueo
2024 4584 2181 4618 uoues
2229 4570 2449 4618 secunda
2493 4579 2570 4619 est
2605 4568 2856 4633 (secunda
2899 4579 2977 4619 est
3012 4585 3103 4618 om.
3142 4568 3216 4628 B)

631 4657 752 4708 ergo
793 4643 894 4692 BG
998 4642 1031 4691 9
1057 4655 1232 4689 maneo
1261 4641 1365 4690 BC
1466 4641 1532 4690 10
1568 4654 1732 4688 uoueo
1770 4640 1939 4687 omnia
1965 4640 2114 4689 BCa
2152 4653 2313 4687 uoneo
2351 4647 2399 4687 et
2434 4640 2604 4688 omnia
2632 4640 2680 4687 Α
2792 4639 2853 4688 12
2887 4648 2939 4687 ut
2967 4655 3058 4690 om.
3090 4637 3216 4699 AB,

631 4713 749 4760 add.
777 4713 806 4760 b
918 4713 977 4762 17
1019 4712 1259 4774 quoniam
1297 4712 1380 4759 i..
1421 4709 1571 4759 habet
1604 4711 1653 4758 Α
1689 4709 1925 4771 quoniam
1964 4711 2033 4758 ita
2072 4709 2221 4758 habet
2248 4706 2373 4758 Ba*
2414 4710 2652 4772 quioniam
2681 4707 2831 4757 habet
2862 4710 2904 4758 C
3005 4710 3074 4758 22
3103 4724 3216 4758 ecce

632 4797 784 4830 eausa
812 4798 940 4844 quae
967 4780 1147 4830 Bou*
1188 4797 1304 4836 eece
1339 4796 1466 4844 qnae
1497 4796 1650 4828 causa
1691 4779 1738 4826 A
1847 4781 1913 4831 23
1945 4780 2188 4843 producta
2224 4795 2314 4828 om.
2356 4780 2403 4826 A
2420 4781 2475 4837 0,
2515 4781 2635 4829 add.
2676 4776 2744 4829 a*
2869 4780 2939 4827 24
2976 4779 3216 4841 quoniam

632 4879 697 4887 —-
737 4854 1012 4916 productae
1047 4867 1139 4900 om.
1171 4848 1353 4900 Bca*
1496 4850 1560 4899 27
1593 4864 1716 4914 ergo
1756 4849 1900 4898 Bca
1936 4850 2058 4898 illud
2098 4863 2221 4912 ergo
2258 4848 2307 4895 A
2449 4849 2518 4901 36
2542 4848 2662 4915 aina]
2704 4849 2834 4899 illud
2870 4848 3041 4898 ABG
