3541 5564
562 343 688 409 314
1706 345 1977 407 IVLIANl

561 538 834 601 elocutio,
892 536 959 595 id
1007 541 1095 594 est
1146 537 1267 595 oris
1319 537 1503 603 ratio,
1560 536 1704 610 quia
1746 535 2041 609 quidquid
2090 537 2386 609 loquimur
2424 553 2536 610 per
2579 538 2721 594 istas
2763 542 2892 593 octo
2924 541 3136 610 partes

559 640 882 712 loquimur,
927 643 985 697 et
1025 654 1193 697 omne
1235 639 1396 713 quod
1434 640 1729 711 loquimur
1770 640 1886 697 erit
1928 647 2034 697 aut
2074 655 2285 698 nomen
2328 645 2433 698 aut
2470 654 2795 712 pronomen
2839 646 2945 697 aut
2988 656 3137 697 uer-

561 741 695 800 bum
750 743 848 799 uel
899 740 1193 814 quaelibet
1243 742 1319 799 de
1371 743 1495 800 istis
1550 747 1676 800 octo
1721 740 2001 816 partibus
2054 773 2139 783 —
2193 735 2303 821 (dc
2358 735 2840 819 interiectione)
2883 748 2942 799 et
2983 757 3137 813 quae

558 849 695 901 sunt
735 838 997 901 similia?
1038 846 1251 910 multa,
1299 859 1454 916 quae
1499 844 1584 901 ad
1623 844 2112 916 siqnificationem
2146 844 2347 918 partis
2389 843 2557 910 istius
2594 844 2925 918 pertinent:
2970 847 3131 902 trac-

558 949 734 1004 tatus
791 939 872 1003 de
927 950 1071 1005 octo
1125 939 1425 1026 partibus
1482 940 1816 1006 orationis.
1904 940 1953 1003 f.
1999 940 2076 1004 87
2106 978 2180 987 —
2209 942 2258 1004 f.
2304 940 2427 1005 94*
2482 948 2548 1004 et
2590 941 2638 1004 f.
2689 940 2772 1004 72
2804 977 2888 985 —
2921 938 2970 1003 f.
3017 941 3135 1004 76*

555 1047 774 1106 ITEM
811 1046 1143 1106 IULIANI
1182 1032 1327 1106 W
1370 1045 1775 1106 TOLETANI
1816 1047 1932 1105 DE
1957 1046 2337 1106 LITTERA.
2386 1046 2710 1106 PARTES
2738 1045 3135 1106 GRAMMA-

563 1148 818 1208 TICAEv
849 1148 1097 1208 ARTIS
1151 1148 1367 1219 QUOT
1402 1149 1628 1209 SUNT.
1679 1150 1886 1226 prima
1930 1165 2088 1224 pars
2138 1156 2225 1208 est
2266 1166 2420 1223 quae
2462 1149 2741 1209 scribitur
2780 1166 2897 1224 per
2939 1124 3137 1211 meta—

553 1252 811 1326 phoram
852 1257 911 1310 et
953 1251 1334 1326 antiphoram
1369 1286 1437 1294 —
1479 1247 1590 1332 ((16
1635 1247 1976 1334 posituris)
2016 1252 2257 1326 periodi
2290 1258 2499 1327 partes
2542 1257 2822 1326 quattuor
2870 1247 2937 1330 (l.
2970 1250 3133 1333 quot)

556 1349 734 1412 sunt?
777 1349 981 1412 duae?
1023 1349 1222 1428 quae?
1274 1356 1406 1413 cola
1448 1361 1505 1413 et
1544 1368 1801 1423 comma,
1849 1355 1916 1413 id
1954 1362 2039 1412 est
2080 1354 2343 1413 membra
2385 1363 2442 1413 et
2483 1371 2683 1415 caesa.
2759 1372 2875 1428 quo
2918 1352 3137 1415 modo?

550 1459 702 1529 puta
755 1456 812 1513 si
862 1456 1059 1514 dicam
1103 1455 1121 1484 ‘
1138 1471 1360 1530 aspera
1413 1456 1668 1516 conditio
1722 1462 1781 1515 et
1827 1472 1957 1516 sors
1998 1457 2405 1517 irrevocabilis
2447 1456 2661 1525 horae,
2707 1473 2888 1531 quam
2926 1461 3141 1531 ,ceneri

557 1557 817 1616 humano
858 1558 1042 1616 tristis
1082 1559 1250 1631 oripo
1303 1558 1518 1635 dedit',
1572 1575 1710 1619 ecce
1751 1575 1876 1618 una
1915 1560 2222 1635 periodos,
2282 1559 2400 1620 duo
2442 1561 2605 1627 cola,
2652 1562 2864 1619 multas
2906 1576 3132 1620 caesas

556 1675 697 1719 nam
739 1661 871 1719 cola
916 1660 1136 1719 dicitur
1179 1660 1498 1720 membrum
1554 1662 1739 1736 ipsius
1783 1678 1993 1721 uersus
2046 1669 2103 1722 et
2146 1677 2373 1721 comma
2417 1662 2485 1721 id
2522 1670 2609 1721 est
2647 1679 2843 1722 caesa.
2930 1662 3139 1738 quibus

546 1762 802 1836 pedibus
855 1758 1174 1822 caeditur?
1232 1765 1443 1822 multis.
1534 1779 1674 1821 nam
1730 1769 1789 1822 et
1839 1764 2002 1837 quod
2051 1765 2301 1825 dicimus
2341 1765 2684 1825 commicum
2728 1764 2940 1838 librum
2961 1810 2975 1831 ,
3020 1781 3137 1824 non

557 1864 832 1924 debemus
875 1864 1076 1924 dicere
1117 1866 1486 1936 commicum‚
1531 1866 1640 1925 sed
1679 1874 2032 1926 commatum
2048 1914 2062 1936 ,
2120 1869 2264 1942 quia
2308 1868 2383 1927 de
2425 1870 2620 1927 multis
2661 1868 2830 1928 libris
2872 1867 3138 1927 abscisae

555 1969 877 2027 sentcntiae
920 1967 1002 2026 ibi
1039 1977 1175 2027 sunt
1203 1971 1459 2043 positae.
1537 1967 1937 2028 EXPLICIT
1979 1968 2452 2029 TRACTATUS
2502 1968 2819 2028 PRIMUS
2828 1991 2847 2027 .·
2901 1974 3136 2030 tracta-

555 2074 663 2130 tus
709 2064 791 2129 de
835 2064 1086 2146 littera,
1135 2064 1214 2130 (16
1259 2064 1547 2151 syllaba,
1595 2063 1676 2136 de
1719 2065 2033 2151 pedibus,
2081 2065 2163 2130 (16
2209 2068 2409 2148 toniS,
2457 2067 2539 2131 (16
2583 2067 2916 2152 posituris,
2974 2068 3023 2132 f.
3057 2069 3136 2132 77

557 2204 639 2213 —-
669 2167 716 2230 f.
749 2167 870 2230 86*
914 2175 981 2230 et
1023 2167 1070 2231 f.
1117 2167 1199 2233 95
1228 2204 1313 2214 ·-
1351 2166 1399 2231 f.
1443 2168 1525 2233 98
1580 2173 1696 2231 DE
1749 2171 2316 2233 BARBABISMO.
2394 2173 2839 2233 Barbarismus.
2876 2180 2964 2234 est
3015 2191 3139 2233 una

551 2289 703 2348 pars
758 2275 1049 2334 orationis
1103 2277 1312 2335 uitiosa
1366 2275 1429 2333 in
1484 2275 1783 2334 communi
1830 2290 2097 2335 sermone
2112 2321 2126 2344 ‚
2184 2276 2252 2335 id
2291 2284 2377 2335 est
2428 2277 2491 2335 in
2533 2278 2723 2336 soluta
2768 2270 3031 2336 oratione
3075 2280 3137 2336 in

545 2383 814 2451 poemate
869 2382 1064 2436 autem
1120 2379 1210 2436 vel
1262 2378 1324 2436 in
1376 2380 1644 2437 carmine
1703 2379 2122 2452 metaplasmus
2189 2385 2433 2439 vocatur
2486 2410 2569 2420 —-
2627 2371 2738 2458 ((16
2805 2375 3042 2459 tropis)
3097 2398 3137 2438 a

554 2480 784 2538 minore
826 2479 912 2536 ad
950 2480 1171 2547 maius,
1219 2481 1442 2554 ‘potuit
1479 2496 1685 2539 manes
1729 2496 2035 2539 arcessere
2076 2482 2346 2554 coniuqis
2378 2480 2646 2555 Orpheus
2680 2479 2957 2540 Threicia
2995 2480 3138 2553 fre-

555 2588 648 2641 tus
690 2581 947 2656 cythara
985 2582 1320 2655 fidibusque
1363 2583 1602 2647 canoris
1615 2583 1655 2650 ⁹,
1703 2585 1880 2656 quasi
1920 2583 2086 2641 dicat
2128 2584 2202 2641 de
2244 2600 2313 2641 re
2351 2599 2558 2657 parua
2598 2590 2658 2642 et
2699 2583 2897 2642 breuis
2933 2585 3134 2658 pretii,

555 2683 818 2758 cythara
859 2689 917 2741 et
950 2682 1188 2753 fidibus.
1248 2690 1306 2743 et
1340 2692 1427 2743 est
1462 2687 1670 2758 flaura
1691 2730 1706 2758 ,
1750 2686 1805 2743 si
1846 2686 1946 2744 ille
1985 2685 2240 2760 cythara
2279 2683 2509 2756 fretus,
2554 2701 2662 2762 eqo
2696 2687 2939 2760 pietate.
3009 2685 3139 2744 IN-

558 2785 788 2845 CIPIT
836 2784 1229 2846 COLLATIO
1281 2786 1397 2844 DE
1449 2786 1867 2847 PARTIONE
1918 2786 2407 2848 METBOBUM.
2497 2787 2647 2858 Quot
2714 2796 2851 2846 sunt
2909 2805 3138 2862 ,qenera

554 2895 875 2948 metrorum
907 2885 1330 2964 principalia?
1372 2895 1514 2949 octo,
1579 2885 1777 2963 quae?
1819 2891 2181 2965 dactylicum
2211 2889 2524 2950 iambicum
2568 2890 2933 2950 trochaicum
2974 2908 3138 2951 ana-

545 2993 884 3066 paesticum,
939 2991 1400 3052 choriambicum
1472 2993 1917 3066 antispasticum
1971 2994 2225 3052 ionicum
2279 3008 2319 3050 a
2374 2977 2600 3052 maiore
2661 2999 2722 3052 et
2782 2994 3036 3053 ionicum
3098 3011 3139 3052 a

555 3096 781 3154 minore
823 3128 906 3137 -—
938 3089 1046 3173 ((16
1076 3099 1284 3155 metro
1316 3090 1779 3176 antispastico)
1827 3095 1910 3153 da
1939 3097 2066 3154 eius
2094 3097 2450 3170 exemplum.
2496 3098 2708 3155 uolans
2749 3112 2885 3155 ecce
2921 3113 3141 3170 ,aereus

555 3211 730 3255 arma
773 3199 1006 3270 ruitque
1047 3198 1265 3256 laetus:
1324 3201 1644 3258 tractatus
1692 3191 1774 3256 de
1819 3192 2258 3271 barbarismo,
2321 3193 2404 3256 (16
2450 3192 2859 3276 soloecismO,
2907 3194 2989 3258 (16
3034 3216 3135 3258 66-

556 3295 712 3358 tcris
758 3294 972 3377 vitiis,
1021 3294 1100 3359 (16
1143 3295 1571 3382 metaplasmo
1586 3342 1603 3376 ,
1652 3294 1734 3358 (16
1765 3294 2239 3377 schematibus,
2286 3294 2370 3360 (16
2409 3297 2645 3382 tropis,
2694 3295 2775 3359 de
2805 3295 3029 3372 metris
3047 3297 3132 3381 ²¹²).

633 3469 638 3472 ,
725 3395 1087 3478 Iulianum,
1141 3397 1326 3462 cuius
1385 3419 1621 3461 nomen
1671 3397 1778 3462 bis
1833 3398 1903 3460 in
1957 3398 2178 3462 codice
2224 3396 2538 3482 scriptum
2583 3407 2713 3479 est,
2760 3399 3134 3484 episcopum

555 3499 943 3563 Toletanum
986 3498 1188 3563 fuisse
1233 3500 1316 3565 ab
1362 3522 1534 3564 anno
1581 3499 1706 3563 680
1747 3521 1955 3585 usque
2001 3500 2084 3565 ad
2128 3522 2371 3564 annum
2416 3499 2542 3564 690
2584 3509 2873 3564 constat:
2919 3499 3003 3563 cf.
3053 3498 3133 3562 N.

554 3601 914 3681 Antonius,
946 3599 1248 3666 biblioth.
1281 3601 1471 3687 Hisp.
1504 3611 1634 3666 vet.
1667 3600 1798 3668 vol.
1833 3601 1865 3663 l
1898 3625 1959 3687 p.
1989 3602 2114 3666 413
2146 3625 2285 3688 sqq.
2320 3601 2547 3666 eodem
2577 3612 2868 3687 tempore
2899 3601 3137 3667 librum

555 3703 636 3767 dc
680 3711 820 3767 arte
862 3704 1293 3788 grammatica
1336 3703 1419 3767 ab
1466 3724 1541 3767 6ο
1587 3705 1904 3789 scriptum
1948 3726 2091 3767 esse
2136 3703 2326 3769 docet
2369 3726 2605 3768 nomen
2651 3705 2823 3790 regis
2858 3703 3136 3789 Ervigii,

725 3892 781 3957 ³⁸²)
817 3895 899 3944 Ex
937 3894 1004 3943 iis
1041 3909 1180 3957 quae
1219 3909 1387 3959 supra
1436 3894 1644 3958 scripta
1679 3899 1807 3945 sunt
1843 3894 2078 3960 adparet
2113 3900 2224 3945 tres
2261 3910 2383 3945 esse
2419 3895 2713 3945 universae
2754 3895 2891 3944 artis
2927 3899 3137 3960 partes,

554 3994 717 4029 unam
755 3978 823 4028 de
862 3982 986 4029 octo
1023 3980 1275 4045 partibus
1319 3980 1616 4042 orationis,
1657 3980 1891 4030 alteram
1930 3980 1997 4029 de
2036 3980 2238 4030 litteris
2275 3980 2507 4044 syllabis
2545 3980 2777 4046 pedibus
2816 3979 3138 4030 accentibus

555 4063 842 4130 posituris,
881 4064 1104 4114 tertiam
1140 4064 1206 4114 de
1243 4065 1397 4115 vitiis
1435 4069 1489 4114 et
1525 4065 1824 4115 virtutibus
1861 4065 2125 4116 orationis
2163 4070 2219 4115 et
2257 4065 2323 4115 de
2363 4067 2569 4118 metris.
2609 4082 2637 4116 6
2666 4066 2861 4131 quibus
2887 4066 3139 4131 partibus

557 4151 607 4200 ei
646 4165 807 4214 quam
846 4149 1068 4199 tertiam
1105 4149 1216 4199 dixi
1254 4149 1398 4200 hunc
1434 4149 1611 4200 locum
1649 4150 1841 4200 deberi
1879 4154 2090 4200 certum
2128 4156 2240 4212 est;
2280 4151 2348 4200 de
2386 4150 2620 4214 reliquis
2646 4151 2860 4201 duabus
2896 4151 3140 4201 dubitari

555 4239 763 4301 potest,
810 4239 989 4284 utram
1035 4234 1269 4299 priorem
1317 4250 1439 4284 esse
1477 4234 1714 4285 voluerit
1748 4235 2000 4300 scriptor.
2069 4235 2166 4285 sed
2204 4237 2462 4301 quoniam
2500 4251 2569 4285 ea
2605 4252 2733 4301 pars
2770 4252 2910 4302 quae
2950 4241 3036 4286 cst
3071 4236 3137 4286 de

553 4325 682 4371 octo
727 4320 982 4386 partibus
1027 4318 1292 4370 orationis
1339 4319 1600 4370 minorem
1635 4320 1846 4370 Donati
1884 4327 2084 4384 artem,
2122 4336 2230 4371 non
2270 4324 2552 4386 maiorem,
2589 4322 2863 4387 sequitur,
2901 4321 3046 4371 hanc
3082 4322 3140 4371 in

553 4406 727 4471 primo
765 4405 886 4456 loco
924 4406 1098 4471 posui,
1138 4388 1210 4454 uf
1234 4405 1290 4454 in
1326 4404 1545 4455 Iuliano
1583 4420 1799 4471 quoque
1837 4405 1979 4455 idem
2016 4406 2167 4470 ordo,
2206 4423 2363 4472 quem
2402 4406 2600 4471 reliqui
2626 4408 2835 4457 Donati
2870 4405 3140 4473 interpre-

555 4497 642 4542 tes
677 4491 858 4541 secuti
893 4498 1045 4554 sunt,
1086 4495 1381 4541 teneretur.
1430 4506 1605 4564 nevque
1642 4497 1919 4557 repugnat
1944 4491 2070 4541 huic
2097 4491 2274 4542 ordini
2309 4492 2640 4557 subscriptio
2677 4499 2801 4557 post
2837 4495 3138 4542 tractatum

556 4576 623 4627 (16
662 4576 921 4642 posituris
959 4576 1171 4637 addita,
1212 4577 1426 4640 emptica
1460 4582 1709 4626 tractatus
1743 4579 1952 4640 primus,
1992 4577 2431 4642 quandoquidem
2455 4577 2597 4627 haec
2636 4577 2707 4627 ad
2744 4579 2974 4641 primam
3015 4594 3138 4642 par-

556 4665 666 4711 tem
714 4662 853 4711 artis
900 4661 1129 4711 maioris
1178 4661 1470 4711 reserenda
1517 4665 1619 4711 est.
1691 4661 1812 4711 fieri
1860 4667 2046 4711 tamen
2092 4663 2273 4728 potuit
2308 4667 2370 4711 ut
2404 4661 2679 4725 IulianuS‚
2719 4678 2839 4712 cum
2878 4662 3137 4713 maiorem

556 4751 732 4796 artem
785 4746 851 4796 (16
905 4751 1027 4797 octo
1082 4746 1332 4812 partibus
1384 4762 1493 4798 non
1540 4748 1929 4811 tractavisset,
1978 4763 2073 4815 pro
2122 4762 2190 4798 ea
2235 4746 2685 4799 commentarium
2732 4747 2959 4799 minoris
3005 4747 3139 4796 artis

555 4835 801 4896 poneret.
