3541 5564
615 290 744 354 210
1745 290 2048 353 ΡΟΜΡΕΠ

667 413 710 454 p.
737 402 914 441 256-59
943 400 983 440 L.

616 499 947 559 pronomen
998 478 1118 559 [sui
1164 478 1277 540 sibi
1322 496 1385 539 se
1432 476 1439 559 Ι
1488 497 1520 538 a
1566 477 1658 559 se]
1707 486 1984 556 quattuor
2028 477 2209 539 habet
2251 496 2424 539 casus
2468 484 2692 538 tantum
2738 475 2945 545 modo,
3004 476 3186 536 nomi-

615 585 875 643 nativum
922 590 981 642 et
1024 582 1346 642 vocativum
1395 599 1513 642 non
1560 579 1769 651 habet,
1830 590 1889 642 et
1933 590 2021 641 est
2060 582 2373 658 utriusque
2418 580 2682 641 numeri:
2759 580 2851 639 sui
2895 577 3007 639 sibi
3051 596 3115 638 se
3158 596 3187 638 a

613 703 676 744 se
722 690 997 764 quattuor
1042 702 1211 745 casus
1255 690 1419 753 sunt,
1468 682 1570 744 sed
1617 684 1925 762 utriusque
1969 684 2218 744 numeri.
2274 700 2411 742 nam
2458 690 2518 743 et
2560 683 2638 742 ita
2684 699 2924 762 possum
2972 679 3188 748 dicere,

614 788 739 846 ‘sui
786 805 960 847 causa
1005 785 1207 855 secit',
1257 792 1314 845 et
1356 787 1483 846 ‘sui
1530 803 1702 846 causa
1748 785 2071 846 fecerunt’.
2142 784 2303 845 vides
2348 785 2625 862 quoniam
2672 794 2732 844 et
2772 801 3025 844 numero
3071 783 3188 843 sin·

611 887 800 967 gulari
845 907 1078 968 possum
1125 888 1370 964 iungere
1418 895 1476 947 et
1522 885 1638 966 [in]
1687 904 1937 947 numero
1981 885 2217 965 plurali.
2264 885 2376 946 hoc
2421 888 2481 946 in
2527 883 2626 945 illo
2671 886 3026 965 pronomine
3072 903 3187 944 non
3216 900 3246 939 5

613 1010 850 1071 possum
895 991 1120 1058 facere,
1169 993 1309 1049 ‘suo
1355 986 1581 1048 homini
1623 987 1825 1048 dixit'.
1899 990 2015 1047 iam
2064 990 2114 1049 si
2158 987 2285 1048 volo
2332 987 2475 1049 dare
2520 1006 2835 1048 numerum
2877 984 3188 1066 pluralem,

613 1111 731 1153 non
787 1092 920 1152 dico
972 1110 1111 1161 suo,
1169 1090 1273 1151 sed
1333 1090 1490 1151 ‘suis
1548 1088 1887 1151 hominibus
1944 1089 2144 1150 dixit’.
2236 1091 2394 1151 unde
2450 1098 2696 1169 apparet
2749 1091 3026 1169 quoniam
3072 1106 3189 1149 non

609 1194 748 1255 inde
793 1174 1117 1254 descendit.
1181 1199 1270 1253 est
1316 1194 1490 1253 etiam
1536 1190 1645 1251 alia
1693 1193 1874 1261 ratio,
1921 1193 2076 1254 und'e
2121 1191 2235 1254 hoc
2277 1191 2511 1272 planius
2554 1190 2880 1270 intellegas.
2950 1192 3187 1251 omnino

610 1297 673 1356 in
738 1313 940 1356 rerum
1000 1301 1209 1355 natura
1267 1313 1386 1355 non
1441 1299 1636 1373 potest
1689 1313 1844 1355 unus
1899 1312 2029 1355 esse
2086 1296 2187 1371 qui
2244 1294 2510 1373 possidet
2563 1302 2622 1355 et
2676 1295 2778 1373 qui
2834 1292 3184 1373 possidetur.

611 1416 748 1458 nam
806 1414 943 1456 ecce
999 1415 1164 1457 suus:
1235 1396 1467 1476 quando
1523 1396 1654 1457 dico
1713 1399 1886 1458 ‘suus
1931 1395 2165 1464 homo',
2225 1396 2470 1457 ostendo
2517 1404 2575 1456 et
2617 1414 2851 1456 servum
2896 1403 2956 1455 et
2999 1395 3185 1455 domi-
3215 1411 3268 1448 ιο

613 1518 783 1566 num,
833 1507 898 1559 ut
941 1506 1080 1578 puta
1128 1499 1364 1559 Birrum
1412 1505 1469 1559 et
1513 1498 1834 1560 dominum.
1898 1499 2129 1577 quando
2176 1505 2373 1560 autem
2418 1498 2550 1558 dico
2598 1496 2746 1558 ‘sibi
2778 1497 2973 1567 sacit’,
3020 1515 3185 1558 num-

609 1601 752 1682 quid
817 1600 900 1660 ibi
966 1606 1134 1679 potes
1200 1598 1343 1660 duas
1393 1619 1680 1680 personas
1734 1598 2117 1679 intellegere?
2182 1576 2384 1662 habes‘
2423 1617 2593 1679 ergo,
2664 1598 2765 1660 ubi
2821 1598 2940 1659 duo
2996 1598 3189 1658 desint

611 1722 807 1773 casuS,
855 1703 944 1763 sui
990 1701 1101 1763 sibi
1147 1721 1211 1762 se
1257 1721 1288 1761 a
1333 1721 1414 1763 se.

372 1821 492 1883 436,
521 1822 583 1870 10
776 1805 1157 1865 Inveniuntur
1214 1803 1404 1882 aliqua
1464 1808 1811 1884 pronomina
1858 1826 2008 1887 quae
2053 1807 2295 1867 omnino
2340 1823 2458 1865 non
2504 1803 2727 1865 habent
2770 1804 2883 1864 nisi
2924 1801 3185 1881 singulos

607 1925 805 1976 casus,
874 1912 940 1966 ut
985 1914 1075 1967 est
1128 1905 1242 1966 hoc
1285 1924 1649 1984 pronomen,
1698 1909 1828 1968 cuia
1888 1918 1947 1968 et
2014 1910 2227 1969 cuium.
2321 1908 2431 1967 ista
2486 1906 2603 1967 duo
2659 1907 3012 1985 pronomina
3068 1923 3184 1965 non
3213 1922 3269 1961 15

607 2007 827 2069 habent
883 2009 997 2068 nisi
1050 2006 1314 2086 singulos
1359 2027 1561 2079 casuS,
1623 2017 1681 2070 et
1724 2009 1948 2070 habent
1991 2011 2327 2088 genetivum
2372 2016 2618 2069 tantum.
2710 2009 2840 2069 cuia
2884 2008 3187 2085 genetivus

607 2118 697 2172 est
738 2111 1079 2189 singularis,
1139 2111 1335 2171 cuium
1395 2118 1454 2171 et
1507 2112 1636 2189 ipse
1679 2113 1987 2188 genetivus
2033 2110 2040 2195 Ι
2093 2119 2184 2174 est
2226 2109 2573 2190 singularis;
2641 2129 2753 2171 nec
2799 2111 3188 2170 nominativus

604 2213 904 2273 invenitur
961 2231 1071 2272 nec
1127 2212 1337 2290 aliquis
1393 2210 1540 2273 alius
1594 2232 1762 2274 casus
1808 2216 1866 2274 in
1913 2213 2011 2276 illo
2068 2216 2437 2294 pronomine.
2529 2221 2588 2273 et
2632 2222 2753 2290 qua·
2793 2213 3025 2273 ratione
3071 2229 3186 2272 non

605 2313 827 2376 habent
879 2314 1026 2375 alios
1080 2316 1289 2376 casus?
1345 2317 1621 2395 quoniam
1681 2318 1779 2376 isti
1834 2335 1866 2376 a
1925 2314 2145 2395 regulis
2200 2323 2606 2385 recesserunt,
2666 2313 2802 2374 ideo
2860 2332 2981 2375 non
3024 2315 3185 2373 inve-

602 2418 848 2478 niuntur
890 2415 975 2476 illi
1017 2416 1233 2497 reliqui
1277 2435 1466 2479 casus.
1528 2437 1643 2497 quo
1675 2412 1892 2480 modo?
1933 2417 2130 2480 nullus
2173 2420 2482 2497 genetivus
2526 2417 2821 2478 invenitur
2866 2423 2968 2477 aut
3010 2435 3044 2476 a
3088 2421 3187 2475 aut
3212 2432 3268 2471 ευ

603 2536 703 2578 um
761 2519 1110 2579 terminatus
1163 2520 1226 2578 in
1281 2537 1483 2579 rerum
1539 2527 1747 2580 natura
1809 2519 1896 2579 vel
1951 2521 2011 2580 in
2068 2521 2419 2600 pronomine
2464 2519 2556 2580 vel
2599 2521 2660 2581 in
2707 2519 2947 2580 nomine
2992 2515 3082 2578 vel
3126 2519 3186 2577 in

603 2621 916 2699 participio
982 2619 1072 2680 vel
1132 2622 1193 2680 in
1267 2620 1461 2701 aliqua
1523 2631 1688 2701 parte
1751 2624 2037 2683 orationis
2105 2620 2163 2703 [a
2233 2625 2612 2684 terminatum
2677 2621 3018 2700 genetivum
3088 2626 3188 2679 aut

604 2720 754 2803 um].
849 2739 990 2801 ergo
1037 2741 1170 2784 cum
1219 2723 1393 2785 saciat
1436 2724 1598 2793 cuia,
1646 2743 1798 2785 novo
1842 2743 2007 2786 more
2050 2724 2421 2786 introductus
2467 2731 2555 2785 est
2607 2724 2719 2785 iste
2776 2724 3087 2802 genetivus
3131 2729 3188 2781 et

603 2844 719 2886 non
787 2827 978 2904 potuit
1032 2824 1252 2886 habere
1309 2825 1455 2886 alios
1523 2844 1712 2887 casuS.
1803 2829 1946 2888 item
2013 2830 2242 2897 cuium.
2323 2827 2476 2887 ‘dic
2534 2826 2742 2896 mihi,
2810 2826 3185 2895 Damoeta,

603 2929 845 2988 cuium
901 2929 1196 3006 pecus?'
1257 2946 1406 2988 novo
1464 2947 1628 2989 more
1684 2928 2055 2992 introductus
2111 2937 2202 2991 est
2263 2931 2373 2991 iste
2439 2931 2761 3008 genetivus.
2848 2947 2961 2990 nec
3015 2937 3266 3008 putesffi

602 3028 779 3089 alium
847 3048 974 3090 esse
1040 3048 1269 3101 casum,
1327 3049 1445 3090 non
1505 3037 1725 3109 potest*
1766 3032 1927 3102 fieri,
1996 3034 2302 3108 genetivus
2373 3038 2479 3092 est.
2569 3049 2703 3092 nam
2763 3028 3000 3109 quando
3056 3029 3185 3090 dico

600 3132 764 3192 ‘cuia
812 3138 900 3190 est
945 3132 1152 3202 filia‘2’,
1210 3132 1326 3193 tale
1372 3140 1460 3192 est
1503 3151 1572 3192 ac
1619 3134 1670 3193 si
1717 3132 1907 3193 dicam
1957 3131 2148 3194 ‘illius
2193 3133 2362 3202 lilia',
2411 3133 2632 3211 ‘ipsius
2677 3131 2850 3192 filia'.
2941 3150 3084 3210 ergo
3131 3139 3188 3191 et

602 3233 798 3293 cuium
842 3235 1148 3311 genetivus
1194 3241 1283 3294 est
1325 3232 1666 3312 singularis:
1718 3235 1870 3295 ‘dic
1914 3235 2124 3303 mihi,
2173 3235 2547 3304 Damoeta,
2597 3235 2841 3295 cuium
2888 3235 3185 3314 pecust’

601 3333 716 3394 tale
780 3341 867 3395 est
920 3353 988 3394 ac
1044 3336 1097 3395 si
1150 3334 1339 3395 dicam
1401 3336 1603 3397 ‘cuius
1660 3344 1748 3396 est
1807 3339 2065 3415 pecus‘l’
2125 3335 2318 3398 ‘illius
2374 3345 2465 3398 est
2507 3339 2745 3416 pecus'.
2834 3335 3000 3396 vides
3046 3354 3183 3413 ergo

599 3438 932 3514 genetivum
992 3454 1122 3497 esse
1178 3435 1389 3498 solum.
1475 3438 1617 3498 item
1674 3440 1974 3500 invenitur
2039 3442 2404 3500 accusativus
2465 3446 2686 3500 tantum
2759 3438 2975 3498 ceteris
3043 3438 3182 3498 defl-
3212 3454 3266 3494 so

599 3536 923 3606 cientibus,
983 3547 1050 3600 ut
1102 3546 1192 3599 est
1236 3558 1439 3600 eccum
1487 3558 1685 3601 eccam
1730 3540 1942 3610 ellum;
2001 3543 2312 3602 accusativi
2371 3550 2509 3603 sunt
2551 3540 2776 3609 solum,
2822 3558 2937 3601 nec
2980 3558 3182 3619 possu-

598 3660 730 3701 mus
785 3641 1052 3700 invenire
1111 3640 1274 3701 alioS.
1364 3642 1650 3722 numquid
1703 3641 1708 3721 Ι
1755 3662 2072 3722 possumus
2117 3643 2318 3704 dicere
2377 3662 2554 3705 eccus
2611 3644 2735 3704 ecci
2781 3660 2922 3703 ecco
2967 3650 3069 3701 aut
3112 3640 3184 3702 ab

600 3761 761 3804 ecco.
854 3749 1078 3803 tantum
1127 3743 1304 3803 modo
1348 3746 1743 3805 accusativum
1791 3745 2061 3807 dicimus».
2134 3764 2277 3824 crgo
2322 3744 2533 3824 collige
2578 3744 2741 3805 illud.
2806 3744 3184 3804 inveniuntur

599 3846 983 3926 pronomina,
1031 3843 1131 3904 ubi
1178 3845 1407 3907 deficiat
1452 3848 1774 3916 vocativus,
1826 3856 1888 3907 ut
1932 3866 2070 3926 ego;
2131 3849 2495 3915 invenimus,
2542 3846 2643 3908 ubi
2690 3847 3084 3908 nominativus
3130 3854 3187 3906 et

598 3949 894 4009 vocativus
950 3947 1250 4018 deficiant,
1310 3956 1372 4008 ut
1427 3951 1519 4009 sui
1580 3948 1693 4010 sibi
1749 3969 1814 4010 se
1860 3970 1893 4010 a
1937 3969 2030 4018 se;
2087 3951 2411 4018 invenitur,
2474 3949 2577 4009 ubi
2635 3947 2795 4010 solus
2837 3949 2914 4008 sit
2957 3949 3263 4026 geneti-as

601 4069 725 4119 vus,
775 4057 839 4110 ut
883 4050 1009 4110 cuia
1057 4050 1286 4122 cuium;
1334 4051 1658 4121 invenitur,
1709 4050 1811 4112 ubi
1855 4051 2017 4112 solus
2061 4053 2138 4112 sit
2183 4052 2574 4121 accusativum
2624 4059 2691 4112 ut
2734 4068 2940 4111 eccum
2986 4069 3186 4111 eccam

608 4150 807 4214 ellum.

296 4276 604 4339 -136,16.23
777 4255 1095 4325 Quaeritur
1140 4254 1279 4334 quid
1321 4256 1572 4316 interest
1614 4255 1768 4316 inter
1813 4258 2166 4334 pronomina
2211 4265 2270 4317 et
2313 4255 2608 4317 articulos
2699 4253 2864 4325 dicit,
2911 4254 3182 4316 multum.

605 4383 609 4398 ³
655 4359 818 4418 raeci
863 4356 974 4418 alia
1020 4356 1240 4416 habent
1284 4359 1664 4436 pronomina,
1713 4356 1859 4418 alios
1902 4357 2123 4419 habent
2168 4357 2465 4420 articulos.
2556 4357 2745 4420 Latini
2790 4358 3185 4437 conpendium

741 4565 772 4612 4
803 4563 1040 4626 quoniam
1069 4562 1118 4609 in
1151 4575 1357 4610 numero
1381 4562 1550 4612 ABG
1652 4561 1685 4612 8
1712 4562 1975 4614 descendit
2007 4562 2379 4612 Lindemannus
2402 4563 2642 4627 dependit
2669 4561 2831 4612 ABG
2936 4571 3014 4611 est
3037 4562 3186 4611 etiam

601 4631 746 4683 BCa
786 4641 862 4682 est
899 4633 1031 4682 enim
1062 4630 1112 4679 A
1219 4629 1252 4680 9
1284 4647 1436 4680 unum
1472 4633 1636 4682 ABG
1738 4632 1804 4683 10
1837 4649 1950 4681 ecce
1986 4650 2078 4684 om.
2108 4633 2175 4692 A,
2209 4633 2331 4685 add.
2363 4648 2395 4680 a
2504 4632 2569 4682 12
2607 4639 2774 4696 potest
2805 4631 2912 4682 Ac
3036 4631 3105 4682 23
3140 4641 3187 4680 et

604 4718 704 4752 non
741 4703 904 4768 potuit
940 4728 1005 4737 —
1040 4703 1107 4751 25
1146 4701 1238 4751 iste
1276 4703 1544 4768 genetivus
1588 4719 1681 4754 om.
1710 4702 1780 4766 A,
1807 4704 1929 4753 add.
1960 4719 1993 4751 a
2098 4704 2163 4751 24
2203 4699 2302 4767 dic]
2346 4703 2504 4767 Ver-q.
2533 4702 2690 4755 bucol.
2717 4702 2766 4761 3,
2798 4701 2825 4751 1
2935 4701 3004 4753 26
3031 4701 3183 4751 alium

603 4771 790 4822 habere
816 4789 954 4824 corr.
988 4771 1140 4821 alium
1169 4786 1284 4821 esse
1321 4772 1371 4821 A
1510 4774 1578 4822 27
1613 4774 1779 4837 ipsius
1819 4773 1953 4822 lilius
1985 4773 2150 4822 ABG
2287 4772 2353 4821 32
2391 4770 2562 4839 eccus]
2604 4773 2769 4822 eccius
2807 4771 2977 4821 ABG
