3541 5564
1594 374 1735 436 ARS
2821 370 2948 435 409

378 560 684 644 scriptum
739 579 1122 644 persuasum
1177 556 1471 621 habeam.
1559 580 1710 620 nam
1755 567 1822 622 et
1864 556 2125 622 dicendi
2167 580 2373 642 genus
2419 558 2742 644 quaedam
2783 581 2948 644 quae

378 662 461 725 ab
505 660 681 724 illius
726 681 1019 725 sermone
1064 659 1276 724 aliena
1319 669 1472 723 sunt
1513 660 1831 741 continet,
1877 670 1945 723 et
1988 682 2203 724 rerum
2249 659 2736 724 tractandarum
2780 661 2944 725 ratio

379 772 513 827 tam
558 761 821 827 diversa
864 772 965 825 est
1008 761 1092 826 ab
1136 762 1221 825 iis
1265 784 1433 847 quae
1480 761 1561 824 de
1592 761 1822 825 eodem
1852 771 2231 846 argumento
2278 785 2318 826 a
2360 761 2689 826 veteribus
2733 783 2946 845 gram-

378 863 629 928 maticis
694 863 1032 948 conposita
1096 873 1275 943 sunt,
1343 871 1414 926 ut
1478 864 1834 928 recentiore
1890 873 2105 929 aetate
2170 865 2329 928 haec
2392 886 2474 927 ex
2539 863 2951 949 antiquorum

380 964 857 1029 commentariis
914 973 1224 1047 congesta
1279 972 1345 1027 et
1397 965 1637 1028 veteris
1692 966 2104 1048 grammatici
2146 964 2404 1029 nomine
2447 965 2766 1050 inscripta
2807 986 2952 1029 esse

378 1075 620 1151 putem.
709 1064 917 1131 edidit
979 1074 1197 1129 autem
1262 1064 1434 1129 hunc
1497 1064 1791 1130 libellum
1859 1068 2103 1151 primus
2173 1066 2370 1132 Ianus
2437 1065 2822 1130 Parrhasius
2886 1066 2952 1128 in

380 1166 578 1231 Probi
636 1166 922 1232 editione
966 1166 1272 1231 Vicetina
1327 1189 1394 1241 a.¹
1441 1167 1628 1248 1509,
1686 1166 1768 1230 de
1813 1190 1943 1253 qua
1987 1168 2232 1233 dictum
2277 1177 2374 1233 est
2416 1168 2547 1232 vol.
2596 1166 2695 1231 IV
2739 1167 2948 1253 praef.

377 1291 442 1354 p.
478 1268 612 1333 ·IX.
685 1281 917 1353 postea
961 1268 1444 1333 Lindemannus
1501 1268 1588 1332 ad
1641 1290 1877 1332 novam
1932 1269 2280 1336 editionem
2325 1269 2621 1334 adhibuit
2663 1269 2954 1334 codicem

379 1368 758 1434 Gudianum
800 1371 927 1434 260
968 1371 1051 1434 ab
1098 1370 1394 1450 Osanno,
1442 1370 1551 1455 qui
1597 1392 1680 1434 ex
1723 1371 1844 1435 hoc
1887 1369 2053 1435 libro
2099 1371 2449 1458 Apuleium
2494 1393 2682 1434 suum
2724 1368 2952 1450 edidit,

380 1472 703 1557 descripto
750 1471 1008 1558 Apulei.
1055 1471 1135 1535 de
1181 1472 1347 1536 orth.
1395 1494 1458 1557 p.
1504 1471 1659 1534 VII.
1728 1494 1881 1536 nam
1924 1474 2098 1558 quod
2144 1472 2630 1537 Lindemannus
2676 1481 2806 1535 tres
2851 1494 2953 1536 co-

382 1572 593 1656 diceS,
639 1574 876 1659 quibus
920 1573 991 1637 in
1034 1582 1174 1637 arte
1203 1573 1458 1637 Phocae
1504 1573 1757 1637 edenda
1785 1596 1939 1637 usus
1971 1584 2174 1657 esset,
2220 1574 2391 1639 hunc
2421 1597 2679 1661 quoque
2716 1572 2956 1639 librum

380 1677 710 1740 continere
766 1674 935 1739 dixit
986 1677 1056 1738 in
1121 1675 1557 1760 praefatione,
1631 1675 1711 1738 de
1765 1674 2022 1740 duobus
2077 1676 2352 1756 erravit,
2418 1698 2626 1761 neque
2681 1676 2750 1738 in
2810 1677 2958 1760 ipsa

382 1776 666 1840 editione
709 1774 856 1862 plus
903 1798 1097 1861 quam
1140 1777 1332 1840 unius
1378 1775 1623 1841 codicis
1663 1777 2060 1862 ‚scripturam
2105 1777 2419 1842 exhibuit.
2497 1776 2655 1840 mihi
2700 1785 2957 1861 praeter

381 1878 552 1942 hunc
599 1877 727 1942 duo
772 1878 909 1943 noti
938 1888 1089 1943 sunt
1120 1878 1377 1943 codices
1408 1878 1535 1963 ipsi
1566 1900 1822 1964 quoque
1851 1880 2081 1964 quinto
2128 1880 2380 1944 decimo
2411 1876 2671 1943 saeculo
2711 1879 2958 1963 scripti,

386 1978 623 2043 Veneti
667 1979 1101 2045 bibliothecae
1155 1980 1221 2045 S.
1267 1979 1471 2043 Marci
1517 1980 1598 2043 cla
1647 1980 1825 2044 XIII
1877 1982 1961 2046 30
2013 1990 2080 2045 et
2133 1982 2290 2063 366,
2359 2003 2631 2068 quorum
2685 1990 2958 2066 uterque

383 2079 555 2144 hunc
608 2080 849 2146 librum
904 2084 1029 2147 arti
1085 2082 1165 2147 de
1218 2082 1476 2147 nomine
1531 2093 1597 2147 et
1661 2084 1862 2148 verbo
1922 2083 2287 2148 subiectum
2342 2083 2626 2148 exhibet.
2716 2082 2828 2147 sed
2877 2082 2958 2146 de

382 2182 483 2246 his
529 2202 659 2245 non
702 2186 1068 2249 accuratius
1112 2184 1435 2269 quaesivi,
1481 2183 1596 2247 sed
1641 2186 2114 2249 Ascensianam
2159 2184 2514 2249 editionem
2556 2207 2616 2247 a.
2667 2182 2829 2248 1516
2875 2204 2958 2246 ex

390 2284 685 2370 principe
728 2307 1101 2371 expressam
1146 2286 1237 2370 (ς)
1284 2295 1350 2349 et
1394 2284 1769 2350 Gudianum
1813 2287 2102 2352 codicem
2149 2285 2296 2371 (G),
2342 2287 2523 2351 cuius
2570 2286 2959 2371 scripturam

388 2385 820 2451 Lindemanni
866 2387 1131 2452 editioni
1179 2386 1418 2469 debeo,
1465 2396 1726 2451 secutus
1774 2410 1940 2452 sum.

493 4948 847 4991 summum
877 4949 1055 4990 mrum
1085 4920 1164 4990 vj
2474 4941 2551 5006 27
