3541 5564
600 337 724 401 182
1745 337 2050 400 POMPEII

648 462 690 503 p.
724 448 900 490 194-96
928 447 972 487 L.

596 546 875 606 quaeras,
922 546 1042 588 uon
1090 535 1284 607 potest
1330 529 1722 589 nominativus
1766 546 1936 588 casus
1981 527 2114 587 dici.
2196 545 2332 588 nam
2378 545 2548 588 casus
2593 525 2787 588 (lictus
2832 533 2924 588 est
2966 525 3043 587 ab
3089 546 3177 597 eo,

595 630 754 709 quod
807 630 983 690 faciat
1035 649 1251 691 nomen
1309 630 1551 699 cadere,
1610 630 1669 690 id
1729 637 1819 690 est
1873 629 2156 690 declinari
2202 637 2260 690 et
2302 629 2476 690 ssecti.
2566 629 2801 708 quando
2847 630 3001 688 enim
3049 628 3180 690 dico

596 734 835 800 doctus,
890 734 1188 811 integrum
1238 731 1247 807 Ι
1299 741 1413 801 est;
1479 731 1634 793 cadit
1690 740 1749 791 et
1793 733 1930 793 facit
1975 732 2163 800 docti3
2222 733 2442 793 iterum
2487 731 2643 792 cadit
2688 732 2928 806 etfacit
2973 730 3178 800 docto;

596 837 735 896 item
795 835 949 896 cadit
1005 843 1064 896 et
1116 836 1257 895 facit
1324 834 1578 895 doctum.
1670 853 1844 895 casus
1911 834 2186 895 dicuntur
2251 833 2600 894 inflexiones
2663 834 2844 913 ipsae.
2932 852 3078 912 ergo
3131 837 3182 895 si

600 957 772 998 casus
816 937 950 998 ideo
997 937 1141 997 dicti
1184 944 1349 1007 sunt,
1399 936 1556 1016 quod
1600 937 1818 998 saciant
1864 956 2080 998 nomen
2127 935 2341 996 cadere
2388 942 2447 996 et
2488 935 2739 1004 inflecti,
2798 944 3031 997 constat
3075 954 3233 996 no-5

599 1041 940 1101 minativum
989 1057 1188 1101 casum
1236 1057 1355 1099 non
1403 1057 1550 1100 esse.
1636 1058 1754 1100 non
1795 1041 1958 1100 ‘euim
2003 1039 2355 1108 inflectitur,
2401 1038 2506 1099 sed
2552 1040 2668 1107 sic,
2717 1057 2891 1118 quem
2939 1037 3009 1098 ad
3059 1057 3182 1099 mo-

597 1143 739 1204 dum
795 1144 1122 1212 invenitur,
1180 1142 1263 1202 sic
1319 1148 1568 1202 constat.
1657 1150 1723 1202 ut
1778 1152 1915 1222 puta
1971 1143 2020 1202 si
2076 1142 2237 1202 dicas
2281 1140 2517 1210 doctus,
2579 1158 2729 1219 quae
2775 1147 2865 1201 est
2906 1141 3184 1203 inflexio?

599 1242 755 1306 nulla
816 1253 936 1312 est,
996 1244 1206 1323 incipit
1263 1263 1295 1303 a
1350 1246 1622 1321 genetivo
1678 1243 1930 1314 inflecti;
1988 1245 2128 1304 item
2184 1244 2247 1303 in
2294 1229 2517 1312 dativo,
2565 1244 2703 1303 item
2750 1243 2812 1302 in
2858 1246 3186 1305 accusativo

601 1356 660 1408 et
702 1345 967 1426 reliquis.
1057 1346 1106 1405 si
1164 1364 1307 1425 ergo
1365 1364 1484 1407 non
1542 1356 1631 1407 est
1673 1346 1913 1407 inflexio
1959 1347 2018 1406 in
2065 1346 2450 1420 nominativo,
2501 1364 2618 1406 non
2667 1352 2757 1405 est
2801 1364 2992 1406 casuS.
3084 1345 3187 1406 sed

601 1458 798 1509 tamen
857 1455 946 1509 est
999 1448 1177 1517 ratio,
1235 1467 1350 1528 qua
1407 1449 1627 1510 dicitur
1684 1467 1886 1519 casuS,
1942 1447 2083 1510 lieet
2138 1467 2257 1526 non
2312 1446 2573 1508 inflectat
2616 1448 2775 1528 ipse;
2834 1448 2938 1508 sed
2988 1456 3184 1509 tamen
3211 1463 3263 1504 ιο

602 1569 708 1631 per
753 1553 946 1630 ipsum
992 1550 1238 1620 scimuS,
1290 1550 1428 1630 quid
1475 1552 1551 1611 sit
1594 1550 1834 1611 inflecti.
1922 1569 2042 1611 non
2089 1552 2247 1611 enim
2289 1557 2460 1630 potes
2502 1548 2865 1627 intellegere,
2916 1551 3055 1630 quid
3102 1560 3187 1612 est

600 1652 908 1722 inflexum,
971 1653 1083 1712 nisi
1139 1660 1274 1713 ante
1318 1651 1713 1721 intellexeriS,
1774 1653 1911 1732 quid
1961 1659 2049 1712 est
2091 1653 2408 1730 integrum.
2500 1650 2658 1712 unde
2699 1652 2861 1712 scisti
2906 1650 3184 1733 quoniam

603 1754 775 1815 huius
832 1754 991 1814 docti
1046 1755 1297 1815 inflexus
1354 1764 1442 1815 est
1495 1772 1697 1824 casuS,
1761 1756 1872 1815 nisi
1929 1756 2206 1834 quoniam
2262 1755 2423 1813 scisti
2481 1760 2619 1813 ante
2676 1753 2772 1814 hic
2816 1754 3026 1817 doctus
3072 1774 3186 1816 non

605 1874 735 1917 esse
780 1856 1064 1918 inflexum
1112 1858 1353 1918 casum?
1397 1857 1555 1917 unde
1600 1858 1818 1917 scimus
1863 1857 2140 1936 quoniam
2188 1858 2432 1916 mutatio
2478 1856 2630 1917 sacta
2674 1864 2766 1917 est
2807 1858 2870 1916 in
2916 1860 3186 1935 genetivo

606 1959 921 2036 singulari,
969 1960 1083 2019 nisi
1126 1961 1333 2020 scieris
1378 1961 1653 2040 quoniam
1700 1957 2028 2037 principale
2072 1956 2216 2018 illud
2262 1959 2341 2018 ita
2385 1958 2531 2018 suit?
2605 1956 2790 2018 habet·
2841 1958 2954 2020 hoc
3011 1963 3185 2021 etiam
3213 1977 3266 2017 ιε»

600 2060 944 2141 exemplum
988 2062 1062 2122 de
1107 2060 1413 2140 gradibus.
1489 2061 1708 2140 gradus
1753 2061 1966 2122 dicitur
2011 2078 2290 2122 ascensus
2336 2060 2591 2137 quidam.
2666 2063 2714 2121 si
2760 2061 2874 2121 hoc
2920 2069 3039 2132 est,
3085 2082 3187 2143 po-

603 2164 806 2225 sitivus
851 2183 971 2224 non
1017 2162 1196 2225 debet
1240 2163 1357 2225 dici
1402 2164 1646 2243 gradus:
1706 2181 1843 2224 nam
1889 2164 2172 2244 positivus
2216 2161 2412 2223 nullus
2458 2181 2742 2224 ascensus
2786 2172 2897 2226 est.
2985 2165 3192 2245 incipit

608 2285 735 2326 esse
780 2284 1060 2327 ascensus
1104 2285 1133 2326 a
1183 2269 1561 2347 conparativo
1610 2273 1668 2326 et
1712 2264 2088 2345 superlativo.
2154 2264 2257 2326 sed
2306 2271 2502 2326 tamen
2547 2264 2688 2326 licet
2730 2267 2860 2345 ipse
2904 2269 3191 2346 positivus

604 2387 723 2429 non
771 2376 861 2428 est
916 2387 1223 2440 ascensus,
1281 2376 1511 2438 tamen,
1572 2370 1852 2446 quoniam
1909 2386 2018 2447 per
2068 2368 2259 2447 ipsum
2306 2369 2621 2447 positivum
2667 2369 2732 2429 fit
2776 2376 2839 2428 ut
2883 2367 3187 2448 intellega-

604 2488 737 2530 mus
781 2477 1016 2549 postea,
1066 2470 1205 2548 quid
1252 2478 1338 2533 est
1381 2471 1704 2532 ascendere
1748 2472 1812 2531 in
1856 2469 2316 2548 conparatissvum
2362 2477 2418 2530 et
2461 2470 2913 2550 superlativum,
2962 2471 3270 2533 idcircoso

605 2571 935 2652 appellatur
993 2582 1051 2634 et
1104 2575 1231 2652 ipse
1286 2573 1524 2652 graduS.
1612 2572 1745 2633 ideo
1802 2589 1945 2650 ergo
2001 2573 2422 2640 nominativus,
2482 2571 2620 2632 licet
2675 2590 2795 2632 non
2852 2584 2944 2635 est
3000 2593 3189 2644 casus

605 2682 836 2744 tamen,
886 2676 1166 2752 quoniam
1211 2675 1350 2736 facit
1393 2693 1613 2736 nomen
1658 2684 1816 2736 stare
1863 2684 1921 2736 et
1964 2676 2106 2735 facit
2147 2681 2352 2754 postea
2398 2674 2640 2746 cadere,
2687 2674 2821 2737 ideo
2867 2675 3195 2756 appellatus

606 2784 695 2838 est
739 2796 923 2838 casuS.

775 2913 1089 2975 Genetivus
1154 2915 1347 2975 dictus
1412 2921 1502 2975 est
1555 2914 1628 2975 ab
1688 2933 1788 2985 eo,
1848 2915 2004 2991 quod
2061 2933 2169 2993 per
2224 2917 2415 2994 ipsum
2473 2917 2872 2994 exprimamus
2937 2934 3190 2994 genera;

605 3013 741 3075 ideo
800 3015 991 3076 dictus
1049 3025 1136 3077 est
1181 3018 1504 3095 genetivus
1597 3025 1736 3096 puta
1769 3017 1985 3077 ·‘cuius
2029 3015 2179 3077 tilius
2226 3023 2316 3076 est
2356 3015 2524 3076 ille?’
2573 3019 2855 3087 oratoris;
2906 3037 3046 3080 ecce
3092 3036 3273 3097 ge-zs

607 3118 836 3179 netivus
895 3126 1011 3188 est,
1075 3126 1132 3179 et
1187 3137 1374 3198 genus
1430 3117 1569 3178 iude
1623 3116 2038 3195 intellegimus.
2130 3127 2269 3197 puta
2326 3120 2524 3178 ‘cuius
2568 3120 2763 3197 gentis
2808 3119 2987 3181 homo
3036 3126 3194 3183 est?’

605 3219 945 3289 Africanam
996 3240 1133 3282 ecce
1179 3222 1486 3299 genetivus
1532 3227 1647 3288 est,
1698 3230 1753 3281 et
1799 3238 1986 3297 genus
2031 3219 2169 3281 inde
2217 3221 2619 3300 exprimimus
2707 3224 2861 3282 scire
2909 3222 3195 3285 debemus

606 3319 762 3399 quod
817 3323 930 3382 iste
996 3341 1164 3383 casus
1230 3323 1385 3402 apud
1451 3322 1691 3383 Latinos
1743 3320 2073 3401 simplicem
2128 3321 2309 3383 habet
2374 3340 2639 3393 sensum,
2709 3324 2863 3403 apud
2932 3325 3194 3387 Graecos

607 3422 919 3501 duplicem.
1012 3423 1327 3503 aliquando
1387 3424 1475 3483 sic
1530 3422 1736 3491 habet,
1799 3425 1967 3499 quasi
2021 3424 2159 3485 inde
2216 3431 2407 3492 creet;
2477 3424 2793 3503 aliquando
2849 3429 2935 3487 sic
2992 3428 3191 3497 habet,

609 3526 774 3603 quasi
818 3544 937 3585 non
983 3526 1118 3587 inde
1165 3533 1358 3596 creet,
1418 3526 1522 3586 sed
1570 3526 1817 3585 auferat.
1909 3525 2022 3585 hoc
2067 3544 2205 3586 vero
2250 3544 2532 3604 graecum
2579 3535 2682 3588 est.
2773 3528 2960 3589 habes
3006 3548 3190 3591 unum
3217 3547 3271 3585 so

609 3624 827 3686 librum
874 3626 1053 3688 Probi
1098 3627 1171 3689 de
1218 3630 1328 3689 isto
1374 3628 1646 3706 genetivo
1690 3628 2011 3706 scriptum:
2058 3635 2285 3688 tantum
2331 3628 2508 3689 modo
2567 3630 2679 3690 hoc
2732 3629 2923 3691 solum
2984 3638 3196 3691 tractat

608 3727 666 3787 in
722 3726 825 3787 illo
881 3727 1063 3800 libro,
1125 3729 1199 3790 de
1253 3730 1365 3790 hoc
1424 3748 1581 3790 casu.
1672 3747 1859 3809 quare
1913 3730 2027 3790 hoc
2080 3729 2250 3789 dico?
2294 3731 2564 3811 plerique
2611 3740 2749 3793 sunt
2793 3734 3007 3794 Graeci
3053 3735 3192 3794 satis

610 3835 666 3889 et
721 3829 1037 3892 trahuntur
1104 3831 1176 3892 ad
1245 3829 1404 3891 illam
1469 3830 1729 3909 linguam
1799 3831 2242 3893 consuetudinis
2300 3851 2460 3893 suae.
2551 3832 2706 3913 apud
2768 3834 3057 3904 Graecos,
3131 3843 3193 3896 ut

609 3931 893 4003 dixImuS,
962 3931 1248 3995 ablativus
1315 3953 1435 3995 non
1491 3935 1816 4004 invenitur,
1878 3932 1983 3994 sed
2045 3936 2240 3995 omnia
2306 3954 2415 4015 per
2472 3937 2804 4015 genetivum
2861 3939 3188 4016 proferunt.

747 4209 780 4257 2
817 4206 1062 4257 declinari
1102 4207 1184 4257 Ca
1222 4206 1477 4256 declinare
1512 4206 1624 4257 AB
1763 4207 1796 4255 5
1836 4207 2037 4257 nomina
2074 4208 2254 4257 cadere
2290 4208 2394 4258 BG
2529 4208 2563 4259 6
2598 4208 2691 4260 sed
2728 4209 2801 4259 sic
2834 4236 2896 4246 —-
2930 4213 2962 4261 7
2998 4219 3192 4262 constat

609 4293 698 4329 om.
729 4277 797 4341 A,
831 4279 953 4331 add.
988 4293 1020 4326 a
1186 4279 1217 4327 7
1273 4277 1495 4328 constitit
1545 4294 1581 4326 a
1756 4276 1822 4327 10
1878 4279 2001 4327 ratio
2055 4294 2146 4328 om.
2184 4280 2261 4336 A,
2298 4278 2420 4331 add.
2461 4293 2494 4326 α
2679 4279 2861 4329 dicitur
2905 4296 3055 4330 casus
3095 4282 3194 4332 Ac

611 4348 806 4398 dicatur
849 4363 999 4399 casus
1036 4365 1069 4398 a
1111 4347 1294 4397 dicitur
1327 4347 1379 4397 B
1543 4345 1654 4414 sed]
1698 4362 1755 4397 se
1783 4346 1832 4395 A
2011 4348 2070 4398 11
2114 4350 2302 4400 inflecti
2336 4348 2475 4399 ACb
2511 4349 2766 4399 inflectere
2793 4349 2844 4399 B
2880 4352 3100 4403 inflectio
3132 4351 3188 4402 α*

747 4427 893 4484 potes
930 4419 1025 4469 Ba
1063 4426 1229 4484 potest
1265 4418 1370 4468 AC
1507 4416 1572 4469 16
1607 4419 1651 4467 si
1688 4417 1786 4467 hoc
1835 4426 1912 4468 est
1948 4418 1996 4467 A
2036 4420 2078 4470 si
2118 4420 2212 4471 hoc
2261 4434 2358 4469 non
2406 4426 2482 4467 cst
2514 4435 2548 4469 a
2588 4421 2676 4469 sed
2708 4419 2804 4470 hoc
2844 4436 2942 4470 non
2982 4430 3058 4472 est
3094 4424 3193 4473 BC

752 4489 817 4539 18
853 4488 944 4539 sed
981 4496 1146 4539 tamen
1185 4488 1299 4537 lieet
1342 4488 1453 4553 ipse
1492 4488 1604 4539 AB
1641 4489 1732 4537 sed
1783 4488 1898 4537 licet
1945 4489 2058 4555 ipse
2104 4491 2167 4540 a*
2221 4491 2312 4540 sed
2351 4500 2516 4541 tamen
2559 4490 2668 4553 ipse
2709 4490 2784 4541 Cb
2928 4493 2993 4543 21
3034 4495 3188 4544 nomi·

611 4558 812 4609 natiuus
851 4558 1034 4608 dicitur
1063 4557 1276 4623 (dicitur
1312 4572 1402 4611 om.
1443 4558 1508 4619 B,
1537 4560 1656 4612 add.
1693 4557 1748 4621 h)
1790 4559 2027 4621 quoniam
2061 4575 2159 4610 non
2199 4569 2276 4610 est
2311 4575 2460 4609 casus
2490 4559 2657 4612 ABG
2791 4558 2860 4610 30
2892 4565 3041 4626 quasi
3078 4564 3189 4611 inde

610 4638 741 4678 creet
791 4628 1063 4691 aliquando
1107 4629 1183 4678 sic
1230 4626 1380 4679 habet
1428 4630 1573 4691 quasi
1621 4644 1719 4679 non
1766 4629 1884 4678 inde
1921 4638 2054 4680 creet
2089 4631 2236 4682 BCa
2274 4629 2418 4695 quasi
2452 4630 2568 4680 inde
2602 4673 2770 4685 .....
2809 4632 3086 4696 aliquando
3122 4633 3188 4682 sic

610 4697 759 4748 habet
807 4698 954 4760 quasi
1009 4713 1109 4749 non
1164 4699 1413 4765 indegerit
1459 4699 1508 4748 A
1685 4714 1804 4748 uere
1840 4698 2003 4751 ABG
2169 4700 2231 4751 31
2272 4709 2466 4751 tantum
2509 4702 2657 4751 modo
2693 4728 2762 4737 —
2798 4702 2862 4751 de
2921 4702 3018 4753 hoc
3072 4717 3187 4753 casu

611 4768 806 4888 ιανδ-Β,
843 4768 966 4822 add.
1004 4769 1033 4818 b
1174 4767 1241 4820 32
1278 4770 1341 4820 de
1390 4784 1482 4823 om.
1522 4770 1599 4830 A,
1632 4770 1752 4820 add.
1790 4785 1822 4819 a
1963 4785 2119 4835 quare
2156 4771 2269 4820 dico
2310 4768 2479 4820 ABG
2613 4769 2679 4822 33
2707 4770 2942 4836 fortasse
2981 4788 3186 4825 consue-

635 4854 661 4886 u
702 4852 786 4886 me
821 4852 916 4887 sua
