3541 5564
276 3705 489 3765 419‚25

279 3773 488 3828 517.3o

509 329 635 393 :274
1648 331 1957 394 ΡΟΜΡΕΙΙ

561 452 603 492 p.
629 442 807 480 397-99
837 438 880 479 L.

512 522 667 579 enim
725 517 900 579 talem
959 517 1255 597 regulam,
1315 520 1507 579 omnis
1561 537 1698 597 pars
1757 520 2040 580 orationis
2096 537 2227 579 cum
2286 521 2526 581 desierit
2584 536 2715 579 esse
2771 517 2928 596 quod
2984 525 3093 586 est,

511 621 655 682 nihil
703 629 795 682 est
838 620 994 682 aliud
1054 622 1164 681 nisi
1210 619 1589 681 adverbium..
1663 638 1808 698 ergo
1853 640 1987 681 cum
2045 619 2287 683 desierit
2333 640 2462 682 esse
2508 622 2902 701 praepositio,
2951 620 3089 700 quid

509 722 689 785 habet
733 742 862 784 esse
906 725 1021 783 nisi
1066 722 1442 783 adverbium?
1489 723 1578 783 fac
1624 740 1766 800 ergo
1814 732 1875 782 ut
1919 724 1996 784 sit
2040 722 2401 784 adverbium.
2494 725 2542 783 si
2589 732 2678 784 est
2721 721 3089 788 adverbium.

510 823 696 887 multo
741 827 936 886 minus
980 826 1174 902 iungis
1217 824 1737 904 praepositionem.
1800 842 1937 885 nam
1968 823 2219 903 legimus
2263 827 2762 905 praepositionem
2807 823 3087 885 adverbio

513 946 632 988 non
688 929 869 1005 iungi.
961 926 1246 1003 numquid
1302 944 1541 1005 possum
1598 924 1798 987 dicere
1854 925 1965 986 ‘de
2020 929 2230 987 mane’
2289 934 2347 987 et
2401 926 2654 987 similia?
2730 944 2872 1005 ergo
2918 928 3143 988 istamr,

511 1030 1014 1109 praepositionem
1062 1027 1343 1089 adverbio
1390 1046 1509 1089 non
1553 1047 1873 1108 possumus
1916 1030 2180 1106 iungere.
2258 1047 2398 1108 ergo
2446 1048 2563 1089 non
2610 1026 2802 1089 debeo
2848 1031 3093 1106 iungere

510 1132 1013 1211 praepositionem
1058 1132 1484 1210 praepositioni
1529 1140 1778 1211 propter
1822 1130 1978 1191 illam
2026 1130 2290 1209 regulam
2337 1149 2511 1209 quam
2557 1131 2789 1199 dieunt,
2838 1149 3091 1210 praepo·

512 1235 757 1294 sitiones
815 1232 821 1314 Ι
885 1234 1041 1292 inter
1096 1252 1159 1293 se
1221 1251 1336 1293 non
1398 1231 1738 1294 cohaerere.
1832 1235 1947 1293 iam
2007 1243 2070 1293 ut
2123 1234 2197 1293 sit
2250 1232 2624 1302 adverbium,
2674 1231 2857 1293 multo
2898 1233 3090 1293 minus

512 1335 701 1396 debeo
746 1336 1025 1413 iungere,
1073 1334 1347 1412 quoniam
1394 1334 1671 1395 adverbio
1716 1336 2078 1415 praepositio
2125 1354 2241 1396 non
2287 1336 2571 1413 iungitur.
2633 1333 2708 1394 ob
2754 1333 2904 1394 lianc
2952 1352 3090 1394 cau-

511 1455 665 1506 sam,
717 1439 993 1514 quoniam
1041 1455 1153 1508 nec
1195 1434 1340 1496 illud
1389 1455 1499 1497 nec
1544 1435 1686 1496 illud
1730 1455 1937 1498 verum
1985 1444 2102 1503 est.
2149 1445 2463 1518 utrumque
2509 1437 2814 1516 accipitur.
2907 1434 3166 1496 habe-10

512 1558 646 1601 mus
702 1540 861 1599 enim
916 1537 1030 1599 hoc
1086 1541 1149 1598 in
1205 1539 1361 1598 iure:
1422 1540 1480 1598 in
1538 1537 1840 1619 plerisque
1898 1539 2152 1618 reguliS,
2210 1539 2309 1601 ubi
2366 1558 2557 1619 neque
2612 1537 2709 1600 illa
2753 1539 3087 1599 firmissima

514 1649 633 1710 est,
693 1659 887 1720 neque
943 1639 1044 1700 illa
1099 1640 1434 1700 firmissima
1491 1648 1609 1710 est,
1669 1643 1905 1721 utrique
1960 1644 2388 1710 consentimus;
2447 1642 2720 1720 quoniam
2779 1657 2889 1700 nec
2942 1637 3087 1699 illud

513 1745 919 1804 firmissimum
966 1751 1085 1811 est,
1137 1761 1247 1803 nec
1293 1741 1435 1802 illud
1482 1744 1883 1804 firmissimum
1933 1752 2046 1813 est,
2106 1745 2185 1804 ita
2231 1745 2295 1803 iit
2341 1749 2402 1803 ut
2447 1741 2796 1804 defendatur
2839 1750 3090 1822 utraque

515 1865 671 1925 pars
760 1863 896 1905 uam
954 1844 1198 1906 ostendo
1255 1844 1360 1906 tibi
1419 1851 1478 1904 et
1532 1847 2032 1925 praepositionem
2093 1845 2518 1926 praepositioni
2574 1862 2747 1923 posse
2791 1845 3088 1923 coniungi,

518 1955 578 2007 et
621 1946 964 2008 adverbium
1011 1928 1437 2027 praepositioni
1482 1966 1656 2026 posse
1702 1949 2012 2025 coniungi,
2073 1966 2188 2007 non
2237 1948 2510 2024 quoniam
2560 1964 2764 2007 verum
2809 1953 2926 2017 est,
2986 1945 3088 2007 sed
3120 1946 3169 2001 1⁸5

517 2051 793 2129 quoniam
839 2056 1156 2128 utrumque
1202 2050 1434 2110 firmum
1467 2068 1585 2109 non
1633 2058 1747 2119 est,
1796 2068 1907 2110 nec
1949 2050 2093 2110 illud
2138 2067 2248 2110 nec
2290 2050 2460 2119 illud,
2507 2057 2570 2109 ut
2610 2050 2687 2109 sit
2731 2047 2914 2109 altera
2960 2067 3095 2128 pars

516 2153 759 2213 firmior.
851 2170 986 2212 nam
1044 2153 1542 2231 praepositionem
1600 2153 2025 2232 praepositioni
2081 2170 2255 2231 posse
2325 2151 2605 2227 coniungi
2669 2148 2767 2211 iila
2836 2151 3094 2211 elocutio

516 2254 719 2324 docet,
781 2255 1197 2315 circumcirca:
1255 2252 1432 2334 paulo
1489 2262 1625 2333 post
1677 2254 1819 2314 dicit
1873 2253 2044 2319 illud.
2104 2252 2202 2314 ubi
2249 2251 2390 2313 dicit
2432 2253 2724 2330 ‘iungitur
2768 2250 2985 2319 verbo,
3030 2259 3096 2311 ut

516 2358 763 2437 incipio,
813 2357 1072 2433 iungitur
1115 2357 1457 2435 participio,
1506 2355 1706 2416 itidem
1754 2357 2014 2433 iungitur
2059 2354 2172 2416 sibi
2217 2356 2374 2434 ipsa,
2420 2362 2483 2414 ut
2527 2362 2614 2414 est
2656 2355 3095 2414 circumcirca'.

515 2476 657 2537 ergo
713 2460 761 2517 si
817 2459 1082 2536 iungitur
1139 2457 1250 2518 sibi
1308 2458 1462 2537 ipsa.
1521 2459 1934 2527 circumcirca,
1992 2460 2141 2518 iuste
2185 2456 2434 2517 dicimus
2477 2458 2661 2535 ipsam
2707 2456 3171 2536 praepositio-eo

516 2579 680 2635 nem,
729 2558 1010 2636 adusque.
1103 2558 1206 2619 sed
1253 2559 1406 2620 sorte
1452 2558 1639 2629 dicaS,
1700 2561 1838 2621 uolo
1884 2558 2080 2620 dicere
2126 2559 2625 2638 praepositionem
2673 2558 3095 2637 praepositioni

513 2664 927 2732 coniunctam,
988 2659 1091 2721 sed
1149 2659 1279 2719 volo
1338 2661 1537 2722 dicere
1595 2681 1725 2723 esse
1785 2663 2279 2742 praepositionem
2328 2659 2606 2721 adverbio
2653 2662 2943 2727 iunctam;
2989 2658 3091 2720 sed

510 2765 609 2826 illa
669 2765 827 2844 lege,
887 2771 953 2825 ut
1006 2781 1116 2844 pro
1173 2781 1286 2825 una
1344 2773 1513 2843 parte
1569 2765 1688 2832 sit,
1731 2782 1906 2845 quem
1967 2762 2037 2824 ad
2084 2762 2322 2824 modum
2370 2760 2619 2823 dicimus
2663 2760 2896 2823 deinde.
2983 2763 3093 2823 ista

518 2868 793 2930 adverbia
840 2874 979 2929 sunt
1022 2868 1217 2926 iuncta
1264 2867 1721 2947 praepositioni,
1768 2866 1871 2928 sed
1917 2867 1994 2926 ita
2042 2873 2177 2927 sunt
2222 2864 2501 2926 adverbia
2546 2866 2742 2925 iuncta
2786 2865 3093 2944 praeposi-

517 2972 691 3040 tioni,
740 2978 803 3030 ut
849 2988 965 3030 non
1013 2988 1120 3048 pro
1166 2968 1396 3029 duabus
1439 2968 1703 3049 partibus
1748 2971 1894 3038 sint,
1942 2967 2045 3029 sed
2077 2987 2186 3048 pro
2218 2986 2329 3029 una
2377 2977 2543 3048 parte
2589 2968 2890 3030 orationis,
2949 2984 3091 3045 ergo
3119 2985 3169 3023 25

517 3090 892 3152 quacumque
938 3073 1164 3133 ratione
1210 3073 1403 3151 possis
1447 3070 1598 3132 hanc
1645 3069 2036 3131 elocutionem
2083 3069 2300 3131 dicere.
2394 3072 2443 3130 si
2491 3069 2497 3150 Ι
2549 3071 2633 3130 vis
2676 3069 3090 3149 dicere'prae-

514 3176 897 3254 positionem,
970 3172 1154 3234 habes
1212 3172 1548 3252 exemplum
1608 3174 2031 3235 circumcirca:
2105 3173 2190 3232 sic
2244 3173 2376 3232 dico
2432 3172 2696 3250 adusque
2756 3171 2902 3232 duas
2958 3189 3091 3232 esse

514 3278 1011 3358 praepositione&
1061 3293 1235 3353 quem
1269 3275 1339 3335 ad
1373 3275 1611 3336 modum
1659 3277 2042 3336 circumcirca
2088 3273 2239 3335 duae
2283 3285 2420 3336 sunt
2462 3275 2932 3354 praepositiones
2977 3270 3088 3334 sibi

515 3381 883 3440 coniunctae.
976 3379 1024 3438 si
1083 3377 1245 3439 dicas
1302 3376 1578 3439 adverbio
1633 3379 1891 3439 iunctam
1949 3378 2479 3456 praepositionem,
2539 3379 2745 3454 iungas
2793 3373 3089 3443 adverbio,

513 3490 578 3541 ut
633 3484 716 3542 sic
773 3479 1157 3550 cohaereant,
1213 3488 1280 3541 ut
1336 3497 1512 3540 unam
1562 3488 1800 3559 partem
1858 3480 2094 3540 faciant.
2185 3477 2295 3539 lioc
2350 3480 2677 3558 quaesitum
2735 3485 2823 3539 est
2875 3479 2935 3537 in
2980 3478 3166 3538 istaao

515 3584 976 3663 praepositione.

689 3685 769 3745 De
815 3684 1080 3745 ablativis
1124 3685 1231 3744 ista
1278 3692 1366 3744 est
1408 3701 1561 3761 quae
1605 3686 1666 3744 in
1711 3685 2116 3764 quaestionem
2150 3686 2335 3768 venit,
2385 3701 2561 3761 quam
2606 3683 2872 3751 removit,
2922 3680 3094 3741 clam.

516 3804 754 3867 semper
803 3786 1059 3846 Donatus
1103 3785 1251 3846 clam
1300 3793 1583 3865 conputat
1636 3788 1793 3848 inter
1848 3785 2127 3847 ablativas
2173 3788 2637 3866 praepositiones
2684 3783 2788 3864 [de
2833 3782 3097 3845 ablativis

515 3899 653 3951 sunt
698 3891 845 3949 istae
891 3888 1069 3960 duae,
1119 3906 1282 3966 quae.
1313 3889 1374 3947 in
1422 3889 1830 3964 quaestionem
1877 3889 2148 3957 veniunt,
2210 3887 2361 3949 clam
2404 3896 2462 3949 et
2504 3880 2731 3968 tenus];
2778 3894 2837 3946 et
2877 3887 2939 3946 in
2984 3884 3092 3947 alia

513 3997 684 4071 parte
728 3991 871 4051 artis
917 3989 1030 4049 hoc
1073 3990 1241 4059 fecit,
1303 3997 1359 4050 et
1405 3989 1501 4050 liic
1557 3990 1698 4051 fecit
1741 3988 1875 4050 hoc.
1963 3989 2112 4050 clam
2162 3988 2283 4051 vult
2323 3998 2611 4051 remotam
2659 4007 2788 4050 esse
2833 3990 3090 4049 omnino.
3120 4003 3171 4043 3⁵

656 4196 682 4246 1
723 4210 836 4244 esse
872 4195 1007 4258 quod
1054 4201 1186 4243 esset
1217 4194 1328 4244 AB
1500 4197 1532 4246 4
1571 4194 1729 4244 multo
1772 4195 1938 4244 minus
1980 4208 2078 4243 uon
2117 4194 2288 4261 iungis
2326 4194 2493 4244 ABG
2662 4196 2696 4247 8
2732 4193 2889 4243 multo
2920 4193 3087 4242 minus

516 4266 675 4317 debeo
711 4278 810 4314 non
843 4265 1054 4329 iungere
1091 4264 1254 4314 ABG
1395 4263 1459 4315 16
1498 4272 1764 4327 utrumque
1804 4263 2055 4313 infirmnm
2096 4279 2195 4314 uon
2234 4273 2310 4313 est
2349 4279 2441 4313 nee
2478 4263 2606 4314 illud
2644 4275 2696 4314 ut
2726 4265 2792 4313 sit
2830 4262 2995 4312 ABG

518 4333 583 4387 19
621 4335 792 4385 itidem
823 4334 1050 4401 iungitur
1086 4335 1180 4384 sibi
1221 4335 1364 4399 ipsae
1395 4335 1497 4385 BC
1522 4334 1691 4384 itidem
1733 4336 2012 4400 iunguntur
2048 4334 2143 4384 eibi
2183 4336 2325 4400 ipsae
2359 4336 2407 4384 A
2515 4336 2581 4386 24
2616 4334 2707 4385 sed
2742 4335 2840 4383 ista
2877 4334 2926 4384 B
2952 4346 3087 4384 corr.

513 4406 606 4454 sed
645 4407 713 4454 ita
750 4405 803 4454 b:
835 4405 926 4454 sed
964 4404 1030 4453 ita
1072 4432 1134 4440 —
1169 4405 1530 4470 praepositioni
1570 4421 1662 4454 om.
1697 4404 1768 4468 A,
1806 4405 1930 4457 add.
1971 4421 2005 4453 a
2175 4403 2243 4457 33
2283 4419 2484 4470 semper
2520 4405 2746 4455 Donatus
2775 4434 2839 4444 -
2878 4417 3090 4468 praepo-

514 4476 727 4525 sitiones
764 4484 814 4526 et
846 4474 912 4526 34
950 4483 998 4522 et
1037 4475 1087 4523 in
1127 4474 1226 4524 alia
1261 4485 1404 4541 parte
1445 4502 1512 4512 —
1553 4475 1672 4525 fecit
1706 4475 1805 4523 hoe
1848 4489 1907 4524 eo
1943 4477 2230 4538 pertinent,
2264 4476 2399 4540 quod
2431 4476 2481 4524 in
2520 4483 2732 4540 utraque
2768 4482 2879 4523 arte
2912 4474 3094 4521 Donati

514 4545 643 4595 elam
688 4547 1004 4610 praepositio
1055 4547 1186 4593 iuter
1227 4545 1477 4596 ablativae
1519 4547 1929 4610 praepositiones
1970 4552 2239 4608 conparata
2285 4553 2378 4597 est.
2453 4545 2567 4594 ltine
2611 4546 2835 4608 adparet
2869 4559 2929 4594 ea
2964 4556 3095 4607 quae

512 4617 818 4680 interposita
851 4622 993 4665 sunt.
1032 4615 1094 4664 de
1133 4615 1367 4665 ablativis
1404 4643 1473 4652 —-
1508 4624 1673 4675 tenus,
1706 4622 1886 4680 postea
1922 4617 2187 4677 adscripta
2221 4630 2349 4665 esse.
2412 4616 2547 4680 quod
2580 4623 2743 4665 autem
2776 4614 2902 4664 clam
2933 4627 3094 4675 prae-

508 4688 801 4749 positionem
834 4693 1076 4734 remotam
1109 4701 1221 4735 esse
1253 4685 1376 4737 dicit
1404 4688 1684 4748 Pompeius,
1719 4701 1817 4736 non
1847 4686 1918 4733 ad
1946 4685 2207 4744 Donatum,
2244 4685 2338 4734 sed
2361 4686 2434 4734 ad
2458 4701 2626 4736 eoram
2659 4684 2982 4747 referendam
3020 4688 3096 4732 eat

511 4757 829 4814 sententiam,
871 4757 956 4819 qm·
988 4771 1095 4805 eam
1126 4771 1223 4819 pro
1255 4755 1494 4806 adverbio
1530 4755 1809 4806 habendam
1842 4771 1955 4804 esse
2007 4758 2292 4807 voluer-tene:
2335 4755 2406 4816 cf.
2447 4757 2594 4822 Ser-9.
2632 4758 2843 4818 explan.
2880 4756 2932 4804 in
2959 4755 3089 4805 Dan.

509 4840 567 4889 p.
603 4825 724 4889 561,
761 4825 827 4873 27
864 4825 1120 4878 Priscian.
1157 4830 1193 4878 l.
1225 4825 1364 4875 Xllll
1397 4844 1450 4892 p.
1490 4826 1575 4887 51,
1610 4827 1673 4877 15
1769 4824 1835 4876 34
1877 4835 1926 4875 et.
1955 4835 2101 4876 tenus
2135 4840 2228 4875 om.
2267 4825 2434 4876 ABG
