3541 5564
585 378 712 441 610
1699 376 2062 439 MACROBH

637 500 678 541 p.
707 488 822 529 2749..
850 488 900 527 4³
931 486 974 528 r.

582 573 822 648 praeter
875 567 974 628 illa
1028 584 1179 647 quae
1236 567 1298 626 in
1352 584 1426 644 μι
1482 572 1729 634 exeunt,
1789 558 2162 644 ἐποιούμην
2219 559 2490 641 ἐποιοῦ,
2550 558 2896 644 ε’τιμαίμην
2943 559 3178 645 ἐτιμῶ,

585 664 969 750 ἐδηλούμην
1015 664 1285 747 ε’δηλοῦ,
1334 662 1664 747 έλεγόμην
1710 661 1973 745 ἐλέγου.

750 772 836 832 De
891 772 1157 852 perfecto
1211 777 1271 830 et
1323 769 1906 849 plusquamperfecto
1961 769 2228 849 passivis,
2309 770 2651 848 ‘perfectum
2717 772 2971 830 activum
3016 769 3176 849 quod

582 877 643 936 in
701 892 787 934 κα
825 874 1074 942 desinit,
1132 873 1181 932 si
1226 870 1506 932 habuerit
1560 871 1985 951 paenultimam
2031 878 2242 932 natura
2288 871 2543 949 longam,
2604 872 2890 932 transfert
2934 872 3175 934 finalem

580 976 865 1056 syllabam
921 978 985 1036 in
1039 993 1156 1055 μαι
1218 980 1277 1033 et
1319 975 1463 1034 facit
1506 973 1578 1034 de
1616 992 1697 1059 ‘se
1742 976 2060 1054 passivum,
2108 968 2400 1054 νενόηκα
2443 968 2800 1053 νενόημαι,
2856 971 3175 1055 τετίμηκα
3201 1004 3230 1042 5

581 1077 948 1160 τετίμημαι,
995 1071 1391 1155 κεχρύσωκα
1421 1070 1870 1156 κεχρύσωμαι.
1916 1078 1963 1136 si
2004 1095 2144 1137 vero
2187 1076 2549 1157 paenultima
2596 1075 2798 1136 brevis
2827 1078 2924 1146 sit,
2966 1074 3176 1155 σύγμα

580 1180 930 1260 superaddit
971 1179 1214 1240 ultimae
1263 1176 1517 1257 (oportet
1559 1180 1719 1239 enim
1764 1177 2186 1257 paenultimam
2230 1181 2292 1239 in
2360 1178 2472 1239 hoc
2500 1186 2769 1258 tempore
2816 1185 2917 1239 aut
2959 1185 3172 1240 natura

580 1290 681 1344 aut
723 1283 1019 1362 positione
1063 1280 1296 1358 longam
1340 1280 1513 1359 fieri),
1561 1277 1871 1341 τετέλεκα
1913 1277 2319 1361 τετέλεσμαι,
2373 1278 2701 1360 γεγέλακα
2744 1274 3171 1361 γεγέλασμαι,

578 1376 791 1464 ἥροκα
839 1370 1152 1463 ἥροσμαι.
1243 1382 1501 1463 denique
1556 1389 1617 1442 et
1674 1384 1736 1442 in
1783 1390 1946 1443 sexta
2006 1382 2171 1443 verbi
2218 1382 2508 1463 barytoni,
2556 1385 2694 1463 quia
2755 1383 3060 1444 interdum
3105 1384 3170 1442 in

546 1485 681 1549 ‘ina
727 1487 1137 1566 paracimenos
1180 1485 1359 1546 babet
1402 1484 1829 1564 paenultimam
1872 1484 2123 1562 longam.
2172 1484 2468 1546 interdum
2511 1485 2772 1554 brevem,
2832 1484 2936 1545 ubi
2992 1485 3168 1562 longa
3201 1509 3253 1547 ιο

582 1597 692 1658 est,
738 1594 966 1648 tantum
1009 1594 1198 1648 mutat
1242 1605 1326 1646 κα
1362 1589 1423 1646 in
1467 1586 1769 1667 μαι;,ιι1)ἰ
1805 1605 1943 1647 vero
1977 1586 2174 1647 brevis
2219 1595 2328 1656 est,
2376 1586 2539 1648 addit
2583 1595 2644 1647 et
2688 1586 2913 1668 σίγμα,
2957 1588 3174 1665 θερα-

581 1684 766 1752 πεύω
822 1683 1288 1767 τεθεράπευκα
1341 1684 1874 1768 τεθεράπευμαι,
1932 1684 2242 1768 σβεννύω
2302 1687 2546 1769 ἔσβεκα
2613 1687 2964 1768 ἔσβεσμαι,
3031 1683 3173 1762 ξύω

580 1789 782 1867 ἔξυκα
825 1788 1122 1872 ἔξυσμαι.
1192 1785 1441 1851 λέλυκα
1486 1797 1684 1851 autem
1731 1787 2011 1870 λέλυμαι
2056 1798 2115 1851 et
2159 1785 2414 1851 τέθυκα
2467 1788 2754 1871 τέθυμαι
2798 1809 2916 1851 non
2961 1798 3176 1853 carent

580 1896 753 1964 vitio,
815 1895 973 1974 quia,
1020 1912 1155 1954 cum
1200 1893 1402 1953 brevis
1442 1896 1519 1953 sit
1563 1912 1625 1961 υ,
1660 1904 1701 1953 σ
1745 1912 1864 1954 non
1908 1895 2228 1973 recipiunt.
2317 1911 2458 1954 sane
2521 1895 2583 1953 in
2643 1892 2948 1972 barytonis
2991 1894 3170 1954 tertia

581 1997 951 2074 coniugatio,
1012 2004 1072 2057 et
1115 2014 1253 2056 cum
1308 1995 1728 2076 paenultimam
1788 1996 2021 2073 longam
2077 1994 2322 2064 habeat,
2386 1994 2885 2069 tamen‚adhibet
2941 1994 3170 2074 σίγμα,
3205 2020 3257 2059 15

581 2094 862 2160 πέπεικα
891 2092 1266 2177 πέπεισμαι.
1329 2115 1479 2178 quae
1513 2099 1574 2157 in
1608 2117 1703 2177 φα
1736 2097 2016 2159 desinunt
2043 2098 2135 2158 vel
2171 2096 2176 2174 Ι
2211 2116 2361 2177 quae
2395 2104 2531 2158 ante
2560 2116 2604 2157 α
2634 2096 2854 2157 hahent
2882 2116 2991 2176 γκ,
3023 2097 3174 2157 haec

582 2192 693 2261 διὰ
737 2194 863 2261 δύο
913 2199 1007 2279 μῦ
1063 2201 1125 2259 in
1183 2201 1415 2279 passivo
1459 2202 1949 2278 pronuntiantur,
1996 2195 2249 2279 τέτυφα
2302 2195 2654 2279 τέτυμμαις
2715 2217 2865 2279 quae
2924 2217 3064 2258 vero
3109 2200 3174 2259 in

581 2322 697 2382 χα,
758 2308 1066 2363 transeunt
1121 2303 1182 2361 in
1240 2320 1433 2381 γμαι,
1491 2297 1741 2381 νένυχα
1785 2296 2139 2381 νένυγμαι,
2186 2296 2491 2380 πέπληχα
2544 2294 2943 2382 πέπληγμαι.
3033 2319 3173 2361 cum

581 2412 715 2465 ante
762 2405 1027 2465 ultimam
1073 2402 1358 2483 syllabam
1403 2410 1504 2464 aut
1549 2422 1588 2481 ρ
1633 2411 1733 2464 aut
1776 2404 1814 2463 λ
1862 2405 2180 2482 reperitur,
2229 2423 2314 2463 κα
2359 2405 2574 2464 transit
2616 2406 2679 2464 in
2723 2423 2864 2483 μαι,
2908 2400 3173 2477 ἔψαλκα

579 2505 900 2587 ἔψαλμαι,
947 2501 1242 2584 κέκαρκα
1286 2501 1635 2586 κέκαρμαι.
1706 2505 1865 2566 idem
1909 2513 2146 2566 servant
2189 2512 2251 2565 et
2294 2503 2475 2565 verba
2522 2523 2671 2585 quae
2718 2506 2779 2566 in
2825 2506 3016 2584 prima
3063 2524 3168 2585 po-
3197 2530 3255 2570 ao

578 2610 795 2670 sitione
840 2628 883 2670 ν
925 2607 1147 2669 habent
1191 2610 1254 2668 in
1299 2608 1504 2668 ultima
1549 2606 1793 2686 syllaba,
1840 2606 2051 2688 κρίνω
2097 2600 2374 2685 κέκρικα
2404 2602 2732 2687 κέκριμαι,
2779 2602 3016 2668 πλύνω
3048 2600 3172 2669 πέ-

578 2710 805 2771 πλυκα
859 2702 1217 2790 πέπλυμαι.
1287 2700 1856 2790 ὑπερσυντελικός
1912 2712 2128 2790 passivi
2186 2711 2428 2788 generis
2485 2710 2558 2770 de
2615 2711 2995 2790 paracimeno
3059 2727 3171 2771 suo

580 2814 864 2874 nascitur.
950 2812 1054 2873 ille
1109 2814 1268 2873 enim
1324 2814 1619 2892 incipiens
1673 2832 1705 2873 a
1764 2813 1949 2874 vocali
2008 2815 2070 2873 in
2126 2832 2212 2892 ην
2269 2815 2589 2873 terminum
2644 2819 2830 2874 mutat
2883 2820 2945 2873 et
3009 2813 3172 2873 hunc

581 2917 780 2984 efficit,
826 2912 1173 2994 ἔφθαρμαι
1218 2909 1604 2996 ἐφθάρμην,
1650 2908 1931 2996 ἥττημαι
1974 2903 2304 2995 ἡττήμηνς
2354 2922 2414 2975 at
2458 2915 2520 2974 si¹
2564 2913 2663 2974 ille
2705 2917 2906 2995 coepit
2948 2933 2980 2975 a
3025 2933 3169 2975 con-

580 3017 843 3086 sonanti,
904 3016 1004 3076 hic
1048 3023 1286 3094 praeter
1331 3018 1466 3078 finis
1509 3020 1895 3078 mutationem
1941 3036 2118 3097 quam
2161 3017 2420 3077 diximus
2474 3017 2650 3076 etiam
2698 3016 2956 3077 vocalem
3000 3018 3168 3097 prin·
3198 3042 3255 3081 85

580 3121 738 3199 cipio
784 3136 891 3179 suo
936 3116 1197 3186 adhibet,
1244 3118 1607 3198 πεποίημαι
1652 3115 2089 3199 ἐπεποιήμην,
2143 3113 2451 3199 λέλεγμαι
2508 3114 2894 3199 ε’λελέγμηυ.

749 3219 833 3280 De
888 3221 1089 3281 futuro
1145 3222 1399 3300 passivo.
1500 3221 1858 3300 paenultima
1927 3221 2147 3301 syllaba
2204 3220 2356 3302 apud
2415 3220 2671 3282 Graecos
2736 3222 2923 3281 futuri
2990 3211 3170 3282 activi

581 3329 790 3403 quarta
834 3323 900 3382 fit
957 3340 988 3381 a
1044 3324 1158 3382 fine
1204 3324 1455 3401 passivi,
1510 3317 1735 3403 νοήσω
1781 3317 2234 3404 νοηθήσομαι,
2279 3319 2684 3403 θεραπεύσω
2726 3317 3172 3402 θεραπευθῆ-

581 3439 814 3505 σομαι,
863 3417 1082 3485 ε’λάσω
1141 3421 1625 3505 ἐλασθήσομαι.
1717 3425 1975 3486 secunda
2032 3443 2285 3504 persona
2343 3427 2539 3486 minor
2582 3425 2802 3505 syllaba
2860 3427 2926 3485 fit
2989 3443 3171 3505 quam

582 3528 801 3606 prima,
872 3521 1337 3607 λαληθήσομαι
1404 3522 1809 3608 λαληθήσει,
1874 3524 2327 3608 τιμηθήσομαι
2381 3523 2756 3608 τιμηθήσει.
2861 3527 2956 3588 illa
3024 3544 3170 3587 vero
3199 3553 3254 3592 σο

582 3628 812 3708 species
870 3630 1109 3708 propria
1169 3629 1530 3689 Graecorum
1586 3637 1703 3699 est,
1761 3629 1917 3708 quod
1984 3629 2207 3690 habent
2249 3631 2314 3689 in
2357 3646 2578 3707 genere
2622 3631 2857 3709 passivo
2899 3631 3170 3690 futurum
3275 3632 3284 3641 ’

580 3729 738 3811 quod
796 3748 923 3790 rem
979 3731 1272 3808 significat
1325 3750 1442 3791 non
1503 3731 1688 3792 multo
1733 3737 1868 3810 post
1911 3731 2013 3791 sed
2061 3750 2193 3791 mox
2240 3732 2530 3800 futuram,
2598 3738 2664 3791 ut
2718 3727 3172 3811 πεποιήσομαι

580 3827 1022 3912 γεγράψομαι.
1113 3830 1224 3891 hoc
1282 3839 1477 3893 autem
1546 3840 1780 3912 tempus
1825 3851 1898 3893 ex
1942 3834 2214 3912 perfecto
2272 3832 2538 3893 eiusdem
2594 3835 2836 3910 generis
2879 3834 3167 3892 nascitur.

581 3936 828 3997 insertis
871 3936 1029 3994 enim
1074 3934 1368 3995 secundae
1399 3953 1688 4014 personae
1732 3936 1987 4015 perfecti
2021 3935 2250 3996 duabus
2286 3935 2524 4004 litteriS,
2571 3954 2608 3994 o
2640 3931 2752 3994 καὶ
2780 3953 2850 4014 μ,
2896 3935 3169 3995 futurum

579 4035 757 4118 paulo
800 4043 958 4116 post,
1006 4036 1161 4115 quod
1208 4038 1451 4098 atticum
1498 4043 1756 4107 vocatur,
1806 4039 2089 4107 efficitur,
2137 4036 2493 4116 πεποίησαι
2538 4031 3006 4116 πεποιήσομαι,
3052 4032 3168 4114 γέ-
3200 4062 3255 4102 35

579 4145 833 4219 γραψαι
887 4133 1325 4219 γεγράψομαι.
1405 4158 1516 4199 nec
1572 4138 1645 4200 ab
1701 4158 1767 4200 re
1815 4147 1943 4200 erat
1986 4137 2160 4219 paulo
2204 4147 2340 4218 post
2381 4140 2648 4199 futurum
2694 4157 2766 4198 ex
2810 4137 2984 4218 paulo
3027 4146 3170 4198 ante

581 4248 880 4302 transacto
924 4248 1191 4321 tempore
1235 4243 1561 4321 procreari.
1640 4242 2024 4302 inveniuntur
2071 4242 2247 4301 huius
2291 4240 2450 4301 modi
2498 4248 2763 4320 tempora
2809 4241 3060 4318 figurata
3106 4250 3170 4302 et

581 4362 652 4405 cx
698 4342 899 4404 verbis
958 4345 1016 4403 in
1078 4362 1130 4403 ω
1176 4343 1549 4413 exeuntibuS,
1596 4350 1663 4404 ut
1706 4350 1800 4403 est
1844 4338 2239 4424 δεδοικήσω,
2286 4342 2442 4422 quod
2489 4343 2796 4422 proprium
2842 4344 3167 4422 Syracusa·

580 4463 790 4505 norum
836 4451 943 4514 est,
991 4454 1050 4504 et
1080 4434 1380 4524 δεδώσω,
1425 4454 1488 4507 ut
1541 4445 1693 4526 apud
1724 4445 2080 4506 Dracontem
2124 4437 2324 4525 ’ἀτὰρ
2357 4440 2468 4506 καὶ
2499 4441 2685 4524 δῶρα
2716 4438 3167 4525 δεδαίσομεν’,

580 4549 748 4627 quasi
792 4546 966 4626 paulo
1009 4556 1141 4626 post
1184 4547 1473 4609 dabimus·
3193 4569 3250 4610 ιο

719 4736 782 4785 10
813 4734 1148 4799 pericimenos
1183 4736 1231 4784 P
1366 4736 1426 4784 12
1465 4728 1669 4798 ἔσβεκα
1699 4750 1737 4798 p
1773 4732 1985 4799 εσβηκα
2013 4734 2059 4782 Ρ
2194 4737 2257 4784 13
2282 4733 2553 4796 λελυσμαι
2579 4734 2627 4782 P
2763 4735 2824 4783 14
2848 4747 2963 4781 cum
2990 4733 3165 4782 breuis

582 4817 619 4855 v
656 4817 686 4853 ο
721 4816 820 4851 non
856 4802 1032 4866 recipit
1055 4802 1105 4851 P
1242 4804 1302 4853 18
1327 4802 1587 4867 πεπληκα
1613 4802 1663 4850 Ρ
1796 4805 1858 4851 21
1895 4801 2188 4853 πεπλευκα
2214 4804 2264 4852 Ρ
2395 4804 2463 4854 24
2486 4811 2573 4852 aut
2596 4802 2641 4851 si
2665 4802 2717 4851 P
2847 4803 2911 4853 31
2939 4800 3092 4851 habet
3117 4802 3168 4852 P

718 4871 780 4928 37
810 4880 1033 4942 tempore
1061 4872 1106 4926 P
1240 4873 1304 4950 39
1341 4871 1622 4922 Draconem
1659 4871 1876 4922 Zeunius
