3541 5564
565 310 647 374 86
1624 311 1625 314 ’
1700 309 2006 371 POMl’Ell

564 506 714 585 post
743 497 913 561 hunc
945 497 1280 582 adscripta
1309 505 1462 561 sunt
1493 495 1851 580 significari
1883 492 2083 560 volui.
2145 495 2212 557 in
2259 495 2485 559 eodem
2532 495 2754 559 codice
2798 499 2852 560 si
2888 501 3145 584 quando

564 609 751 666 vetus
810 598 1135 686 scriptura
1188 621 1317 663 non
1371 597 1763 684 adparebat,
1824 596 1930 662 vel
1987 598 2246 687 punctis
2304 597 2533 683 positis
2588 595 2842 662 litteras
2902 599 3149 667 deletos

562 701 850 767 indicavi
881 699 987 766 vel
1020 723 1098 765 ea
1125 722 1289 787 quae
1319 699 1475 765 olim
1515 701 1761 786 scripta
1792 722 1935 763 esse
1965 698 2366 764 videbantur
2396 721 2541 763 cum
2574 701 2762 784 signo
2793 702 3149 788 interroga-

566 804 760 870 tionis
808 802 1096 870 exhibui.
1157 802 1467 866 maiorem
1498 824 1723 866 curam
1756 802 1897 865 iure
1928 800 2349 888 postulabant
2404 824 2480 865 ea
2525 824 2694 887 quae
2736 826 2820 867 ex
2865 805 3150 892 antiquis

564 905 994 993 scriptoribus
1039 906 1242 970 citata
1296 901 1404 969 vel
1448 926 1532 968 ex
1574 905 1866 989 priorum
1920 903 2492 988 grammaticorum
2550 902 2851 969 doctrina
2892 907 3153 992 prolata

564 1017 738 1072 sunt.
812 1008 879 1072 in
924 1005 1025 1069 his
1074 1006 1296 1090 igitur,
1346 1016 1411 1070 et
1457 1005 1670 1091 siquid
1713 1011 2053 1091 praeterea
2094 1005 2261 1069 hanc
2308 1004 2712 1090 diligentiam
2758 1008 3150 1094 requirebat,

569 1111 797 1175 curavi
840 1118 913 1174 ut
954 1106 1113 1171 nihil
1159 1108 1332 1194 quod
1375 1107 1443 1171 in
1487 1105 1674 1172 libris
1718 1130 1915 1171 manu
1961 1107 2221 1194 scriptis
2269 1119 2443 1173 esset
2488 1108 2915 1175 omitteretur.

732 1212 1005 1275 Praeter
1060 1209 1177 1274 hos
1235 1209 1436 1275 libros
1492 1209 1703 1275 tribus
1759 1232 2111 1288 usus-sum
2157 1209 2337 1291 aliis,
2386 1211 2455 1272 in
2499 1211 2735 1294 quibus
2782 1212 3154 1298 fragmenta

565 1313 669 1380 vel
717 1323 1028 1398 excerpta
1070 1312 1365 1398 Pompeii
1411 1313 1655 1397 scripta
1700 1322 1870 1376 sunt.
1943 1334 2094 1376 nam
2140 1311 2207 1375 in
2253 1313 2465 1399 prima
2507 1311 2661 1376 libri
2707 1326 2893 1399 parte
2938 1317 3155 1383 adsuit

567 1417 777 1481 codex
819 1414 1226 1480 Lavantinus
1273 1414 1419 1499 (L),
1474 1413 1555 1477 de
1602 1436 1727 1500 quo
1776 1413 2021 1478 dictum
2068 1424 2168 1479 est
2212 1412 2342 1478 vol.
2389 1413 2485 1477 IV
2532 1416 2738 1499 praef.
2787 1439 2850 1502 p.
2899 1417 3153 1483 XLIX.

566 1520 635 1582 in
679 1518 803 1583 hoc
846 1539 1001 1603 pars
1057 1515 1209 1580 libri
1262 1516 1414 1580 inde
1470 1515 1555 1580 ab
1612 1516 1799 1580 initio
1846 1538 2053 1601 usque
2099 1516 2184 1579 ad
2229 1538 2374 1580 eam
2417 1525 2669 1602 partem
2714 1541 2882 1604 quae
2928 1530 3027 1585 est
3073 1521 3155 1586 de

566 1620 768 1685 verbo
816 1619 1064 1704 scripta
1107 1628 1209 1682 cst
1254 1626 1488 1682 octavo
1532 1616 1827 1699 saeculo,
1875 1617 1922 1680 f.
1961 1621 2018 1695 1,
2044 1623 2252 1681 Partes
2294 1624 2579 1682 orationis
2623 1624 2876 1685 donatus
2918 1627 3154 1701 quidem

572 1761 640 1771 —-
694 1720 740 1785 f.
789 1720 874 1785 20
929 1726 1172 1800 deponit
1224 1731 1417 1784 autem
1474 1724 1627 1783 illud
1677 1723 1839 1797 quod
1889 1726 1948 1782 in
2005 1725 2117 1783 dus
2169 1727 2312 1784 exit.
2404 1721 2518 1784 sed
2574 1721 2732 1785 haec
2790 1725 3011 1788 omnia
3063 1725 3156 1789 ita

568 1832 822 1887 mutata
877 1833 941 1888 et
994 1823 1063 1885 in
1121 1831 1448 1909 postrema
1502 1821 1786 1886 maxime
1842 1822 2152 1907 partein
2197 1823 2628 1908 conpendium
2674 1822 2940 1889 redacta
2982 1839 3153 1908 sunt,

566 1936 641 1990 ut
685 1917 816 1990 non
861 1936 995 1990 tam
1038 1946 1155 2012 pro
1200 1924 1455 2008 integro
1502 1923 1798 2009 exemplo
1844 1922 1996 1988 libri
2027 1924 2404 2011 Pompeiani
2436 1947 2631 2010 quam
2675 1947 2794 2011 pro
2825 1931 3153 2015 excerptis

566 2025 871 2092 habenda
915 2027 1065 2091 sint.
1128 2025 1336 2092 codex
1381 2037 1599 2090 autem
1643 2048 1769 2111 quo
1817 2027 1872 2089 is
1919 2028 2028 2111 qui
2072 2026 2234 2091 haec
2279 2036 2591 2112 excerpta
2621 2030 2965 2115 conposuit
2996 2054 3153 2095 usus

568 2139 670 2194 est
710 2139 782 2193 ut
825 2128 910 2192 ad
942 2127 1539 2194 VVolfcnbuttelani
1569 2126 1813 2191 codicis
1860 2127 2254 2214 scripturam
2298 2129 2594 2215 proxime
2640 2130 3013 2213 accedebat,
3060 2133 3157 2197 ita

569 2242 632 2296 et
675 2232 799 2297 hoc
843 2241 907 2295 et
972 2229 1240 2317 reliquis
1296 2229 1597 2294 omnibus
1642 2229 1895 2315 plenior
1939 2240 2097 2294 erat.
2186 2253 2341 2295 nam
2383 2253 2512 2294 non
2558 2230 2764 2296 solum
2807 2234 2874 2296 in
2918 2234 3156 2318 princi-

573 2334 680 2421 pio
728 2331 1177 2419 praefationis,
1224 2353 1389 2418 quae
1435 2353 1518 2395 ex
1560 2330 1682 2394 hoc
1727 2332 1951 2396 codice
1997 2332 2175 2396 edita
2218 2343 2319 2397 est
2363 2332 2531 2399 anal.
2565 2334 3152 2418 gramm.-Vindob.

568 2459 633 2522 p.
665 2435 811 2516 510,
856 2432 1250 2520 reliquorum
1279 2432 1594 2498 librorum
1626 2433 1956 2498 defectum
1987 2435 2431 2522 reparavit*)„
2471 2435 2587 2500 sed
2628 2436 2823 2500 etiam
2854 2436 2921 2498 in
2952 2438 3159 2516 prima

569 2546 755 2625 parte
811 2534 995 2616 libri,
1054 2558 1219 2622 quae
1273 2537 1643 2600 accuratius
1703 2557 1897 2622 quam
1943 2534 2192 2622 reliqua
2237 2537 2483 2623 scripta
2526 2546 2627 2601 est
2640 2585 2658 2619 ,
2705 2537 3160 2625 supplementa

570 2638 892 2726 quaedam
924 2635 1563 2723 scripturaelacunis
1596 2649 1940 2725 corruptae
1971 2639 2293 2724 praebuit.
2354 2640 2420 2701 in
2452 2648 2742 2703 extrema
2784 2637 2938 2705 libri
2969 2650 3157 2725 parte

573 2742 653 2806 de
683 2740 863 2806 vitiis
909 2750 976 2805 et
1005 2740 1361 2805 virtutibus
1409 2740 1724 2807 orationis
1768 2761 1884 2827 pro
1917 2739 2140 2806 codice'
2169 2740 2778 2808 VVolfenbuttelano
2824 2764 2978 2807 usus
3011 2764 3157 2807 sum

570 2843 976 2907 Berolincnsi
1022 2842 1179 2907 olim
1224 2842 1619 2908 Santeniano
1667 2853 1730 2907 et
1776 2843 2069 2907 Parisino
2115 2842 2302 2925 7530,
2351 2843 2432 2907 de
2477 2844 2712 2929 quibus
2761 2844 3009 2909 dictum
3057 2854 3157 2908 est

570 2945 701 3008 vol.
746 2945 843 3009 IV
887 2944 1095 3030 praef.
1144 2967 1208 3031 p.
1254 2944 1536 3009 XXXII
1580 2954 1644 3009 et
1689 2944 1873 3009 XLI.
1921 2945 1989 3007 in
2033 2944 2431 3009 Santeniano
2477 2945 2702 3011 codice
2749 2946 2851 3033 (S)
2898 2957 3157 3033 praeter

573 3046 705 3110 alia
748 3047 1076 3133 quaedam
1116 3069 1201 3111 ex
1245 3047 1572 3134 prioribus
1618 3046 1770 3111 libri
1816 3047 2115 3133 partibus
2163 3057 2471 3135 excerpta
2514 3047 2675 3112 haec
2717 3071 2870 3135 pars
2917 3047 3157 3132 legitur

574 3173 636 3235 p.
678 3150 793 3212 171
843 3154 916 3212 de
959 3154 1332 3213 barbarismo
1374 3158 1546 3214 iuxta
1579 3157 1939 3230 pompeium.
1987 3152 2419 3214 Barbarismus
2461 3162 2548 3214 est
2592 3189 2666 3198 -
2701 3174 2764 3238 p.
2797 3150 2922 3215 216
2966 3172 3004 3213 α
3049 3172 3156 3214 re·

572 3258 677 3315 bus
717 3255 969 3331 paribus
1020 3257 1289 3330 explicit.
1377 3253 1515 3316 eius
1574 3254 1965 3338 scripturam
2020 3250 2226 3317 debeo
2271 3252 2704 3317 Lindemanni
2749 3252 3028 3317 ‘editioni
3074 3276 3158 3317 ex

574 3353 697 3419 hoc
743 3352 967 3416 codice
1012 3376 1384 3439 expressae.
1446 3353 1561 3418 sed
1593 3353 1902 3441 quoniam
1932 3362 2117 3417 erant
2159 3354 2240 3417 de
2285 3355 2520 3439 quibus
2567 3355 2956 3438 dubitarem,
3002 3378 3157 3418 num

575 3465 749 3520 recto
793 3476 833 3517 a
877 3454 1323 3519 Lindemanno
1369 3454 1579 3521 relata
1624 3466 1857 3526 essent,
1905 3477 2050 3519 cum
2095 3478 2332 3542 operae
2376 3460 2654 3543 pretium
2702 3477 2831 3520 non
2875 3479 3019 3521 esse
3062 3457 3157 3520 iu-

576 3558 862 3622 dicarem
908 3556 1199 3621 codicem
1243 3557 1479 3623 iterum
1525 3558 1844 3639 conferre,
1892 3558 2216 3642 integram
2261 3561 2619 3645 scripturae
2650 3558 3158 3644 discrepantiam

577 3659 869 3724 indicare
914 3657 1094 3723 nolui
1107 3708 1126 3741 ‚
1175 3658 1290 3723 sed
1334 3660 1401 3723 in
1445 3661 1566 3724 hac
1611 3671 1798 3747 parte
1846 3660 2438 3745 Sangermanenses
2495 3660 2696 3726 libros
2751 3660 3158 3748 potissimum

576 3899 828 3947 mannus,
867 3900 990 3934 cum
1027 3900 1149 3934 raro
1186 3885 1417 3951 reliquis
1455 3886 1614 3936 libris
1652 3885 1976 3951 firmaretur,
2016 3888 2244 3936 correxi.
2321 3888 2674 3937 accusativus
2722 3902 2885 3936 casus
2933 3902 3027 3951 pro
3065 3887 3157 3935 ab·

575 3971 748 4021 lativo
787 3985 907 4018 cum
943 3970 1127 4020 verbis
1155 3971 1306 4035 sunm·
1338 3971 1427 4021 vel
1464 3974 1539 4021 uti
1572 3973 1628 4020 in
1665 3988 1773 4021 uno
1811 3976 1866 4020 et
1904 3970 2077 4020 altero
2116 3971 2304 4022 codice
2342 3973 2565 4036 saepius
2601 3973 2928 4025 coniunctus
2966 3973 3161 4036 paucis

576 4055 713 4104 locis
761 4071 881 4103 eam
927 4053 1087 4104 fidem
1135 4056 1353 4119 habuit,
1391 4061 1453 4106 ut
1490 4056 1843 4128 recipiendus
1881 4045 2003 4105 esse
2041 4056 2344 4116 videretur,
2385 4062 2445 4105 ut
2481 4073 2530 4121 p.
2568 4057 2633 4105 88
2675 4057 2957 4121 summantur
2990 4058 3160 4109 vicem.

577 4140 674 4189 sed
710 4156 776 4190 ne
815 4141 871 4189 in
909 4139 1011 4190 hoc
1050 4142 1266 4206 quidem
1304 4156 1507 4207 genere
1546 4156 1680 4206 opus
1719 4157 1841 4191 csse
1879 4141 2140 4203 iudicavi,
2168 4141 2296 4206 quid
2325 4144 2517 4206 quovis
2554 4141 2675 4191 loco
2713 4141 2925 4191 librarii
2959 4158 3157 4206 pecca·

574 4227 758 4275 verint
792 4224 1058 4279 indicare.

746 4308 798 4374 *)
838 4312 919 4359 Ex
956 4312 1303 4376 praefatione
1340 4313 1615 4377 Pompeii,
1664 4313 1720 4360 in
1759 4327 1868 4375 qua
1905 4313 2062 4376 plura
2101 4326 2264 4375 quam
2303 4314 2358 4361 in
2397 4312 2624 4376 reliquis
2661 4312 2911 4376 partibus
2947 4311 3162 4363 librarii

578 4400 955 4459 mutaverunt,
1002 4397 1183 4462 petita
1220 4412 1339 4447 esse
1379 4397 1635 4447 videntur
1672 4400 1839 4448 etiam
1875 4397 2040 4458 haec,
2082 4412 2222 4461 quae
2263 4414 2330 4447 ex
2369 4397 2560 4448 eodem
2595 4397 2908 4447 Lavantino
2946 4397 3161 4459 codice,

578 4481 676 4531 sed
722 4496 789 4530 ex
834 4481 948 4531 alio
995 4483 1386 4531 commentario
1440 4483 1496 4531 in
1534 4484 1809 4532 Donatum
1854 4482 2001 4532 edita
2050 4489 2174 4533 sunt
2221 4483 2369 4533 anal.
2416 4498 2639 4546 gramm.
2677 4481 2912 4555 Vindob.
2951 4499 3006 4547 p.
3044 4484 3162 4545 514,

576 4568 672 4616 secl
716 4568 767 4615 in
811 4566 1007 4616 artibus
1048 4566 1321 4616 minoribus·
1364 4570 1512 4631 quasi
1553 4570 1739 4617 docere
1784 4571 1954 4618 volens
1999 4570 2283 4633 interroyat
2321 4568 2576 4628 Ποηαειιε,
2625 4574 2764 4618 (eteius
2809 4570 3162 4617 auctoritatem

579 4652 804 4702 ostendit
838 4653 1108 4716 Pompeius
1143 4653 1390 4701 dicendo:
1439 4653 1576 4701 ‘alii'
1614 4655 1777 4718 inquit
1813 4656 2156 4717 ‘scripsemnc
2191 4660 2376 4713 artem,
2413 4638 2517 4701 'sed
2550 4655 2662 4702 illos
2699 4670 2799 4704 non
2832 4649 2980 4716 putes
3013 4655 3162 4701 intet-

580 4739 773 4801 leyere,
822 4737 921 4786 nisi
961 4753 993 4785 a
1030 4737 1232 4786 Donato
1278 4741 1583 4802 sumpserint
1625 4740 1953 4803 principium,
2000 4744 2052 4787 ut
2089 4745 2165 4788 est
2205 4736 2402 4787 Probus
2444 4746 2494 4787 et
2533 4737 2727 4787 Caesar
2761 4745 2813 4787 et
2848 4740 2961 4800 alii,
3000 4740 3097 4787 sed
3129 4755 3163 4787 a

582 4822 783 4872 Donato
820 4829 1139 4887 sumpserunt
1170 4823 1516 4889 principium'.
