3541 5564
458 355 586 420 294
1597 358 1901 421 POMPEI!

511 480 552 520 p.
580 469 756 508 440—42
785 466 830 505 l..

627 547 1012 608 pleonasmos
1057 545 1442 625 perissologia
1491 547 1850 625 macrologia
1896 556 1955 608 et
2000 546 2336 625 tautologia,
2383 563 2570 625 paene
2617 563 2732 605 una
2774 546 2927 605 ratio
2961 552 3048 604 est

458 653 519 712 in
566 650 872 711 omnibus:
941 650 1314 730 pleonasmos
1371 649 1760 730 perissologia
1816 649 2171 728 macrologia
2228 658 2286 709 et
2345 647 2689 726 tautologia,
2748 648 2848 709 isti
2894 649 3049 726 tropi

462 753 535 814 de
580 772 643 813 se
686 752 968 832 pendent.
1030 751 1405 832 pleonasmos
1449 760 1538 814 est
1582 754 1641 813 in
1689 753 1889 821 verbo,
1935 751 2321 832 perissologia
2353 754 2413 812 in
2448 770 2657 821 sensu,
2692 749 3049 827 macrologia

461 859 521 918 in
570 866 837 935 utroque.
929 854 1305 935 pleonasmos
1350 862 1453 924 est,
1502 855 1738 933 quando
1788 855 1932 916 dicis
1988 855 2211 917 eoculis
2268 854 2454 923 vidi';
2520 849 2903 933 superlssuum
2963 862 3052 913 est

460 961 679 1031 oculis:
723 957 1065 1021 abundabat
1109 958 1267 1018 enim
1315 957 1456 1017 vidi:
1506 957 1677 1018 aliter
1711 959 1870 1018 enim
1903 958 2102 1019 videre
2134 975 2252 1017 non
2295 964 2548 1036 poterat.
2610 955 3048 1035 ‘vocemque
3075 968 3100 1005 ⁵

463 1062 576 1122 his
620 1060 932 1122 auribus
977 1059 1253 1120 hausi’:
1315 1057 1487 1120 aliter
1535 1061 1695 1120 enim
1741 1080 1862 1122 non
1907 1061 2121 1139 potuit.
2210 1059 2322 1120 hoc
2383 1060 2583 1120 vitium
2630 1058 2844 1118 dicitur
2886 1056 3050 1138 pleo-

466 1183 722 1226 nasmos.
811 1160 1198 1243 perissologia
1244 1160 1461 1222 dicitur
1501 1163 1565 1221 in
1609 1181 1824 1233 sensu,
1872 1171 2014 1241 puta

766 1265 934 1326 ibant
979 1283 1094 1344 qua
1138 1271 1430 1344 poterant,
1481 1282 1598 1343 qua
1643 1283 1764 1324 non
1809 1270 2088 1343 poterant
2132 1283 2249 1325 non
2295 1263 2486 1325 ibant:

466 1370 577 1430 hoc
623 1368 1003 1428 manifestum
1048 1373 1165 1426 est:
1215 1385 1352 1426 nam
1398 1367 1448 1426 si
1491 1365 1588 1428 illa
1632 1373 1821 1446 parte,
1870 1385 1983 1446 qua
2032 1386 2147 1426 non
2194 1374 2489 1446 poterant,
2539 1384 2656 1425 non
2702 1365 2884 1434 ibant,
2939 1365 3051 1426 uti-

466 1490 582 1549 que
628 1470 810 1531 altera
855 1488 993 1549 pars
1037 1477 1221 1530 vacat.
1282 1468 1532 1529 ‘occidit
1575 1466 1742 1528 illum
1789 1486 1967 1547 quem
2007 1471 2215 1549 potuit,
2263 1488 2383 1529 non
2429 1467 2644 1530 occidit
2678 1467 2842 1529 illum
2875 1486 3050 1547 quem
3083 1491 3130 1530 ιο

469 1594 588 1635 non
633 1574 890 1653 potuit’:
938 1571 1051 1632 hoc
1097 1570 1276 1631 habet
1320 1572 1609 1631 rationem
1657 1589 1824 1631 suam
1867 1591 1976 1651 per
2024 1591 2198 1632 unam
2244 1579 2504 1652 partem,
2553 1590 2660 1651 per
2704 1569 2875 1631 aliam
2908 1568 3053 1630 stul-

468 1686 591 1738 tum
630 1682 738 1736 est.
797 1673 986 1735 habes
1018 1676 1195 1734 etiam
1227 1675 1287 1734 in
1321 1672 1607 1734 Cicerone
1652 1673 1805 1733 eres
1850 1680 2009 1736 erat
2055 1672 2542 1754 praetoribus
2588 1671 2771 1734 solis
2814 1674 3052 1740 nota’;

468 1777 563 1838 illa
609 1796 748 1857 pars
792 1776 1092 1857 superflua
1138 1782 1242 1845 est,
1288 1775 1821 1854 ‘ignorabatur
1865 1795 1897 1835 a
1943 1779 2277 1838 ceteris'.
2352 1774 2709 1853 macrologia
2755 1783 2862 1844 est,
2910 1792 3056 1852 quo-

470 1883 623 1941 tiens
681 1887 741 1940 et
800 1878 975 1940 verba
1034 1878 1410 1958 superfluunt
1465 1886 1524 1938 et
1591 1897 1833 1948 sensuS,
1904 1878 2175 1957 ‘legati
2232 1898 2372 1939 non
2437 1880 2814 1957 inpetrata
2878 1894 3056 1956 pace

469 1991 704 2051 retr0,
762 1981 956 2042 unde
1012 1987 1407 2050 venerant,
1469 1979 1749 2040 domum
1810 1982 2142 2058 regressi
2196 1984 2424 2041 sunt'.
2515 1978 2853 2041 abundabat
2897 1980 3133 2041 enim15

470 2085 668 2145 dicere
712 2083 929 2163 ‘legati
974 2101 1093 2144 nou
1138 2085 1431 2163 inpetrata
1476 2100 1622 2161 pace
1666 2084 1929 2159 regressi
1974 2087 2165 2143 sunt'.
2234 2083 2374 2162 quid
2423 2102 2574 2162 opus
2620 2084 2813 2143 suerat
2857 2082 3057 2142 dicere

471 2188 758 2264 ‘regressi
790 2187 949 2247 unde
981 2187 1324 2246 venerant'?
1366 2205 1482 2265 quo
1513 2186 1772 2265 regressi
1802 2186 1976 2245 sunt?
2008 2184 2268 2247 domum.
2319 2185 2477 2246 unde
2509 2186 2828 2246 venerant?
2859 2183 3055 2245 domo.

470 2287 809 2350 abundabat
852 2286 1055 2350 dicere
1100 2289 1356 2366 regressi
1403 2296 1558 2349 sunt.
1617 2289 1680 2347 in
1713 2305 1784 2348 eo
1817 2287 1973 2365 quod
2005 2287 2236 2349 dixerat
2266 2289 2527 2367 regressi
2556 2297 2693 2348 sunt
2721 2289 2835 2348 iam
2869 2293 3056 2348 totum

470 2391 611 2452 illud
638 2389 972 2452 tenebatur.
1020 2392 1131 2450 ista
1165 2389 1522 2469 macrologia
1556 2390 1793 2451 dicitur.
1840 2389 2158 2469 tautologia
2191 2398 2283 2452 est
2313 2390 2575 2451 eiusdem
2609 2389 2773 2450 verbi
2802 2389 3054 2450 iteratio,

472 2494 822 2574 plerumque
853 2501 1110 2572 propter.
1131 2491 1422 2554 clausulas
1453 2493 1678 2553 faciunt
1706 2492 1821 2553 hoc
1850 2492 2202 2564 scholastici,
2240 2490 2246 2572 Ξ
2274 2502 2415 2572 puta
2450 2494 2585 2571 ‘ego
2622 2492 2871 2572 perfeci'
2905 2489 3056 2552 mala
3085 2514 3137 2552 20

473 2594 736 2657 clausula
784 2601 899 2664 est;
946 2594 1032 2655 illi
1076 2594 1301 2656 addunt
1347 2603 1406 2656 et
1450 2594 1654 2656 dicunt
1683 2594 1944 2673 ‘egomet
1986 2596 2113 2674 ipse
2157 2597 2423 2676 perfeci'.
2488 2595 2627 2673 quid
2674 2613 2826 2674 opus
2868 2594 3062 2654 suerat

474 2706 538 2760 ut
582 2697 834 2759 adderes
878 2695 1053 2768 illud,
1123 2706 1187 2758 ut
1242 2699 1418 2758 etiam
1477 2705 1731 2757 metrum
1778 2697 2038 2758 faceret?
2111 2700 2222 2759 ista
2280 2698 2559 2759 dicuntur
2605 2703 2855 2777 propter
2900 2695 3059 2758 clau-

473 2801 685 2863 sulam.
759 2809 1024 2863 ceterum
1070 2795 1354 2878 quantum
1400 2800 1472 2862 ad
1518 2802 1811 2862 rationem
1856 2803 2133 2881 pertinet,
2182 2801 2326 2862 nihil
2371 2801 2734 2879 significant:
2784 2817 2927 2877 ergo
2959 2798 3060 2860 ad-

472 2906 646 2966 iectio
693 2911 785 2965 est
828 2923 901 2964 ex
944 2903 1248 2980 superfluo
1292 2905 1501 2983 posita.

643 3006 895 3085 Eclipsis
941 3013 1031 3067 est
1075 3006 1339 3067 defectus
1384 3005 1652 3084 quidam,
1713 3013 1853 3084 puta
1910 3007 1963 3066 si
2007 3005 2169 3067 dicas
2223 3005 2405 3068 ‘haec
2449 3011 2718 3068 secum’:
2778 3003 3059 3067 subaudi·
3086 3027 3139 3066 25

476 3127 609 3170 mus
655 3111 812 3169 enim
858 3107 1098 3186 aliquid,
1145 3107 1518 3188 loquebatur,
1566 3107 1878 3186 cogitabat,
1927 3108 2232 3170 tractabat.

642 3210 955 3290 Tapinosis
1011 3220 1099 3271 est
1166 3211 1254 3272 rei
1312 3228 1563 3288 magnae
1619 3209 1862 3271 humilis
1921 3213 2243 3291 expositio,
2316 3214 2366 3273 si
2423 3213 2584 3273 dicas
2652 3211 3059 3272 ‘iactabantur

476 3314 697 3374 classes
753 3314 1005 3373 maxime
1061 3331 1171 3393 per
1215 3314 1565 3391 gurgitem'.
1655 3312 1769 3374 hoc
1826 3333 1945 3373 non
2005 3323 2096 3374 est
2149 3332 2384 3376 verum:
2461 3317 2757 3394 gurgitem
2813 3314 3063 3375 dicimus

475 3418 537 3476 in
581 3415 760 3477 fluvio
804 3413 1001 3476 locum
1048 3415 1233 3476 altum
1278 3413 1564 3494 aliquem:
1615 3416 1902 3495 tapinosis
1948 3424 2056 3477 est.
2145 3424 2248 3477 aut
2292 3426 2455 3478 certe
2496 3497 2502 3503 ἑ

1794 3520 2251 3597 penitusque
2296 3537 2659 3581 cavernas
3090 3541 3141 3580 30

778 3621 1124 3698 ingentes
1167 3628 1611 3700 uterumque
1657 3629 1938 3682 armato
1983 3621 2228 3683 milite
2273 3621 2660 3700 conplent:

478 3731 703 3785 armato
749 3721 964 3791 milite,
1010 3721 1071 3783 id
1118 3731 1209 3783 est
1263 3722 1446 3785 multa
1489 3722 1752 3801 legione,
1800 3723 2175 3804 inpleverunt
2220 3743 2522 3813 cavernas,
2584 3745 2678 3785 res
2711 3726 2824 3785 ista
2856 3742 3065 3802 magna

479 3825 717 3906 quidem
763 3833 868 3894 est,
918 3823 1021 3886 scd
1067 3822 1371 3886 humiliter
1418 3844 1718 3904 expressa.
1809 3826 1984 3905 plane
2042 3842 2217 3903 quem
2281 3827 2352 3887 ad
2415 3827 2659 3889 modum
2705 3826 2961 3886 diximus
3005 3827 3065 3887 in

481 3927 757 4007 Vergilio,
806 3929 892 3987 sic
938 3926 1213 4007 ponenda
1259 3935 1399 3988 sunt
1442 3927 1582 3996 ista,
1634 3937 1699 3989 ut
1742 3930 2034 4009 accipiant
2079 3930 2337 4009 epitheta
2384 3932 2634 3999 maiora,
2693 3937 2758 3989 ut
2813 3930 2898 3990 sic
2944 3927 3066 3989 ele-

617 4151 651 4200 4
688 4149 850 4199 oeulis
888 4150 1016 4198 meis
1055 4149 1161 4198 uidi
1194 4150 1236 4200 C
1328 4150 1359 4199 5
1391 4149 1551 4199 oculis
1585 4163 1675 4200 om.
1718 4149 1871 4201 BOS
1916 4183 1917 4188 ,
1975 4151 2198 4200 abundat
2228 4151 2279 4201 B
2387 4149 2680 4215 vocemque]
2735 4152 2895 4217 Ver-9.
2932 4151 3063 4204 Aen.

480 4223 567 4272 1111
602 4219 705 4271 359
813 4220 847 4270 6
878 4220 1026 4269 aliter
1056 4221 1187 4268 enim
1224 4233 1322 4268 non
1360 4221 1522 4286 potuit
1551 4220 1592 4269 S
1620 4221 1766 4270 aliter
1804 4221 1936 4270 enim
1976 4230 2171 4286 poterat
2204 4222 2246 4272 C
2274 4222 2420 4271 aliter
2452 4223 2585 4271 enim
2621 4221 2824 4286 (audire
2856 4223 2981 4274 add.
3007 4220 3065 4284 b)

482 4291 645 4358 potuit
681 4290 732 4339 B
770 4290 1012 4353 numquid
1042 4290 1185 4339 aliter
1212 4291 1373 4355 potnit
1405 4292 1448 4339 Ρ
1550 4291 1583 4340 8
1618 4289 1779 4358 ibant]
1822 4292 1889 4354 cf.
1927 4291 2124 4343 Charis.
2153 4309 2210 4357 p.
2245 4294 2365 4355 271,
2394 4293 2461 4342 10
2568 4291 2632 4342 12
2668 4307 2749 4341 res
2787 4303 2894 4342 erat
2923 4307 3069 4358 prae-

479 4362 677 4412 toribus
714 4360 838 4410 solis
875 4368 996 4409 nota
1026 4360 1190 4408 fuerat
1227 4359 1304 4411 P:
1343 4360 1445 4410 cic.
1481 4363 1532 4412 in
1562 4362 1712 4415 Catil.
1745 4363 1816 4412 111
1844 4363 1896 4425 2,
1920 4362 1954 4413 6
2076 4363 2142 4412 14
2179 4372 2232 4412 ut
2265 4363 2420 4428 legati
2445 4362 2509 4411 G:
2540 4363 2609 4425 cf.
2632 4362 2828 4413 Charis
2856 4379 2914 4427 p.
2944 4363 3065 4423 271,

481 4431 565 4484 13.
595 4429 744 4496 δον-9.
788 4433 997 4494 explan.
1039 4432 1091 4479 in
1127 4431 1255 4479 Don.
1285 4448 1343 4496 p.
1376 4429 1477 4482 564
1604 4432 1667 4483 15
1705 4442 1838 4482 retro
1873 4458 1937 4466 —
1976 4432 2181 4481 domum
2218 4448 2309 4486 om.
2353 4433 2416 4490 0,
2451 4432 2575 4482 add.
2611 4448 2639 4480 c
2740 4443 2985 4483 uenerant
3024 4438 3073 4486 P

480 4509 730 4553 uenerunt
766 4499 904 4550 BSc
1048 4501 1238 4550 reuersi
1276 4511 1393 4550 sunt
1428 4500 1480 4548 B
1617 4502 1909 4551 abundabat
1943 4529 2007 4537 -—-
2036 4519 2161 4568 pace
2184 4502 2421 4568 ‘regressi
2455 4510 2573 4551 sunt
2604 4518 2696 4557 om.
2729 4504 2771 4554 C
2908 4503 3066 4570 enim]

482 4572 576 4620 hoe
617 4569 739 4632 BS,
778 4586 870 4622 om.
913 4573 963 4620 P
1137 4571 1197 4620 17
1239 4581 1487 4621 uenerunt
1527 4573 1704 4634 priore
1745 4577 1853 4623 loco
1881 4570 1923 4620 S
2095 4570 2269 4639 domo]
2322 4572 2529 4621 domum
2566 4573 2715 4623 BOS
2886 4576 2955 4624 24
2992 4585 3068 4625 est

481 4642 569 4691 sed
610 4657 675 4691 ex
709 4642 968 4706 superfluo
999 4642 1039 4690 C
1052 4641 1100 4689 P
1235 4643 1301 4690 27
1342 4642 1595 4691 iactabant
1624 4642 1815 4694 classes
1848 4643 2127 4692 maximam
2165 4660 2255 4709 per
2290 4643 2549 4708 gurgitem
2586 4645 2637 4694 P
2738 4641 2808 4693 30
2841 4647 3068 4709 penitus-

481 4708 600 4777 que]
652 4713 808 4777 Very.
845 4712 975 4761 Aen.
1015 4711 1151 4762 1119
1256 4710 1318 4761 31
1363 4721 1690 4775 utrorumque
1730 4713 1773 4763 G
1874 4713 2111 4779 conplent
2145 4713 2197 4762 id
2226 4720 2305 4761 est
2342 4712 2548 4761 multam
2587 4713 2841 4780 legionem
2875 4724 3068 4765 armato

483 4782 638 4832 milite
687 4782 922 4846 conplent
962 4796 1204 4830 cauernae
1241 4783 1291 4830 P
1337 4782 1587 4846 complent
1639 4783 1690 4830 id
1739 4790 1816 4831 est
1854 4783 2009 4832 multa
2049 4784 2247 4848 legione
2285 4790 2477 4831 armato
2514 4785 2671 4832 milite
2714 4784 2970 4851 complent
3016 4785 3068 4834 id

484 4863 560 4902 est
606 4851 759 4900 multa
798 4852 1002 4918 legione
1036 4859 1227 4901 armato
1264 4851 1591 4912 (armatorum
1623 4851 1697 4916 B)
1737 4852 1895 4901 milite
1928 4853 2265 4919 impleueruut
2304 4866 2551 4902 cauernae
2586 4854 2691 4904 BC
