3541 5564
603 347 728 413 488
1700 351 2067 413 EVTYCHIS

655 471 697 511 p.
727 460 800 497 198
827 456 869 497 1.
2889 472 2931 513 p.
2960 462 3062 502 2189
3082 460 3126 503 P.

605 540 720 597 rito
763 538 1060 616 perfecto,
1117 538 1272 617 quod
1331 544 1421 597 est
1480 535 1714 616 [sedeo]
1763 538 1891 597 sedi
1938 538 2223 617 producta
2269 540 2656 618 paenultima,
2705 558 2917 600 nomen
2964 541 3179 601 fecisse

603 639 749 699 baec
803 639 975 699 sedes
1033 639 1238 699 eadem
1297 639 1460 699 verbi
1506 639 1875 717 longitudine
1922 643 2099 701 etiam
2144 643 2207 701 in
2254 643 2493 701 nomine
2539 649 2788 701 servata.
2878 650 2942 702 ut
2987 641 3061 702 ab
3107 661 3178 703 eo

603 741 757 821 quod
814 749 903 801 est
957 760 1168 820 rumpo
1224 744 1356 821 rupi
1416 760 1624 820 rupeS,
1683 749 1885 801 sterno
1942 744 2123 802 stravi
2181 749 2439 820 strages,
2500 744 2586 802 sic
2644 761 2676 802 a
2722 746 2958 804 nomine
3005 744 3177 805 sedes

603 843 931 904 derivatum
987 843 1231 904 verbum
1288 843 1585 921 generalis
1642 842 1846 920 regula
1916 845 2222 903 nominum
2275 846 2406 904 iure
2477 846 2701 923 primae
2769 848 3174 924 coniugationi

602 946 836 1007 dedisse
893 944 1212 1005 verborum
1268 945 1533 1015 videtur,
1593 944 1734 1004 sedo
1791 944 1981 1005 sedas.
2070 964 2101 1005 a
2163 947 2401 1007 nomine
2456 966 2691 1026 quoque
2744 947 2961 1027 plurali
3017 948 3230 1026 quode»

603 1055 691 1107 est
748 1048 858 1108 bae
915 1047 1121 1107 sordes
1180 1047 1392 1107 sordeo
1449 1047 1657 1107 sordes
1712 1046 2006 1108 secundae
2063 1048 2497 1124 coniugationis
2542 1047 2790 1108 verbum
2836 1048 3171 1119 deductum,

600 1168 733 1209 cum
779 1151 1018 1210 fecisset
1075 1168 1144 1209 ex
1202 1169 1265 1208 se
1313 1167 1526 1209 nomen
1574 1147 1790 1208 mobile
1836 1149 2141 1218 sordidus,
2202 1148 2276 1209 ab
2322 1168 2393 1209 eo
2436 1149 2680 1210 verbum
2728 1150 3002 1212 derivans
3046 1170 3173 1212 sor-

600 1250 737 1312 dido
784 1250 1054 1312 sordidas
1109 1255 1322 1311 merito
1367 1254 1596 1331 primae
1658 1250 1823 1310 dedit
1866 1250 2008 1311 illud
2057 1249 2372 1310 verborum
2418 1252 2841 1329 coniugationi.
2931 1253 3002 1313 de
3047 1273 3171 1315 mo-

599 1352 900 1433 nosyllabo
956 1361 1153 1414 autem
1211 1353 1419 1422 verbo,
1477 1352 1631 1433 quod
1689 1360 1779 1412 est
1833 1354 2061 1431 primae
2122 1360 2359 1431 praeter
2404 1353 2670 1431 regulam
2715 1356 3168 1433 coniugationiS,

599 1456 672 1515 do
729 1456 833 1516 das
889 1455 1016 1525 dat,
1086 1463 1147 1515 et
1200 1453 1730 1534 compositionibus
1795 1456 1926 1515 eius
1990 1454 2427 1515 rationabiliter
2494 1473 2610 1516 non
2669 1456 3172 1535 respondentibus
3198 1482 3253 1522 ιο

601 1559 904 1637 primitivo
950 1559 1011 1618 in
1059 1576 1236 1636 supra
1284 1557 1461 1618 dictis
1506 1556 1738 1617 abunde
1785 1574 1923 1615 reor
1968 1575 2096 1616 esse
2142 1564 2554 1618 monstratum.

772 1658 1010 1739 [Omnia
1056 1659 1407 1738 deponentia
1453 1658 1542 1718 vel
1588 1659 1921 1718 communia
1975 1667 2335 1719 consonante
2393 1659 2782 1721 antecedente
2828 1679 2896 1720 or
2938 1663 3170 1741 primae

595 1770 736 1823 sunt
791 1762 1258 1838 coniugationiS,
1317 1770 1382 1822 ut
1436 1744 1708 1841 suspicor
1766 1760 2023 1839 praedor
2079 1761 2326 1839 indagor
2369 1761 2535 1839 palor
2580 1764 2766 1823 rimor
2811 1766 3022 1843 opinor
3066 1782 3168 1825 au-

596 1883 783 1946 cupor
837 1882 1025 1944 aquor
1082 1882 1282 1923 moror
1337 1864 1618 1924 adversor
1672 1870 1906 1922 scrutor
1960 1865 2238 1923 convivor
2294 1863 2623 1942 amplexor,
2694 1867 2957 1945 exceptis
3010 1865 3171 1927 vl111

596 1968 808 2027 tertiae
854 1967 1315 2043 coniugationiS,
1374 1965 1543 2026 labor
1597 1966 1812 2043 fungor
1866 1983 2085 2045 sequor
2138 1965 2333 2045 liquor
2388 1965 2596 2045 loquor
2655 1986 2875 2046 queror
2933 1975 3251 2031 evertor15

593 2075 727 2128 utor
780 2070 967 2137 nitor,
1029 2075 1090 2127 et
1146 2067 1263 2127 illis
1319 2068 1582 2146 exceptis
1643 2085 1794 2147 quae
1853 2074 1986 2127 ante
2042 2085 2145 2126 cor
2204 2086 2268 2128 as
2323 2067 2411 2128 vel
2458 2086 2521 2127 es
2568 2068 2654 2129 vel
2710 2071 2763 2129 is
2807 2069 3053 2139 babent,
3102 2079 3168 2131 ut

597 2173 820 2231 irascor
875 2189 1087 2230 nascor
1143 2188 1348 2230 vescor
1403 2171 1671 2250 paciscor
1731 2170 2074 2238 nanciscor,
2133 2176 2191 2228 et
2234 2170 2523 2249 quidquid
2568 2170 2761 2231 simile
2806 2174 3163 2241 inveniatur,

593 2292 743 2352 quae
789 2276 919 2334 iure
968 2274 1179 2332 tertiae
1224 2280 1391 2340 sunt,
1438 2272 1577 2350 quia
1623 2270 1767 2330 haec
1813 2272 2031 2339 forma,
2082 2270 2140 2330 id
2186 2279 2278 2331 est
2323 2274 2383 2331 in
2428 2291 2528 2332 sco
2573 2273 2878 2345 desinenS,
2925 2277 3166 2335 tertiam

595 2376 1070 2452 coniugationem
1115 2372 1376 2433 vindicat
1419 2370 1587 2452 sibi.]

1689 2661 2053 2724 CAPITVLA
3186 2669 3242 2709 20

802 2784 825 2845 1
885 2785 969 2845 De
1015 2781 1534 2861 coniugationibus
1566 2782 1931 2844 Graecorum
1961 2790 2020 2842 et
2050 2782 2443 2844 dissimilibus
2487 2802 2554 2844 ac
2600 2782 2894 2845 similibus
2939 2786 3164 2864 regulis

900 2904 1108 2947 eorum
1152 2904 1219 2946 ac
1262 2885 1606 2946 Latinorum
1651 2893 1710 2945 et
1756 2887 2095 2963 cognitione
2142 2887 2626 2963 coniugationum
2672 2905 2743 2946 ex
2787 2888 2979 2966 prima
3023 2907 3162 2968 per-

895 3008 1039 3048 sona
1084 2995 1144 3047 et
1186 2987 1472 3049 anomalis
1518 2988 1717 3049 verbis
1753 2985 1901 3056 447,
1953 2984 2027 3048 17

775 3089 828 3150 11
886 3090 969 3150 De
1027 3098 1305 3170 quattuor
1360 3091 1567 3150 formis
1622 3088 1939 3149 verborum
2004 3097 2063 3148 et
2118 3088 2190 3149 de
2248 3089 2445 3151 verbis
2500 3108 2651 3170 quae
2697 3109 2729 3151 e
2785 3091 2873 3151 vel
2919 3111 2958 3151 u
3003 3093 3093 3153 vel
3140 3095 3161 3153 i

898 3192 987 3252 vel
1032 3200 1454 3252 consonantem
1501 3198 1635 3251 ante
1681 3209 1715 3251 o
1760 3191 1851 3251 vel
1896 3210 1965 3251 or
2008 3189 2229 3251 habent
2270 3188 2417 3263 448,
2461 3189 2547 3253 24
3185 3215 3239 3256 25

753 3294 832 3355 111
893 3295 976 3355 De
1032 3293 1414 3373 generalibus
1473 3292 1996 3354 terminationibus
2040 3296 2344 3354 nominum
2388 3293 2847 3356 derivativorum
2892 3315 2923 3356 a
2967 3298 3160 3376 prima

892 3415 1145 3476 persona
1190 3397 1526 3475 praesentis
1570 3399 1857 3475 temporis
1902 3395 2217 3456 verborum
2260 3393 2405 3468 451,
2450 3393 2530 3457 31

722 3500 827 3559 llll
891 3499 973 3560 De
1017 3498 1377 3579 specialibus
1416 3497 1940 3560 terminationibus
1981 3497 2054 3557 ab
2087 3499 2291 3558 eadem
2322 3500 2553 3576 origine
2586 3498 2870 3560 derivatis
2897 3496 3044 3569 454,
3080 3498 3160 3562 13

786 3602 829 3661 V
889 3602 971 3662 De
1029 3601 1410 3679 generalibus
1467 3599 1989 3661 terminationibus
2041 3620 2073 3661 a
2130 3603 2456 3680 praeterito
2510 3603 2779 3681 perfecto
2822 3602 2912 3662 vel
2962 3604 3161 3662 verius

888 3704 963 3765 ab
1009 3705 1300 3764 infinitivo
1344 3704 1545 3763 futuro
1587 3699 1733 3774 455,
1785 3699 1862 3763 13
3183 3722 3237 3762 so

757 3807 828 3867 vl
886 3806 970 3866 De
1017 3804 1216 3865 verbis
1260 3804 1542 3866 derivatis
1584 3825 1616 3866 a
1662 3803 2001 3865 nominibus
2041 3801 2186 3874 456,
2231 3802 2315 3867 35

730 3909 828 3968 Vll
889 3908 972 3968 De
1020 3907 1359 3968 nominibus
1402 3909 1619 3968 iterum
1665 3907 1946 3968 derivatis
1992 3926 2023 3966 a
2071 3906 2269 3967 verbis
2309 3904 2453 3977 459,
2505 3904 2582 3968 16

695 4011 822 4072 vm
888 4010 970 4070 De
1017 4008 1217 4070 verbis
1260 4028 1497 4070 rursum
1544 4010 1829 4069 derivatis
1873 4029 1905 4069 a
1950 4008 2290 4070 nominibus
2331 4005 2475 4078 460,
2520 4005 2603 4069 26

669 4113 823 4173 Vllll
884 4111 967 4171 De
991 4111 1192 4172 verbis
1217 4112 1502 4173 derivatis
1524 4111 1598 4172 ab
1625 4110 1926 4171 adverbiis
1947 4130 2051 4171 seu
2075 4131 2105 4171 a
2132 4111 2333 4172 verbis
2355 4114 2477 4173 sive
2504 4131 2536 4172 a
2561 4108 3057 4183 nominibus461,
3078 4109 3153 4175 18

768 4215 821 4275 X
879 4213 1307 4294 Recapitulatio
1343 4210 1488 4285 462,
1539 4212 1613 4275 17

719 4424 753 4472 4
790 4420 1017 4486 generali
1053 4421 1167 4470 BP
1303 4420 1673 4485 coniugationis
1707 4418 1914 4469 dedisse
1950 4419 2218 4469 uerborum
2257 4418 2455 4469 uidetur
2484 4419 2532 4467 P
2565 4419 2910 4485 coniugationi
2949 4419 3154 4470 dedisse

581 4492 852 4542 uerborum
891 4490 941 4540 B
985 4491 1333 4555 coniugationi
1369 4507 1426 4541 se
1467 4490 1605 4540 dedit
1647 4489 1915 4538 uerborum
1945 4490 1981 4552 Γ
2112 4490 2145 4539 5
2181 4489 2305 4540 sedo
2346 4489 2496 4538 sedas
2528 4503 2618 4538 om.
2653 4488 2704 4538 B
2841 4489 2875 4540 6
2910 4489 3151 4555 coniuga-

580 4562 735 4612 tionis
767 4577 906 4612 corr.
942 4563 1020 4610 -ni
1052 4562 1103 4610 P
1167 4561 1236 4612 9
1271 4571 1455 4623 autem,
1489 4575 1748 4624 super-scr.
1782 4559 1916 4608 enim
1947 4560 1997 4610 B
2031 4560 2165 4608 enim
2199 4559 2247 4607 P
2345 4569 2553 4624 propter
2585 4574 2721 4611 corr.
2752 4562 2824 4614 al.
2852 4577 2911 4608 m.
2952 4569 3154 4625 praeter

581 4634 632 4682 P
769 4633 829 4682 11
865 4605 1214 4684 monstratum.
1263 4632 1359 4681 deo
1395 4632 1587 4696 gratias
1624 4630 1834 4695 explicit
1867 4628 2081 4679 feliciter
2115 4645 2199 4678 ars
2242 4630 2426 4693 eutycii
2462 4629 2515 4678 B
2547 4638 2879 4679 monstratum
2918 4645 3151 4680 nrmcrr

582 4717 673 4752 Ans
721 4717 917 4752 ενι-ποια
967 4715 1281 4752 unanimum
1320 4702 1368 4762 f.
1419 4717 1482 4751 ea
1523 4715 1654 4765 quae
1699 4706 1974 4764 sequuntur
2020 4701 2068 4748 in
2105 4699 2215 4750 BP
2248 4701 2311 4748 de
2356 4699 2711 4763 deponentibus
2743 4708 2792 4749 et
2825 4699 3152 4751 comunibus

581 4772 745 4822 verbis
772 4788 842 4820 ex
867 4774 1041 4836 priore
1069 4772 1197 4822 libro
1221 4786 1274 4831 p.
1299 4771 1419 4832 465,
1447 4770 1514 4820 35
1537 4786 1647 4834 sqq.
1670 4773 1889 4833 repetita
1910 4778 2024 4820 sune
2136 4771 2156 4819 1
2167 4773 2196 4819 :3
2228 4773 2459 4834 suspicor
2476 4768 2845 4837 -amplexor]
2876 4771 3030 4820 miror
3056 4770 3151 4820 ad-

584 4856 758 4892 uersor
791 4857 958 4891 moror
991 4857 1155 4907 uagm
1189 4840 1238 4889 B
1355 4840 1516 4905 pallor
1556 4840 1600 4887 P
1735 4840 1803 4889 20
1836 4842 2059 4902 capitula
2095 4856 2164 4890 ex
2204 4840 2374 4891 codice
2412 4841 2650 4889 Parisino
2687 4840 2824 4891 7499
2862 4840 2997 4892 edica
3032 4847 3152 4893 sm
