3541 5564
659 295 780 360 130
1790 299 2097 362 POMPEI!

705 419 744 459 p.
773 406 924 445 74-76
951 405 995 445 ι..

652 484 843 555 videS,
892 490 1110 563 quanta
1156 484 1441 546 brevitate
1489 494 1729 547 utantur
1762 486 1969 548 Latini.
2033 488 2246 548 Graeci
2291 505 2430 546 vero
2475 488 2655 548 chaos
2701 487 3003 556 fecerunt,
3051 495 3228 548 totum

654 587 1080 657 confuderunt,
1127 595 1220 657 ut,
1267 589 1530 667 quamvis
1574 587 1735 648 mille
1779 587 1941 667 legas
1986 596 2299 657 tractatus,
2347 607 2468 650 non
2505 597 2561 649 te
2590 589 2921 651 convenias.
2983 589 3232 650 diximus

651 690 887 768 regulas
932 698 1311 759 accentuum,
1372 698 1431 751 et
1476 690 1734 751 breviter
1780 692 1979 770 accipe
2035 694 2248 752 iterum
2293 692 2451 771 ipsas
2496 691 2750 770 regulas.
2837 690 3229 769 monosyllaba

651 811 788 872 pars
845 793 1162 861 orationiS,
1221 794 1270 852 si
1325 793 1508 853 suerit
1565 792 1913 854 naturaliter
1969 793 2172 872 longa,
2232 793 2682 855 circumflexum
2739 793 2950 865 habet,
3011 800 3075 854 ut
3130 793 3232 852 dos

650 899 812 973 spes:
869 896 920 954 si
975 894 1155 955 l'uerit
1212 895 1558 955 naturaliter
1624 896 1846 963 brevis,
1905 903 2139 956 acutum
2196 894 2403 965 habet,
2464 897 2639 955 etiam
2695 898 2743 955 si
2809 897 3100 976 positione
3162 898 3278 955 sits

651 998 843 1075 longa.
935 1015 1071 1057 nam
1136 996 1390 1056 diximus
1447 998 1508 1056 in
1564 996 1909 1058 accentibus
1970 999 2326 1077 positionem
2396 997 2539 1058 nihil
2606 996 2820 1058 valere.
2909 1016 3052 1076 ergo
3117 1000 3232 1058 sive

651 1085 848 1159 brevis
903 1098 1248 1159 naturaliter
1307 1100 1515 1168 suerit,
1575 1106 1640 1159 ut
1685 1100 1770 1168 et,
1831 1101 1951 1159 sive
1997 1101 2289 1178 positione
2333 1099 2509 1178 longa
2560 1107 2677 1170 est,
2724 1107 2788 1159 ut
2832 1108 2921 1160 est
2965 1101 3090 1161 arx.
3176 1102 3232 1160 in

648 1200 953 1282 disyllabis
1008 1220 1128 1262 uno
1185 1200 1361 1260 modo
1416 1203 1713 1261 invenitur
1770 1200 2188 1263 circumflexus
2233 1211 2542 1270 accentus,
2590 1203 2638 1261 si
2684 1203 2849 1281 prior
2894 1201 3234 1262 naturaliter

648 1302 824 1381 longa
883 1304 1063 1364 suerit
1118 1311 1177 1362 et
1235 1302 1438 1363 ultima
1496 1302 1842 1364 naturaliter
1899 1302 2122 1378 brevis,
2194 1312 2259 1364 ut
2315 1310 2404 1364 est
2460 1307 2633 1363 meta.
2724 1303 2865 1382 quid
2922 1305 2971 1363 si
3029 1302 3231 1364 ambae

649 1404 859 1483 longae
918 1406 1177 1465 suerint?
1251 1413 1458 1466 acutus
1513 1406 1642 1465 erit.
1735 1405 1873 1483 quid
1933 1407 1982 1465 si
2040 1404 2248 1466 ambae
2310 1405 2552 1465 breves?
2617 1413 2821 1466 acutus
2876 1407 3007 1466 erit.
3095 1413 3295 1485 putam

648 1506 858 1567 ambae
889 1506 1098 1586 longae
1128 1515 1286 1574 sunt,
1335 1515 1400 1567 ut
1446 1506 1634 1585 leges;
1683 1509 1978 1588 positione
2010 1506 2250 1585 longae,
2301 1515 2364 1568 ut
2406 1508 2716 1587 princeps:
2764 1505 2973 1567 ambae
3003 1506 3227 1569 breves

648 1618 713 1670 ut
759 1610 897 1688 ego;
946 1611 1109 1688 prior
1154 1607 1326 1687 longa
1374 1611 1695 1689 positione,
1745 1617 1811 1671 ut
1856 1611 2047 1676 arma:
2094 1618 2392 1690 postrema
2440 1611 2610 1687 longa
2657 1611 2980 1690 positione,
3025 1618 3089 1668 ut
3134 1608 3229 1689 pa-

648 1731 816 1772 rens:
897 1729 1126 1791 quaqua
1183 1713 1413 1772 ratione
1471 1719 1674 1772 acutus
1720 1712 1849 1772 erit.
1941 1714 2000 1771 in
2048 1711 2364 1791 trisyllabis
2410 1712 2555 1772 baec
2599 1715 2748 1773 ratio
2794 1720 2911 1781 est,
2957 1719 3023 1771 ut
3065 1713 3228 1771 tertia

648 1833 678 1872 a
738 1816 853 1874 fine
910 1833 1027 1874 non
1085 1813 1299 1874 habeat
1357 1821 1699 1885 accentum,
1759 1815 1872 1874 nisi
1929 1813 2165 1893 quando
2219 1805 2577 1893 paenultima
2634 1812 2983 1874 naturaliter
3039 1813 3228 1873 brevis

646 1916 852 1985 suerit,
910 1915 1226 1984 Romulus,
1285 1917 1568 1995 optimus:
1645 1916 1780 1977 ideo
1839 1914 2018 1978 habet
2070 1923 2379 1976 accentum
2437 1933 2544 1994 op,
2602 1917 2879 1995 quoniam
2937 1916 2980 1974 ti
3035 1915 3227 1976 brevis
3251 1927 3290 1966 ¹⁵

648 2025 753 2078 est.
819 2016 1044 2078 sublata
1089 2027 1282 2079 autem
1330 2020 1437 2078 ista
1485 2020 1654 2079 tertia
1702 2016 2033 2097 relmanent
2073 2018 2223 2079 duae
2269 2016 2556 2096 syllabae,
2605 2034 2784 2094 quae,
2834 2036 2969 2079 cum
3014 2019 3228 2079 suerint

646 2120 825 2190 duae,
874 2120 1161 2181 rationem
1209 2119 1513 2182 habebunt
1556 2119 2006 2200 disyllaborum.

816 2239 988 2300 Modo
1032 2238 1254 2317 aliquid
1302 2238 1497 2310 adicit.
1590 2238 1800 2316 quodsi
1855 2241 2008 2300 forte
2054 2238 2203 2300 duae
2249 2246 2448 2318 partes
2495 2226 2778 2300 oratio’nis
2822 2248 2988 2309 sunt,
3048 2258 3223 2300 unum

646 2350 954 2403 accentum
1001 2339 1330 2410 habebunt,
1389 2343 1440 2401 si
1484 2343 1542 2400 in
1590 2360 1766 2402 unam
1812 2341 2174 2420 redigantur.
2265 2349 2329 2402 ut
2372 2349 2511 2422 puta
2558 2340 2711 2401 male
2756 2360 2868 2402 una
2916 2360 3053 2422 pars
3097 2361 3223 2402 ora-

645 2446 826 2505 tionis
860 2453 973 2513 est,
1020 2462 1200 2504 sanus
1232 2462 1348 2504 una
1379 2461 1516 2523 pars
1560 2444 1845 2503 orationis
1891 2452 2006 2511 est;
2053 2427 2154 2504 sed
2190 2446 2466 2521 quoniam
2509 2445 2654 2504 istae
2686 2462 2802 2503 non
2848 2462 2958 2524 pro
3005 2441 3288 2505 duabusm

645 2555 810 2616 sunt,
859 2545 961 2606 sed
1008 2565 1117 2625 pro
1163 2564 1307 2614 una,
1368 2546 1683 2624 incipimus
1740 2545 1942 2605 dicere
1986 2545 2348 2620 malesanuS,
2410 2545 2740 2623 colligimus
2786 2553 3124 2623 utramque,
3172 2553 3227 2606 et

644 2652 758 2710 iam
809 2667 989 2710 unum
1037 2655 1343 2709 accentum
1402 2645 1726 2731 habebunt.
1817 2649 2351 2727 quotienscumque
2398 2648 2550 2708 duae
2595 2658 2796 2727 partes
2842 2651 3126 2709 orationis
3169 2650 3224 2708 in

643 2768 819 2813 unam
867 2737 1253 2827 colliguntur,
1313 2751 1427 2810 iam
1475 2749 1752 2827 quoniam
1799 2767 1908 2827 pro
1953 2769 2068 2812 una
2115 2758 2279 2819 suut,
2328 2768 2507 2811 unum
2555 2756 2862 2811 accentum
2909 2749 3224 2821 habebunt,

644 2863 822 2934 prout
864 2853 1046 2914 suerit
1089 2850 1310 2932 syllaba
1358 2851 1475 2911 illa.
1567 2852 1616 2911 si
1661 2850 1820 2912 dicas
1867 2854 2127 2913 ‘interea
2175 2852 2346 2922 loci',
2394 2855 2620 2914 interea
2668 2871 2783 2914 una
2831 2870 2969 2932 pars
3015 2855 3225 2914 oratio·

644 2959 736 3017 nis
783 2964 897 3023 est,
958 2954 1085 3014 loci*
1130 2973 1245 3015 una
1300 2972 1438 3033 pars
1494 2955 1780 3014 orationis
1837 2962 1940 3014 est.
2016 2955 2253 3030 quando
2297 2956 2413 3015 iam
2460 2957 2542 3015 sic
2587 2962 2896 3034 utramque
2942 2955 3121 3025 dicis,
3164 2963 3288 3015 uta

642 3077 752 3139 pro
798 3076 911 3118 una
957 3058 1106 3124 sint,
1155 3054 1363 3116 ambae
1408 3065 1604 3135 partes
1650 3073 1831 3117 unum
1878 3053 2187 3142 habebunt
2226 3064 2552 3117 accentum.
2646 3076 2789 3136 ergo
2835 3056 2986 3117 duae
3029 3066 3221 3136 partes

643 3158 929 3251 orationis
975 3157 1208 3238 quando
1255 3175 1431 3218 unam
1476 3158 1728 3227 faciunt,
1779 3176 2024 3218 necesse
2071 3168 2160 3220 est
2205 3165 2271 3221 ut
2313 3178 2493 3219 unum
2542 3167 2850 3220 accentum
2897 3158 3172 3220 habeant.

811 3279 1073 3340 Diximus
1128 3275 1361 3355 regulas
1414 3284 1785 3337 accentuum.
1876 3276 2052 3337 modo
2112 3277 2439 3347 videamus,
2499 3296 2650 3359 quae
2706 3285 2841 3339 sunt
2912 3297 3010 3339 res
3076 3296 3221 3358 quae

642 3390 1032 3460 corrumpunt
1074 3377 1331 3458 regulas,
1405 3388 1525 3440 tres
1568 3386 1705 3439 suut
1750 3386 2002 3450 tantum,
2055 3379 2382 3449 distinctio,
2432 3380 2741 3451 discretio,
2789 3380 3218 3460 pronuntiatio;

640 3485 752 3545 hae
795 3490 918 3543 tres
965 3500 1060 3543 res
1106 3489 1493 3562 corrumpunt
1537 3482 1789 3559 regulas.
1851 3483 2131 3561 quoniam
2178 3480 2460 3551 diximus,
2510 3484 2849 3543 ‘distinctio
2897 3484 3285 3563 corrumpitoe

639 3586 928 3665 regulas',
985 3584 1282 3646 videamus
1327 3603 1442 3663 quo
1488 3583 1685 3646 modo.
1773 3585 1821 3643 si
1868 3582 2020 3644 male
2067 3582 2425 3663 distinguas,
2475 3594 2669 3664 potest
2714 3602 2916 3645 errare
2970 3604 3123 3665 puer
3166 3593 3220 3644 et

640 3688 840 3748 dicere
895 3689 1160 3748 ‘interea
1216 3686 1363 3747 loci'
1422 3694 1479 3747 et
1533 3687 1728 3746 facere
1787 3684 1927 3745 inde
1985 3684 2130 3745 duas
2186 3695 2383 3765 partes
2438 3686 2765 3767 oratiolniS,
2826 3703 2956 3747 cum
3007 3686 3218 3750 debeas

640 3790 847 3852 subter
901 3792 1096 3851 facere
1152 3788 1406 3870 hyphen.
1497 3788 1640 3868 quid
1703 3789 1780 3847 sit
1845 3796 2041 3847 autem
2098 3786 2366 3869 hyphen,
2437 3789 2702 3850 dicemus
2766 3797 2989 3869 postea.
3083 3806 3218 3866 ergo

638 3892 821 3954 debes
876 3892 1113 3972 hyphen
1167 3892 1448 3953 deorsum
1505 3890 1702 3950 facere
1761 3897 1819 3950 et
1864 3897 2176 3951 conectere
2222 3901 2556 3972 utramque.
2614 3893 2662 3952 si
2709 3890 2868 3952 dicas
2916 3891 3219 3952 ‘viridi-

637 4014 776 4075 que
823 3996 893 4055 in
941 3994 1164 4055 litore
1210 3994 1685 4086 conspicitur
1730 3994 1916 4065 sus',
1976 3999 2170 4072 potest
2215 3993 2289 4055 de
2332 3996 2462 4055 istis
2508 3993 2735 4056 duabus
2782 3994 2957 4055 unam
3005 3995 3285 4055 facere&

775 4253 807 4302 2
845 4268 942 4302 non
980 4261 1143 4303 tecum
1179 4250 1452 4303 convenias
1488 4249 1695 4299 coniecit
1722 4248 2095 4308 Lindemannus
2236 4248 2267 4296 7
2304 4250 2556 4314 positione
2595 4249 2748 4314 longa
2785 4260 2860 4298 est
2897 4251 2948 4299 in
2980 4252 3132 4300 litum
3166 4264 3214 4302 α.

629 4324 859 4385 sortasse
896 4325 1007 4372 sive
1050 4322 1302 4387 positione
1341 4321 1524 4384 longa,
1560 4326 1613 4368 ut
1644 4333 1765 4375 arx,
1807 4326 2008 4366 acutum
2042 4316 2194 4367 habet
2339 4321 2404 4370 10
2443 4327 2621 4367 acutus
2658 4321 2754 4369 erit
2784 4323 3077 4382 posteriore
3111 4322 3215 4371 Ioco

635 4410 726 4446 om.
757 4395 852 4444 AC
884 4402 1120 4443 accentus
1152 4394 1245 4441 erit
1274 4391 1325 4441 B
1433 4390 1491 4439 11
1532 4389 1787 4454 positione
1826 4387 1977 4453 longa
2014 4388 2161 4439 ABG
2267 4390 2332 4439 12
2358 4399 2415 4440 ut
2450 4404 2546 4454 ego
2573 4397 2715 4453 pater
2740 4388 2881 4454 prior
2903 4389 3057 4456 longa
3083 4390 3214 4455 posi·

636 4466 773 4515 tiene
811 4479 951 4513 arma
988 4463 1052 4514 a*
1088 4470 1144 4513 ut
1179 4477 1277 4528 ego
1316 4461 1456 4526 prior
1491 4458 1642 4524 longa
1677 4457 1929 4522 positione
1959 4467 2102 4524 pater
2139 4474 2279 4508 arma
2316 4460 2421 4509 AC
2528 4460 2593 4510 18
2625 4459 2756 4507 duae
2780 4469 2954 4523 partes
2977 4460 3214 4509 orationis

639 4543 757 4583 sunt
793 4549 947 4585 unum
986 4541 1246 4583 accentum
1278 4531 1388 4582 AB
1418 4530 1550 4579 duae
1587 4536 1757 4595 partes
1793 4528 2035 4578 orationis
2074 4538 2193 4581 sunt
2229 4530 2352 4578 dicit
2391 4529 2543 4577 etiam
2580 4530 2623 4577 si
2663 4528 2851 4578 fuerint
2881 4529 3014 4579 dnae
3053 4539 3215 4595 partes

637 4606 877 4654 orationis
915 4619 1072 4653 unum
1109 4611 1366 4652 accentum
1417 4600 1498 4651 Ca
1642 4597 1706 4649 19
1749 4598 1793 4648 si
1844 4601 1895 4646 in
1938 4612 2094 4648 unum
2137 4599 2239 4648 BC
2278 4608 2327 4648 ee
2369 4601 2419 4647 in
2456 4601 2613 4648 litura
2648 4616 2681 4647 a
2823 4598 2892 4648 20
2927 4601 3026 4649 ista
3056 4598 3218 4647 ABG

777 4676 838 4724 21
879 4674 1185 4724 coll...mus
1224 4675 1271 4722 A
1311 4670 1584 4721 collitimus
1632 4686 1665 4718 a
1807 4667 1874 4719 23
1916 4668 2225 4736 colliguntur
2260 4670 2310 4719 B
2342 4668 2644 4735 colligentur
2682 4669 2764 4720 Ca
2804 4669 3125 4735 colluguntur
3169 4667 3214 4716 A

774 4759 866 4809 pro
907 4759 1005 4793 uno
1044 4744 1214 4793 ABG
1348 4744 1414 4791 27
1452 4754 1608 4788 unum
1643 4739 1832 4788 faciunt
1871 4738 2035 4789 ABG
2173 4740 2240 4790 28
2277 4739 2428 4788 modo
2464 4755 2557 4793 om.
2597 4740 2665 4798 Α,
2704 4741 2825 4792 add.
2858 4754 2892 4786 a
3035 4739 3103 4790 30
3138 4752 3214 4788 res

638 4829 727 4863 om.
758 4814 919 4862 ABG
1036 4813 1103 4863 :33
1140 4828 1263 4879 crgo
1300 4812 1450 4862 debet
1490 4810 1590 4860 AG
1625 4825 1747 4875 ergo
1782 4808 2026 4858 debemus
2071 4811 2117 4859 B
2223 4809 2288 4859 34
2330 4808 2599 4875 viridique]
2642 4811 2798 4874 Very.
2829 4809 2959 4862 Aen.
3002 4809 3115 4859 Vm
3150 4806 3214 4857 83
