3541 5564
480 335 606 401 526
1504 332 2038 415 [PALAEMOMS]

483 523 695 589 Vatic.
748 522 904 585 1491
959 527 1023 596 Q.
1059 524 1381 586 Rhemnius
1409 526 1756 585 Palaemon.
1824 523 2036 584 Omnia
2080 527 2325 586 nomina
2375 559 2446 568 —
2489 528 2828 602 plenissime
2871 527 3057 586 dicta.

487 663 558 673 —-
621 629 902 689 Aemilius
944 628 1161 704 Asper.
1235 628 1353 687 Ars
1395 634 1484 688 est
1530 660 1602 671 —
1650 627 1803 687 babo
1858 643 2001 687 uua.
2075 622 2217 687 cod.
2268 623 2482 687 Vatic.
2537 624 2699 688 1492
2753 629 3065 689 quenalis

485 729 635 811 (sat.
684 729 741 806 7,
791 725 937 790 215.
982 725 1042 806 6,
1085 724 1242 809 452)
1287 730 1363 788 de
1405 731 1724 789 Polemone
1767 731 1961 804 inquit
2005 730 2315 806 ‘doctique
2358 732 2697 791 Palemonis
2741 734 2956 791 artes’.
3005 738 3065 790 et

487 835 572 895 M.
598 835 825 894 Fabius
856 832 1264 904 Quintilianus
1302 834 1368 891 ‘in
1397 833 1554 892 libro
1583 833 2016 892 institutionum
2047 834 2198 892 artis
2228 835 2537 893 oratoriae
2568 828 2749 912 (inst.
2782 828 2816 893 Ι
2846 829 2885 892 4
2903 877 2920 910 ,
2952 829 3062 911 20)

485 1056 527 1107 f.
566 1056 590 1102 1
631 1054 792 1119 Capri
822 1054 1137 1119 yrammatici
1170 1035 1274 1102 ars.
1348 1051 1454 1113 Quo
1498 1052 1637 1101 ducit
1671 1077 1735 1085 —
1773 1052 1846 1100 ad
1886 1052 2254 1103 similitudinem
2295 1055 2553 1103 stellarum
2586 1050 2613 1126 fl
2662 1054 2697 1103 f.
2735 1057 2767 1104 3
2804 1056 3063 1118 Apretius.

485 1140 698 1190 Domino
734 1165 795 1175 —-
834 1140 1018 1189 diuinis
1061 1133 1079 1202 ΙΙ
1124 1138 1164 1189 f.
1201 1141 1233 1188 5
1280 1136 1335 1197 Q.
1371 1136 1623 1186 rhemnius
1669 1139 1956 1201 palaemon.
2022 1136 2195 1186 Omnia
2238 1163 2306 1172 —
2349 1139 2635 1201 plenissime
2678 1141 2831 1192 dicta.
2869 1136 2887 1205 '1
2923 1140 2962 1189 f.
3005 1142 3065 1190 12

485 1226 734 1275 Donatus.
790 1223 1152 1274 Barbarismus
1187 1229 1264 1273 est
1299 1239 1399 1271 una
1432 1237 1561 1286 pars
1596 1247 1661 1256 —
1698 1223 1836 1271 uenit
1873 1223 1944 1270 ad
1976 1221 2124 1271 urbes
2170 1219 2187 1285 ΙΙ
2233 1222 2272 1271 f.
2310 1224 2374 1272 15
2410 1220 2621 1272 Seruius
2668 1225 3063 1274 nicomediensis.

487 1309 663 1359 Oratio
700 1310 888 1359 dicitur
922 1312 1135 1360 elocutio
1171 1334 1238 1344 -
1274 1306 1341 1357 de
1382 1307 1770 1356 interiectione
1809 1308 2017 1357 contulit
2051 1323 2247 1356 semen.-
2284 1307 2355 1356 cf.
2397 1307 2550 1373 Serg.
2588 1308 2645 1356 in
2680 1308 2819 1358 Dou.
2860 1325 2912 1373 p.
2949 1310 3066 1370 487,

487 1398 553 1446 23
589 1390 608 1460 ΙΙ
643 1394 682 1448 f.
721 1396 787 1443 24
822 1395 1064 1444 Aemilius
1101 1409 1272 1458 asper.
1336 1393 1444 1442 Ars
1479 1397 1556 1442 est
1591 1419 1657 1426 -
1693 1408 1792 1441 uua
1824 1388 1842 1458 ΙΙ
1880 1392 1921 1442 f.
1958 1393 2023 1441 28
2068 1392 2335 1441 Ternutius
2369 1408 2536 1446 uerus.
2588 1393 2763 1442 Metra
2798 1401 2978 1444 uocata
3005 1420 3067 1428 -

486 1480 688 1529 cantica
719 1479 1042 1529 inserantur:
1086 1477 1279 1528 Isidor.
1318 1478 1346 1527 1
1382 1479 1471 1540 38,
1513 1478 1538 1525 1
1563 1503 1628 1510 —
1650 1476 1713 1525 16
1749 1475 1766 1542 Η
1804 1477 1840 1527 f.
1880 1479 1945 1528 28
1983 1476 2243 1542 Magrobii
2277 1480 2579 1542 opusculum.
2641 1478 2886 1528 Dubitare
2922 1483 3070 1528 nemi-

491 1582 598 1615 nem
632 1565 862 1614 arbitror
898 1566 1136 1615 tlzeodere
1164 1564 1242 1627 fili
1275 1590 1340 1597 —
1377 1563 1614 1627 epitritus
1649 1570 1890 1627 quartus:
1935 1560 2087 1610 Man.
2128 1560 2335 1611 Theod.
2380 1578 2431 1626 p.
2470 1563 2567 1612 525
2606 1577 2723 1626 sqq.
2770 1562 2856 1613 ed.
2893 1563 3070 1615 Gaisf.

491 1646 509 1716 ΙΙ
543 1650 581 1699 f.
618 1652 684 1700 30
718 1650 889 1700 Mallii
920 1649 1157 1700 theodori
1189 1663 1296 1698 ars.
1346 1647 1566 1697 Metrum
1602 1648 1901 1712 dactylicum
1935 1673 1999 1680 —
2035 1648 2381 1711 turpissimus:
2420 1648 2491 1700 ib.
2533 1663 2585 1711 p.
2612 1648 2711 1698 537
2737 1662 2854 1713 sqq.
2891 1647 2906 1712 Η
2943 1649 2980 1698 f.
3006 1653 3071 1698 32

492 1734 701 1800 Ser-,qius
734 1750 951 1784 maurus.
994 1734 1279 1784 Clarissimo
1315 1732 1482 1783 albino
1520 1757 1581 1765 --
1619 1733 1821 1781 intende
1857 1731 2105 1782 laborem:
2143 1731 2298 1783 Serv.
2334 1730 2399 1780 de
2437 1737 2580 1781 cent.
2620 1736 2774 1784 metr.
2815 1748 2864 1797 p.
2904 1736 3073 1784 456—

490 1821 611 1885 464,
652 1821 706 1868 11
747 1816 765 1884 ΙΙ
811 1819 850 1870 f.
892 1821 958 1869 34
1002 1818 1288 1884 Pompeius.
1337 1816 1697 1867 Barbarismus
1732 1824 1811 1868 est
1844 1843 1912 1852 —
1946 1817 2239 1881 appellatur
2274 1816 2656 1866 barbaroleais:
2692 1818 2941 1883 Pompeii
2980 1836 3071 1868 ex-

496 1908 684 1970 cerpta
720 1900 737 1969 ΙΙ
774 1903 813 1953 f.
852 1905 918 1953 35
955 1904 1237 1955 Metrorius
1276 1946 1287 1956 .
1319 1941 1329 1952 .
1368 1917 1563 1968 vanque
1599 1903 1662 1951 de
1698 1904 1893 1952 licteris
1930 1929 1992 1938 —
2030 1918 2096 1951 an
2130 1901 2380 1952 meliboei:
2427 1901 2557 1950 Mai.
2599 1901 2762 1952 class.
2803 1908 2950 1953 auct.
2989 1905 3072 1955 111

495 2007 547 2055 p.
583 1990 683 2039 504
719 2003 835 2054 sqq.
888 1985 905 2052 ΙΙ
959 1989 997 2038 f.
1045 1991 1109 2039 37
1154 1988 1415 2038 Maximus
1466 1989 1759 2038 uicturinus.
1827 1988 2102 2052 Liquentes
2144 2012 2213 2021 ——
2256 1987 2393 2036 ultra
2442 2003 2570 2036 una:
2622 1988 2769 2040 Max,
2819 1988 2965 2039 vict.
3021 2006 3074 2054 p.

497 2074 761 2125 1963-74
798 2070 814 2138 Η
852 2073 888 2122 f.
927 2075 993 2124 40
1028 2072 1238 2138 Seryius
1274 2075 1337 2122 de
1373 2073 1641 2122 elementis,
1694 2072 1877 2122 Litera
1912 2073 2050 2122 dicta
2085 2077 2160 2122 est
2184 2095 2250 2108 ·—
2274 2087 2402 2122 cano
2437 2072 2634 2122 troiae:
2673 2073 2827 2138 Serg.
2864 2073 2929 2123 de
2965 2073 3071 2123 litt.

498 2163 602 2209 etc.
641 2175 693 2224 p.
730 2159 1002 2209 475—485
1035 2154 1050 2222 ΙΙ
1087 2158 1128 2212 f.
1165 2159 1231 2208 43
1267 2158 1502 2209 Donatus
1536 2158 1717 2207 iunior.
1763 2157 1886 2208 Voa:
1920 2165 1997 2206 est
2033 2182 2098 2192 —
2133 2163 2402 2207 commata:
2437 2156 2578 2206 Don.
2618 2174 2669 2222 p.
2696 2158 2983 2221 367-372,
3009 2161 3077 2209 23

492 2242 510 2309 ll
547 2245 588 2295 f.
613 2243 681 2294 45
716 2243 945 2297 Albinus.
996 2244 1320 2307 Principales
1349 2249 1533 2308 partes
1568 2243 1816 2293 orationis
1849 2250 1965 2292 sunt
2001 2257 2174 2292 nomen
2200 2249 2249 2290 et
2273 2241 2477 2291 uerbum
2501 2268 2564 2277 —-
2590 2241 2655 2291 dc
2693 2243 3075 2293 interiectione

493 2329 706 2380 callidos
740 2329 961 2379 homines
997 2336 1047 2378 et
1078 2329 1262 2379 similia
1304 2324 1322 2394 ΙΙ
1366 2330 1403 2379 f.
1440 2330 1507 2378 49
1547 2327 1709 2379 Focas
1740 2330 2111 2393 yrammaticus.
2171 2329 2279 2377 Ars
2312 2342 2421 2376 mea
2455 2354 2522 2362 —
2556 2328 2634 2377 leis
2666 2329 2849 2378 similia
2883 2326 2900 2390 ΙΙ
2936 2328 2975 2377 f.
3011 2329 3079 2378 58

495 2418 676 2465 Artem
718 2429 842 2465 uero
886 2416 1154 2464 latinitatis
1188 2441 1253 2448 —
1297 2421 1704 2465 consecuturum:
1757 2412 2054 2463 Diomedes
2100 2430 2153 2478 p.
2192 2413 2476 2462 299-529
2510 2409 2529 2478 ΙΙ
2564 2413 2603 2462 f.
2646 2415 2741 2463 113
2778 2412 2837 2474 Q.
2875 2415 3083 2462 terentii

494 2501 669 2552 scauri
711 2501 776 2550 de
820 2499 1154 2565 ortograpnia
1198 2501 1270 2550 ad
1310 2498 1542 2550 theseum.
1603 2498 1875 2549 Scribendi
1907 2523 1969 2532 —
2007 2503 2059 2546 ut
2101 2499 2285 2564 squilla
2329 2513 2490 2564 neque
2524 2512 2679 2563 prae:
2719 2497 2843 2548 Ter.
2883 2498 3076 2551 Scaur.

496 2603 548 2651 p.
585 2585 886 2635 2249-54.

635 2685 767 2737 eod.
793 2686 918 2737 Vat.
950 2686 1080 2736 1492
1131 2675 1471 2736 Vetustissimi
1505 2687 1655 2751 capri
1684 2687 1999 2751 yrarnnaeatici
2021 2685 2147 2736 liber
2170 2687 2532 2750 elepantiarum
2566 2689 2648 2736 uel
2682 2687 3080 2751 ortboyrapleiae

499 2773 693 2838 incipit.
767 2770 874 2833 Quo
911 2771 1052 2821 ducit
1084 2799 1147 2808 —-
1171 2772 1430 2821 stellarum
1462 2768 1480 2835 ΙΙ
1515 2770 1709 2836 Incipit
1742 2771 1874 2822 liber
1909 2773 2127 2836 ayroetii
2160 2773 2223 2822 de
2258 2773 2603 2823 emendatione
2640 2773 2790 2837 capri
2822 2772 2976 2823 libelli
3010 2775 3084 2824 ad

497 2858 784 2924 pontificem
831 2856 1112 2906 eucherium
1150 2857 1444 2919 proemium
1514 2858 1729 2908 Domino
1767 2884 1828 2893 —
1868 2859 1931 2906 de
1964 2857 2199 2921 precibus
2234 2858 2435 2907 diuinis.
2507 2874 2648 2908 amen
2686 2858 2857 2917 τελως
2892 2861 3082 2909 codicis

500 2942 823 2993 uetustissimi
855 2942 1006 3005 capri
1037 2943 1351 3005 grammatici
1385 2943 1747 3006 elepantiarum
1783 2949 1834 2992 et
1868 2942 2231 3006 ortoqrapltiae
2276 2939 2294 3006 ΙΙ
2338 2943 2621 2993 Palemonis
2653 2945 2967 3008 yrammatici
2999 2960 3083 2993 ue-

502 3027 760 3078 tustissimi
794 3028 856 3076 de
889 3025 1123 3091 partibus
1159 3028 1408 3077 orationis
1441 3027 1585 3079 liber.
1659 3027 1833 3077 Omnia
1867 3052 1929 3061 —
1969 3028 2106 3076 dicta
2147 3022 2166 3091 ΙΙ
2214 3026 2405 3091 Incipit
2440 3043 2529 3078 ars
2564 3030 2743 3078 donati
2771 3031 3088 3093 qrammatici

501 3115 552 3163 in
587 3113 931 3177 compendium
964 3112 1179 3161 redacta
1211 3115 1363 3162 semel
1395 3120 1750 3178 postremoque
1786 3127 1964 3162 rursus
1999 3113 2215 3162 redacta
2247 3115 2297 3162 in
2322 3114 2713 3178 compendiatum
2737 3121 2789 3164 et
2817 3116 2984 3179 primo
3020 3117 3084 3165 de

503 3200 734 3249 oratione
774 3233 787 3247 .
814 3236 828 3250 .
869 3196 1018 3247 Ratio
1055 3199 1241 3248 dicitur
1276 3199 1489 3248 elocutio
1524 3224 1589 3231 —
1625 3199 1969 3262 compendium
2001 3202 2162 3247 seruit·
2190 3199 2504 3262 grammatici
2536 3214 2607 3248 ex
2638 3202 2967 3265 grammatica
2990 3202 3084 3250 do—

502 3285 612 3334 nati
636 3285 754 3346 finit
784 3283 1036 3345 feliciter:
1075 3282 1145 3331 cf.
1187 3282 1344 3349 Serg.
1380 3282 1438 3331 in
1475 3283 1614 3334 Don.
1656 3299 1709 3347 p.
1733 3284 1852 3349 487,
1886 3286 1952 3334 23
1988 3281 2004 3348 ΙΙ
2039 3284 2215 3347 Asper
2248 3286 2600 3348 yrammaticus
2625 3310 2683 3319 —
2714 3300 2812 3334 uua
2847 3282 2863 3349 {2
2900 3283 3093 3334 Carisii

500 3369 813 3435 grammatici
844 3384 933 3417 ars
969 3368 1162 3432 incipit.
1233 3375 1281 3418 et
1317 3369 1440 3418 haec
1485 3368 1650 3418 omnia
1686 3384 1714 3417 e
1759 3370 1988 3419 diomede
2023 3371 2234 3419 collecta
2268 3370 2522 3421 uidentur.
2593 3386 2707 3419 nam
2749 3386 2940 3436 queque
2986 3372 3083 3420 iste

502 3458 627 3507 dicit
661 3454 915 3504 diomedes
950 3455 1088 3503 dicit.
1166 3454 1552 3518 Coniupationes
1597 3469 1723 3519 quas
1761 3455 1941 3517 praeci
1981 3455 2226 3518 anzypias
2260 3455 2523 3518 appellant
2557 3462 2675 3503 sunt
2709 3457 2850 3519 apud
2883 3462 3086 3506 nostros

501 3542 669 3605 prima
709 3554 809 3604 per
852 3555 899 3589 a.
975 3541 1275 3603 sequuntur
1319 3537 1588 3603 quaedam
1634 3554 1700 3587 ex
1746 3537 1981 3589 diversis
2027 3539 2404 3603 grammaticis
2452 3544 2714 3605 excerpta
2759 3567 2824 3575 —-
2860 3541 3088 3591 adiciunt

505 3627 705 3692 quidam
738 3631 760 3673 t
793 3630 848 3673 ut
882 3626 962 3673 lac
997 3640 1282 3689 quanquam
1313 3624 1447 3673 lacte
1482 3624 1654 3673 melius
1690 3624 1894 3673 dicatur
1928 3630 1981 3672 ut
2016 3631 2093 3673 est
2127 3625 2270 3687 apud
2303 3626 2497 3674 ennium
2530 3627 2583 3675 in
2619 3626 2897 3676 annalibus.

676 3725 809 3778 Ood.
845 3726 1045 3791 Regin.
1088 3726 1217 3775 1818
1265 3726 1303 3775 f.
1349 3727 1374 3774 1
1422 3726 1683 3775 Prisciani
1721 3727 2037 3790 prammatici
2077 3726 2346 3776 clarissimi
2388 3727 2516 3777 liber
2560 3729 2623 3777 de
2667 3729 3088 3779 declinationibus

499 3814 726 3878 feliciter
759 3813 952 3875 incipit.
1027 3809 1200 3860 Omnia
1237 3837 1298 3847 —
1334 3813 1594 3861 inuentos.-
1628 3810 1901 3860 Priscian.
1939 3809 2007 3860 de
2045 3825 2185 3863 nom.
2226 3816 2330 3861 etc.
2367 3828 2420 3877 p.
2456 3813 2726 3864 443—456
2762 3810 2781 3881 ΙΙ
2818 3814 2855 3864 f.
2897 3816 2959 3865 19
2996 3814 3087 3864 Ju-

503 3900 695 3949 uenalis
733 3898 796 3947 de
830 3900 1093 3961 palemone
1129 3922 1194 3931 —
1224 3898 1515 3961 plenissime
1552 3898 1689 3946 dicta
1723 3894 1739 3962 Η
1779 3896 1815 3945 f.
1849 3893 1914 3945 34
1954 3896 2115 3961 Capri
2144 3899 2458 3962 yrammatici
2490 3900 2816 3949 uetustissimi
2848 3907 3084 3964 ortoyra·

503 3986 621 4050 pbie
654 3985 763 4034 siue
799 3983 1160 4046 elepantiarum
1194 3982 1385 4032 libellus
1415 3982 1639 4045 feliciter
1674 3982 1869 4045 incipit.
1941 3982 2091 4031 Haec
2135 3983 2221 4032 uia
2257 4008 2319 4017 ——
2354 3986 2611 4033 stellarum
2647 3981 2663 4047 ΙΙ
2698 3983 2739 4033 f.
2774 3986 2837 4033 41
2877 3984 3091 4035 Eruditi

407 4100 417 4112 ·
506 4070 726 4137 aqroetii
757 4069 1116 4132 elegantiarum
1151 4066 1341 4117 libellus
1373 4066 1655 4117 scolaribus
1677 4068 1873 4116 multum
1907 4068 2194 4116 conducens
2222 4068 2448 4129 feliciter
2481 4070 2662 4133 incipit
2696 4070 2768 4119 ad
2800 4070 3085 4120 eucherium

503 4157 790 4221 pontificem
825 4155 888 4203 de
918 4154 1165 4217 politione
1199 4152 1363 4217 capri.
1436 4152 1680 4202 Libellum
1716 4176 1781 4187 —
1817 4153 2051 4216 precibus
2086 4149 2103 4217 Η
2137 4152 2176 4201 f.
2211 4154 2278 4203 49
2316 4152 2539 4204 Charisii
2571 4156 2886 4218 grammatici
2920 4162 3088 4204 uetus·

508 4241 685 4291 tissimi
724 4254 813 4289 ars
856 4240 1044 4303 optima
1088 4245 1138 4287 et
1180 4240 1430 4304 perutilis.
1505 4237 1893 4302 Coniuyationes
1929 4264 1990 4272 —
2028 4239 2080 4286 in
2123 4238 2417 4288 annalibus:
2463 4237 2533 4286 cf.
2582 4238 2700 4294 cod.
2742 4239 2866 4289 Vat.
2906 4242 3036 4290 1492
3073 4240 3091 4305 Ιξ

509 4326 546 4376 f.
584 4327 649 4375 59
684 4324 852 4389 Aspri
883 4324 1091 4373 maioris
1121 4325 1450 4388 yrammatica
1483 4339 1620 4374 more
1664 4323 1997 4373 uetustissimo
2032 4323 2226 4388 incipit.
2274 4324 2406 4373 'Ars
2442 4350 2505 4359 -
2541 4341 2656 4374 uua.
2676 4322 2711 4389 “U
2748 4325 2784 4375 f.
2812 4327 2878 4374 62
2915 4324 3093 4386 Queri·

510 4419 592 4460 tur
625 4418 787 4460 utrum
819 4410 1069 4475 yerundia
1110 4410 1212 4458 sint
1256 4408 1415 4458 uerba
1452 4434 1515 4443 —
1551 4414 1600 4457 et
1644 4408 1770 4458 haec
1811 4422 1910 4472 pro
1951 4414 2220 4471 praesenti
2252 4410 2553 4472 difficultate
2586 4410 2845 4473 sufficiant
2880 4413 2952 4462 ad
2984 4414 3091 4461 lau-

511 4498 622 4547 dem
657 4495 1009 4560 omnipotentis
1044 4496 1129 4544 dei
1164 4495 1249 4560 qui
1281 4494 1407 4543 uiuit
1441 4500 1493 4543 et
1526 4501 1708 4559 reynat
1753 4494 1807 4542 in
1839 4496 2117 4544 seculorum
2149 4496 2320 4543 secula
2357 4511 2514 4547 amen.
2585 4496 2891 4561 Disceptant
2920 4514 3088 4562 yram·

509 4582 682 4632 matici
721 4582 944 4631 nonnulli
988 4587 1038 4629 et
1082 4580 1244 4645 lonyis
1290 4579 1581 4645 quibusdam
1627 4566 1701 4628 ut·
1731 4581 1805 4628 ita
1851 4580 2072 4630 diver-im
2118 4562 2505 4630 theoremehibus
2562 4588 2810 4647 quaerunt
2863 4598 3091 4631 numnam

509 4668 803 4733 gerundium
838 4680 1015 4716 nomen
1048 4681 1115 4714 an
1150 4662 1353 4714 uerbum
1386 4665 1454 4713 sit
1489 4690 1553 4697 —
1589 4681 1744 4714 meam
1778 4666 2076 4714 sententiam
2112 4667 2295 4718 ualete.
2330 4660 2349 4731 ΙΙ
2386 4665 2426 4714 f.
2463 4666 2528 4715 67
2564 4664 2854 4716 Laurentii
2890 4665 3090 4719 Vallac

512 4767 702 4804 versus
736 4749 753 4816 ΙΙ
798 4751 836 4800 f.
877 4751 941 4801 75
985 4750 1094 4799 Ars
1136 4764 1245 4799 mea
1280 4774 1346 4783 —
1381 4749 1578 4799 similia.
1640 4750 1843 4800 Phocae
1884 4750 2201 4814 grammatici
2240 4752 2451 4802 illustris
2494 4753 2558 4801 de
2604 4751 2799 4801 nomine
2842 4759 2894 4802 et
2936 4753 3091 4803 uerbo

511 4838 642 4891 liber
675 4836 891 4903 explicit
918 4837 1156 4900 feliciter.

2185 4927 2205 4955 ἱ
