3541 5564
1337 367 1810 431 COMMENTVM
2461 418 2465 422 .
2748 340 2871 435 227

2503 491 2544 533 p.
2572 481 2751 522 294—96
2780 479 2825 520 L.

291 559 552 617 futurum
599 563 852 636 tempus
939 558 1087 617 istae
1132 564 1267 617 sunt
1311 575 1452 634 ergo
1511 559 1976 636 coniugatione5‚
2039 568 2097 619 et
2139 560 2225 619 sic
2270 566 2499 621 servata
2545 568 2684 622 sunt
2726 568 2875 622 tem·

289 677 461 738 pora,
510 678 624 719 nec
670 658 854 721 aliter.
947 660 1158 719 transit
1210 661 1272 718 in
1317 676 1556 736 genera.

455 762 690 822 Genera
725 761 1039 822 verborum
1070 763 1182 821 ista
1215 769 1367 832 sunt,
1402 763 1588 822 activa
1612 764 1839 841 passiva
1886 758 2463 823 neutra'communia
2490 762 2871 843 deponentia.
2900 774 3018 841 413,
3046 774 3111 822 35

291 864 540 925 diximus
586 866 761 924 etiam
805 864 864 923 in
910 864 1206 943 principio
1240 863 1396 941 quod
1429 863 1737 924 voluerunt
1765 865 2133 942 grammatici
2162 865 2273 926 ista
2305 865 2671 927 differentiae
2703 885 2877 928 causa
2902 844 3018 903 507,
3044 843 3075 890 3

246 988 269 1027 5
290 966 691 1027 introducere.
741 972 1005 1025 ceterum
1030 984 1212 1025 omne
1243 965 1488 1026 verbum
1513 965 1659 1026 duas
1684 984 1781 1026 res
1804 967 2111 1044 significat,
2145 973 2247 1027 aut
2275 970 2502 1045 agentis
2526 976 2626 1029 aut
2654 972 2878 1048 patien-

292 1070 372 1137 tis,
402 1087 513 1129 nec
538 1075 736 1148 potest
758 1067 869 1127 alia
893 1069 1146 1128 inveniri
1172 1070 1540 1146 significatio.
1580 1068 1860 1148 quicquid
1892 1069 2061 1130 estin
2087 1070 2514 1146 significatione
2538 1070 2874 1141 verborum,

293 1180 389 1231 aut
413 1172 644 1249 agentis
675 1177 762 1230 est
791 1177 892 1231 aut
914 1171 1208 1249 patientis,
1255 1171 1305 1229 si
1328 1169 1490 1230 dicas
1523 1168 1671 1248 lego,
1702 1173 1931 1249 agentis
1962 1179 2076 1241 est;
2111 1173 2161 1231 si
2193 1170 2354 1231 dicas
2383 1171 2568 1250 legor,
2601 1175 2879 1253 patientis

288 1282 390 1334 est.
450 1273 591 1351 quid
623 1274 672 1333 si
704 1273 975 1334 neutrale
1003 1274 1220 1334 suerit?
1250 1291 1498 1334 necesse
1531 1281 1618 1333 est
1642 1281 1741 1333 aut
1762 1275 2044 1353 patientis
2067 1274 2142 1333 sit
2164 1283 2263 1334 aut
2284 1277 2530 1352 agentis,
2582 1293 2721 1337 ecce
2741 1285 2877 1337 nato

288 1385 343 1436 et
387 1374 609 1456 vapulo
655 1384 976 1456 utrumque
1032 1377 1349 1454 significat,
1398 1374 1503 1435 sed
1543 1377 1551 1453 Ι
1592 1376 1752 1436 ‘nato
1801 1379 1945 1454 ego'
1992 1378 2221 1454 agentis
2268 1383 2381 1446 est;
2430 1376 2639 1456 vapulo
2683 1387 2878 1439 autem

223 1498 265 1537 10
291 1478 525 1559 quando
573 1477 724 1547 dice,
774 1496 884 1556 ego
929 1480 1142 1558 patior,
1235 1495 1373 1538 ecce
1419 1484 1695 1538 neutrum
1739 1476 1987 1538 verbum
2034 1485 2141 1549 est,
2190 1485 2248 1538 et
2290 1486 2487 1539 tamen
2542 1481 2724 1539 servit
2763 1478 2879 1540 illis

283 1579 515 1641 duabus
560 1579 1105 1658 significationibus.
1197 1581 1339 1640 item
1385 1578 1595 1658 loquor
1641 1581 1770 1659 quis
1815 1582 2042 1640 nesciat
2085 1581 2360 1659 quoniam
2414 1580 2718 1660 deponens
2748 1600 2877 1643 ver-

284 1684 425 1744 bum
475 1683 598 1743 est?
649 1690 707 1742 et
753 1682 934 1742 nihilo
981 1683 1196 1751 minus,
1245 1681 1479 1761 quando
1527 1681 1657 1743 dico
1704 1680 1955 1759 ‘loquor
2001 1700 2110 1759 ego
2130 1686 2166 1751 ’‚
2215 1683 2368 1742 facio
2415 1701 2557 1761 ego:
2608 1690 2666 1743 et
2695 1683 2876 1763 depo-

285 1804 430 1846 nens
479 1791 571 1845 est
616 1789 676 1845 et
719 1782 899 1844 habet
943 1785 1170 1862 agentis
1212 1785 1721 1862 significationem.
1784 1802 1927 1862 ergo
1971 1804 2091 1845 non
2123 1792 2320 1863 potest
2362 1786 2491 1845 fieri
2525 1792 2588 1845 ut
2615 1786 2878 1846 invenias

284 1888 531 1949 verbum
578 1894 644 1947 ut
689 1884 844 1946 aliud
891 1886 1212 1962 significet,
1274 1902 1448 1963 quam
1495 1893 1594 1946 aut
1649 1888 1878 1964 agentis
1925 1895 2023 1947 aut
2077 1888 2372 1965 patientis,
2460 1895 2657 1948 tamen
2703 1905 2879 1952 causa

217 2010 259 2049 15
284 1989 662 2050 differentiae
719 1995 967 2067 propter
1020 1988 1369 2055 inchoantes
1422 1990 1532 2049 ista
1589 1990 1955 2067 grammatici
2023 1984 2380 2053 docuerunt.
2452 1995 2512 2048 et
2568 1988 2880 2050 voluerunt

281 2094 537 2153 activum
583 2089 833 2151 verbum
880 2108 1009 2151 esse
1055 2089 1214 2170 quod
1260 2092 1320 2151 in
1366 2110 1400 2151 o
1449 2092 1568 2151 exit
1612 2099 1670 2150 et
1715 2097 1954 2169 accepta
1997 2110 2029 2151 r
2072 2090 2265 2151 littera
2323 2091 2462 2151 facit
2517 2110 2588 2151 ex
2634 2110 2698 2152 se
2744 2110 2878 2171 pas·

278 2196 487 2255 sivum.
579 2201 721 2272 puta
766 2191 927 2270 lego:
988 2199 1228 2271 tempta,
1277 2201 1476 2253 utrum
1524 2192 1704 2252 latine
1748 2210 2064 2271 possumus
2109 2192 2308 2253 dicere
2352 2191 2516 2271 lego,
2581 2195 2697 2254 nisi
2742 2212 2874 2272 pos·

280 2314 486 2356 sumus
545 2293 742 2355 dicere
800 2294 985 2372 legor.
1080 2312 1221 2372 ergo
1279 2302 1526 2374 apparet
1571 2296 1852 2372 quoniam
1896 2292 2039 2355 illud
2084 2296 2335 2355 activum
2395 2304 2511 2363 est,
2571 2283 2873 2378 quia-non

276 2404 473 2477 potest
520 2397 690 2457 aliter
735 2415 865 2457 esse
910 2398 1179 2466 activum,
1228 2398 1340 2456 nisi
1384 2405 1623 2476 acc-epta
1667 2417 1699 2457 r
1743 2396 1937 2458 littera
1983 2397 2157 2456 saciat
2197 2397 2509 2476 passivum.
2570 2398 2731 2456 item·
2760 2415 2878 2457 non

206 2508 477 2580 mpotest
526 2518 655 2559 esse
700 2500 1025 2578 passivum,
1086 2500 1202 2560 nisi
1258 2497 1464 2559 redeat
1507 2500 1565 2559 in
1613 2500 1883 2559 activum.
1977 2497 2171 2577 legor,
2230 2498 2372 2560 tolle
2426 2498 2567 2559 inde
2622 2518 2681 2570 r,
2738 2500 2878 2560 facit

278 2602 442 2682 lego;
522 2607 771 2682 apparet
828 2618 970 2677 ergo
1026 2602 1303 2677 quoniam
1358 2602 1654 2680 passivum
1715 2607 1821 2661 est.
1922 2618 2118 2679 neque
2174 2609 2310 2662 ante
2376 2603 2628 2662 activum
2687 2607 2882 2681 potest

278 2723 439 2774 esse,
508 2705 624 2764 nisi
684 2702 858 2763 saciat
915 2705 1235 2782 passivum,
1285 2720 1480 2779 neque
1536 2708 1672 2763 ante
1725 2702 2018 2781 passivum
2076 2708 2273 2781 potest
2316 2721 2474 2773 esse,
2544 2705 2659 2764 nisi
2703 2703 2881 2764 faciat

276 2809 558 2868 activum.
650 2804 784 2864 vide
828 2804 1232 2865 definitionem
1278 2803 1453 2865 Plinii
1497 2804 1774 2875 Secundi,
1823 2822 2000 2882 quem
2046 2805 2116 2864 ad
2161 2805 2400 2865 modum
2449 2804 2708 2865 definivit
2752 2807 2875 2866 for-

277 2910 445 2978 titer,
503 2916 563 2967 et
607 2907 895 2974 definivit.
957 2906 1097 2986 quid
1155 2915 1243 2967 est
1287 2909 1569 2975 activum,
1630 2906 1772 2986 quid
1830 2907 2140 2985 passivum.
2233 2914 2292 2966 et
2346 2908 2396 2967 si
2448 2925 2587 2967 vere
2632 2925 2879 2986 quaeras

201 3032 250 3072 25
273 3010 612 3070 secundum
659 3010 994 3079 rationem,'
1024 3008 1139 3068 boc
1184 3016 1274 3068 est
1315 3009 1473 3089 quod
1520 3009 1666 3068 dixit
1707 3007 1932 3069 Plinius
1978 2993 2315 3070 Secundus:
2375 3008 2517 3069 dicit
2571 3007 2877 3090 ‘actilvum

276 3120 366 3174 est
411 3112 577 3190 quod
626 3110 740 3172 alio
784 3113 1047 3190 patiente
1104 3129 1211 3171 nos
1267 3111 1546 3180 sacimuS,
1606 3112 1902 3190 passivum
1952 3118 2039 3172 est
2099 3110 2254 3190 quod
2302 3109 2416 3170 alio
2472 3112 2726 3172 faciente
2772 3130 2879 3172 nos

272 3216 601 3293 patimur’.
693 3219 760 3274 ut
815 3221 983 3292 puta,
1043 3213 1091 3272 si
1136 3212 1298 3273 dicas
1352 3211 1604 3273 verbero
1664 3212 1979 3281 verberor,
2040 3230 2178 3272 ecce
2226 3213 2469 3292 proprie
2524 3214 2775 3273 activum
2823 3221 2881 3273 et

274 3318 586 3397 passivum
623 3323 726 3376 est.
776 3312 1013 3393 quando
1047 3315 1206 3374 enim
1238 3314 1485 3375 dicimus
1515 3313 1791 3396 verberO,
1823 3332 1932 3392 ego
1962 3313 2132 3382 facio,
2168 3313 2314 3375 alter
2344 3315 2594 3396 patitur;
2643 3314 2878 3392 quando

274 3417 535 3478 dicimus
583 3415 884 3486 verberor,
933 3414 1084 3477 alter
1126 3415 1283 3487 facit,
1332 3434 1442 3494 ego
1487 3417 1698 3500 patior.
1769 3417 1897 3475 ‘ista
1942 3425 2079 3475 sunt
2123 3418 2364 3496 proprie
2408 3419 2593 3477 activa
2646 3426 2705 3478 et
2746 3436 2879 3497 pas-

199 3523 419 3590 aosiva,
470 3537 630 3600 quae
677 3524 985 3579 versantur
1029 3517 1187 3578 inter
1232 3517 1377 3578 duas
1420 3536 1724 3597 personas,
1792 3519 1902 3578 ista
1948 3520 2219 3596 proprie;
2269 3517 2365 3579 illa
2412 3538 2570 3589 vero,
2618 3519 2719 3580 uhi
2764 3537 2879 3580 una

274 3640 542 3700 persona
588 3627 908 3697 utrumque
955 3621 1092 3697 agit,
1141 3638 1261 3679 non
1308 3619 1578 3681 videntur
1621 3621 1865 3699 proprie
1898 3619 2050 3680 dicta
2084 3639 2230 3690 esse,
2279 3620 2381 3704 sed
2424 3618 2683 3681 abusive.
2743 3640 2879 3681 nam

271 3723 521 3802 quando
567 3709 713 3783 dicov
748 3732 918 3791 nato,
969 3740 1079 3799 ego
1125 3720 1363 3800 quidem
1409 3740 1548 3800 agn,
1597 3721 1700 3783 sed
1747 3720 1896 3782 alter
1942 3741 2059 3782 non
2105 3724 2355 3801 patitur,
2401 3721 2462 3782 id
2510 3731 2597 3783 est
2641 3723 2877 3802 quando

278 3826 415 3887 dico
467 3833 630 3894 nato,
681 3843 790 3903 ego
837 3824 1096 3901 quidem,
1144 3830 1427 3900 quantum
1474 3824 1546 3884 ad
1592 3843 1687 3884 me
1733 3826 2018 3903 pertinet.
2069 3842 2206 3902 ago.
2255 3830 2540 3903 quantum
2587 3825 2660 3885 ad
2704 3824 2877 3886 aliam

274 3947 424 4000 rem,
477 3947 605 3988 non
651 3934 854 3987 tamen
899 3927 1140 4005 patitur.
1200 3932 1260 3985 et
1302 3925 1524 3986 idcirco
1569 3925 1746 3987 verba
1796 3928 1981 3986 activa
2011 3925 2345 4006 specialiter
2389 3925 2536 3985 haec
2569 3925 2877 3995 dicuntum

200 4051 250 4093 35
274 4030 375 4092 illa
422 4049 575 4092 vero
623 4036 836 4089 neutra
882 4028 1183 4098 dicuntur,
1234 4046 1354 4089 nou
1398 4029 1675 4107 quoniam
1724 4033 1999 4088 neutrum
2047 4028 2404 4105 significant,
2453 4027 2555 4088 sed
2603 4030 2877 4106 quoniam

275 4152 399 4194 non
447 4141 775 4210 utrumque
820 4131 1172 4208 significant,
1216 4128 1277 4189 id
1324 4136 1413 4190 est
1457 4128 1634 4190 alium
1679 4129 1896 4200 facere,
1946 4129 2124 4191 alium
2167 4130 2311 4207 pati.
2389 4146 2571 4206 quare
2616 4129 2730 4190 hoc
2776 4126 2881 4189 tibi

418 4321 456 4372 6
494 4320 731 4369 inuenire
765 4318 816 4368 A
919 4318 952 4367 8
989 4318 1113 4380 quid
1144 4317 1188 4365 si
1225 4315 1372 4368 BCa
1402 4317 1537 4380 quod
1576 4317 1617 4366 si
1649 4316 1697 4365 A
1804 4316 1837 4367 8
1874 4323 1958 4365 aut
1985 4317 2224 4381 patientis
2261 4315 2324 4367 a*
2360 4327 2413 4367 ut
2440 4316 2678 4381 patientis
2712 4314 2884 4365 ABG

419 4391 456 4440 9
499 4400 772 4451 utramque
813 4386 861 4435 A
898 4403 1035 4437 corr.
1070 4396 1336 4448 utrumque
1375 4386 1427 4435 B
1569 4387 1634 4436 14
1675 4389 1831 4436 causa
1867 4386 2175 4436 deferentiae
2215 4387 2263 4435 Α
2302 4403 2483 4436 causae
2520 4387 2805 4436 differentia
2841 4385 2882 4434 G

277 4463 439 4511 causa
480 4457 804 4509 differentiae
836 4473 970 4511 corr.
1012 4472 1196 4506 causae
1229 4457 1512 4506 differentia
1549 4457 1599 4505 B
1742 4458 1805 4507 15
1844 4455 1961 4521 ista]
2000 4457 2069 4505 ita
2103 4456 2153 4505 A
2298 4457 2359 4507 17
2399 4458 2654 4523 possimus
2696 4457 2736 4505 0
2763 4470 2881 4520 pos·

276 4531 373 4578 sim
413 4531 466 4579 B
621 4525 739 4594 nisi]
792 4529 834 4578 si
873 4528 1038 4578 ABG
1173 4528 1432 4590 possimus
1486 4527 1526 4577 G
1662 4527 1729 4576 22
1777 4542 1889 4575 esse
1927 4527 2108 4588 priore
2151 4528 2260 4576 loco
2298 4542 2391 4581 om.
2430 4527 2508 4584 Α,
2548 4527 2673 4575 add.
2709 4541 2743 4574 a

275 4599 344 4650 23
383 4599 544 4665 plinii
578 4613 715 4647 corr.
753 4599 910 4663 plenii
945 4597 996 4647 B
1031 4597 1167 4663 pleni
1196 4596 1245 4645 A
1349 4596 1580 4645 definiuit
1612 4594 1807 4646 sortiter
1834 4597 1985 4645 BCa
2020 4597 2193 4645 delinit
2230 4595 2427 4646 fortiter
2456 4597 2504 4645 Α
2641 4596 2709 4644 24
2745 4596 2882 4662 quod

279 4671 564 4735 pastinum
605 4667 775 4718 ABG
910 4670 977 4719 25
1013 4667 1203 4733 plinius
1234 4680 1372 4719 corr.
1414 4666 1617 4731 plenius
1654 4666 1704 4717 B
1730 4666 1932 4732 plenius
1970 4665 2020 4713 A
2160 4667 2226 4715 27
2268 4667 2481 4716 uerbere
2511 4665 2750 4714 uerberor
2782 4665 2886 4714 AB

277 4740 504 4788 uei-bero
548 4744 602 4786 et
638 4739 875 4787 uerberor
905 4738 988 4789 Ca
1126 4738 1195 4788 30
1223 4737 1359 4786 inter'
1385 4737 1529 4785 BCa
1566 4736 1616 4782 iu
1655 4735 1704 4782 Α
1845 4735 1910 4787 31
1950 4734 2152 4784 uidetur
2185 4735 2352 4787 ABG
2453 4735 2521 4786 34
2558 4735 2725 4784 aetina
2763 4750 2885 4800 spe-

276 4809 481 4860 cialiter
519 4807 654 4857 haec
688 4809 739 4856 A
786 4809 950 4857 actius
986 4807 1153 4857 aetina
1188 4807 1475 4872 specialiter
1509 4805 1635 4854 haec
1669 4806 1755 4856 Ga
1791 4806 1959 4854 aetina
2001 4805 2169 4854 aetina
2204 4806 2331 4856 haec
2369 4805 2657 4871 specialiter
2696 4805 2745 4854 B

279 4880 349 4931 36
382 4894 494 4930 non
531 4875 828 4944 utrumque]
872 4885 1106 4928 neutrum
1137 4892 1271 4927 corr.
1315 4890 1417 4926 non
1454 4885 1722 4939 utrumque
1749 4875 1799 4923 A
