3541 5564
512 345 639 408 334
1600 339 2005 402 CONSENTU

510 528 736 595 codice
779 528 1026 591 nomini
1082 524 1490 611 grammatici
1545 522 1775 586 addita
1831 532 2015 601 sunt,
2072 530 2269 600 quinti
2319 513 2581 586 consulis
2636 529 2899 601 quinque
2953 527 3092 584 civi-

511 642 731 709 tatum,
787 650 954 713 quae
1009 628 1125 691 vix
1181 626 1374 691 aliam
1420 624 1739 708 originem
1783 622 2061 704 habent,
2119 645 2313 708 quam
2359 622 2533 708 quod
2576 623 2644 685 in
2689 621 3094 707 explicandis

511 730 748 797 litteris
804 735 909 795 VC
959 751 1124 815 quae
1180 727 1583 815 praecedunt
1636 724 1794 789 lusit
1847 723 2153 789 librarius
2209 734 2274 788 et
2328 733 2507 788 recta
2561 725 3096 810 interpretatione

510 831 884 918 anteposita
927 829 1090 894 duas
1138 828 1416 894 subiecit
1460 849 1826 912 perversas

559 946 572 953 “
680 933 1102 1017 Antiquiores
1147 929 1632 1016 grammaticos,
1680 950 1954 1014 quorum
2002 926 2392 991 auctoritate
2437 949 2593 990 usus
2641 934 2760 1006 est,
2793 947 2941 991 raro
2988 946 3097 989 no-

511 1034 787 1100 minavit
848 1032 1260 1098 Consentius,
1350 1030 1732 1117 plerumque
1799 1030 1972 1093 enim
2039 1051 2148 1094 eos
2216 1050 2487 1114 quorum
2564 1027 2927 1092 doctrinam
2990 1025 3099 1091 vel

510 1135 816 1221 probavit
879 1134 987 1199 vel
1055 1133 1445 1220 inpugnavit
1509 1129 1903 1215 generaliter
1968 1129 2366 1213 significavit
2420 1128 2734 1215 quosdam
2796 1126 2902 1193 vel
2967 1150 3100 1193 non

514 1235 730 1301 nullos
774 1234 878 1300 vel
925 1235 1268 1321 plerosque
1314 1231 1588 1297 dicendo
1636 1232 1742 1295 vel
1788 1240 2042 1295 veteres
2087 1239 2544 1317 praeceptores
2590 1254 2655 1316 p.
2700 1230 2902 1311 2056,
2951 1229 3097 1294 doc-

513 1341 712 1403 tiores
757 1336 1104 1419 magistros
1149 1359 1212 1421 p.
1245 1335 1442 1416 20613
1487 1334 1554 1397 in
1600 1331 1766 1397 libro
1815 1331 1897 1396 de
1940 1333 2369 1397 barbarismis
2401 1342 2467 1396 et
2497 1331 2942 1416 metaplasmis
2989 1352 3097 1394 eos

513 1440 625 1525 qui
671 1448 822 1503 ante
867 1459 1011 1500 eum
1058 1439 1140 1501 de
1182 1435 1416 1501 iisdem
1459 1436 1656 1499 rebus
1691 1435 2094 1520 scripserunt
2123 1435 2473 1520 scriptores
2505 1433 2610 1497 vel
2640 1442 3097 1520 praeceptores

521 1538 693 1603 dixit
737 1562 801 1624 p.
855 1538 952 1602 12.
1004 1538 1100 1601 16.
1156 1538 1252 1600 17.
1297 1536 1402 1599 22.
1448 1536 1552 1599 34.
1609 1535 1996 1600 nominatim
2042 1544 2262 1598 autem
2306 1533 2665 1620 appellavit
2691 1532 2833 1615 hos,
2866 1534 3102 1598 Varro-

520 1662 668 1703 nem
713 1662 775 1725 p.
821 1638 1017 1718 2032,
1064 1636 1352 1702 Probum
1398 1659 1463 1721 p.
1507 1636 1703 1713 2051,
1766 1634 2035 1699 Celsum
2088 1658 2152 1722 p.
2199 1636 2361 1699 2061
2411 1645 2476 1700 et
2531 1635 2613 1700 de
2655 1635 2842 1700 barb.
2891 1657 2952 1720 p.
3004 1636 3103 1713 10,

519 1739 977 1804 Palaemonem
1032 1761 1095 1823 p.
1144 1737 1343 1817 2061,
1401 1736 1684 1800 Pansam
1741 1759 1803 1821 p.
1862 1736 2061 1818 2066,
2118 1738 2447 1822 Asperum
2509 1736 2590 1800 de
2643 1737 2829 1801 barb.
2888 1758 2951 1821 p.
2997 1736 3099 1799 35.
3170 1788 3173 1791 .

523 1864 673 1906 nam
719 1840 929 1905 Servii
974 1837 1170 1903 Marii
1215 1859 1452 1901 nomen
1497 1838 1565 1900 in
1612 1836 1928 1923 exemplis
1985 1835 2394 1923 propriorum
2442 1837 2774 1903 nominum
2818 1837 3104 1922 positum

523 1966 586 2029 p.
634 1941 820 2022 2019,
866 1944 997 2004 Ser.
1044 1944 1288 2002 Servius
1333 1944 1600 2019 Μανίας,
1648 1959 2039 2024 quamquam
2085 1938 2171 2002 ad
2215 1938 2497 2003 Marium
2543 1939 2842 2003 Servium
2887 1937 3103 2002 Hono-

524 2054 741 2108 ratum
785 2042 1099 2128 pertinet,
1148 2050 1364 2105 tamen
1395 2062 1525 2104 non
1555 2039 1640 2103 ab
1687 2041 1830 2126 ipso
1876 2040 2300 2123 grammatico
2331 2040 2723 2125 profectum,
2756 2040 2890 2119 sed,
2939 2039 3108 2102 sicut

523 2145 776 2231 reliqua
839 2164 1005 2229 quae
1071 2140 1606 2227 praenominibus
1674 2139 2009 2226 adscripta
2074 2152 2258 2222 sunt,
2327 2149 2554 2226 postea
2609 2141 2905 2205 additum
2961 2162 3106 2205 esse

523 2257 706 2332 puto.
799 2242 914 2307 sed
971 2265 1054 2307 ex
1107 2243 1188 2306 iis
1245 2241 1615 2307 nominibus
1672 2263 1839 2326 quae
1886 2241 2027 2304 dixi
2074 2241 2390 2306 Varronis
2437 2241 2802 2306 doctrinam
2848 2263 2980 2305 non
3024 2264 3109 2305 ex

525 2347 733 2432 ipsius
780 2343 1001 2425 libris,
1051 2342 1165 2407 sed
1211 2366 1294 2407 ex
1325 2344 1556 2409 eodem
1603 2342 1816 2424 fonte,
1864 2365 1991 2428 quo
2022 2343 2376 2408 Diomedes
2423 2365 2486 2427 p.
2518 2342 2665 2423 302,
2697 2342 2738 2406 5
2782 2365 2942 2406 usus
2987 2350 3105 2421 est,

525 2447 784 2532 petivit.
871 2445 1073 2510 Probi
1128 2465 1364 2509 nomen
1419 2443 1504 2506 ad
1569 2443 2068 2508 commentarios
2128 2443 2209 2508 de
2263 2443 2499 2526 verbe,
2557 2443 2794 2528 quibus
2842 2452 2909 2507 et
2949 2443 3107 2508 Dio-

528 2545 783 2610 medem
814 2557 880 2612 et
909 2544 1070 2610 alios
1102 2544 1563 2629 grammaticos
1594 2566 1746 2608 usos
1781 2565 1924 2608 esse
1948 2543 2091 2608 dixi
2120 2543 2249 2609 vol.
2282 2543 2382 2607 IV
2412 2544 2618 2629 praef.
2652 2567 2713 2630 p.
2747 2544 2958 2608 XXII
2989 2566 3107 2629 sq.,

528 2655 798 2733 spectat.
891 2644 1156 2710 Celsum
1228 2645 1402 2710 haud
1468 2645 1665 2710 dubie
1739 2644 1901 2709 dicit
1966 2645 2353 2708 Arruntium
2417 2645 2675 2710 Celsum
2743 2646 3002 2731 saepius
3071 2668 3111 2709 a

531 2748 831 2814 Charisio
876 2748 946 2811 in
990 2747 1316 2834 excerptis
1362 2744 1516 2810 Iulii
1553 2745 1833 2812 Romani
1877 2754 1944 2810 et
1988 2767 2027 2809 a
2056 2744 2426 2827 Prisciano,
2474 2744 2673 2811 semel
2718 2768 2758 2810 a
2786 2746 3110 2813 Diomede

529 2873 595 2935 p.
642 2850 787 2930 321,
838 2851 912 2912 11
963 2848 1142 2933 (nam
1188 2849 1280 2912 ibi
1326 2870 1581 2933 quoque
1627 2846 1803 2912 Celsi
1856 2868 2089 2910 nomen
2134 2869 2250 2932 pro
2300 2849 2617 2913 Arruntio
2667 2848 2981 2930 Claudio,
3037 2859 3110 2913 ut

529 2951 599 3014 in
642 2950 982 3016 codicibus
1029 2959 1127 3014 est
1139 2997 1156 3030 ,
1203 2947 1467 3012 videtur
1495 2947 1981 3014 restituendum
2023 2947 2195 3031 esse)
2240 2950 2542 3030 citatum,
2589 2950 2746 3013 artis
2792 2971 3110 3033 gramma·

530 3051 728 3132 ticae,
776 3050 841 3113 ni
885 3049 1111 3130 fallor,
1160 3050 1578 3133 scriptorem,
1626 3049 1707 3113 de
1751 3072 1878 3134 quo
1927 3048 2100 3112 dixit
2129 3050 2537 3114 Ribbeckius
2583 3049 2772 3135 proll.
2814 3052 2882 3113 in
2911 3052 3109 3136 Verg.

533 3175 597 3237 p.
645 3151 751 3215 25.
829 3150 1285 3214 Palaemonem
1331 3171 1524 3233 saepe
1570 3172 1609 3212 a
1653 3149 1987 3230 CharisiO,
2035 3148 2234 3214 semel
2278 3173 2318 3214 a
2360 3150 2682 3215 Diomede
2727 3175 2788 3237 p.
2838 3153 2982 3233 415,
3033 3153 3110 3216 16

532 3260 1104 3316 commemoratum
1158 3250 1417 3336 utrique
1473 3252 1812 3316 materiam
1882 3251 2211 3316 scribendi
2266 3252 2649 3337 praebuisse
2705 3251 2847 3316 dixi
2901 3252 3030 3318 vol.
3079 3251 3112 3315 I

531 3355 739 3438 praef.
787 3375 850 3437 p.
882 3351 1144 3431 XLIX,
1190 3351 1363 3435 quod
1409 3363 1714 3417 accurata
1760 3352 2200 3437 disputatione
2242 3364 2623 3438 persecutus
2671 3363 2769 3418 est
2798 3353 3111 3418 Alf1·edus

533 3450 1105 3518 Schottmuellerus
1166 3452 1246 3516 de
1299 3448 1472 3516 Pli'ni
1528 3452 1675 3517 libr.
1723 3476 1998 3537 gramm.
2045 3476 2104 3517 a.
2156 3454 2316 3517 1858
2361 3476 2425 3539 p.
2472 3454 2511 3517 8
2558 3455 2777 3541 sqq.*)
2825 3465 3113 3520 ceterum

702 3622 751 3688 *)
798 3625 1187 3676 Palaemonem
1235 3642 1268 3674 a
1306 3623 1560 3675 Charisio
1610 3627 1839 3675 citatum
1878 3630 2073 3688 quarto
2113 3626 2229 3676 fere
2266 3615 2490 3676 saeculo
2527 3627 2584 3675 in
2624 3627 2810 3677 Gallia
2847 3643 3114 3692 gramma-

535 3710 706 3759 ticam
755 3713 810 3758 et
857 3710 1186 3758 rhetoricam
1233 3713 1406 3758 artem
1452 3708 1759 3772 professum
1808 3725 1928 3759 esse
1967 3710 2341 3761 demonstrare
2378 3710 2589 3761 studuit
2625 3710 3115 3762 Schottmuellerus

533 3794 569 3842 l.
599 3810 643 3846 c.
684 3810 733 3858 p.
762 3792 827 3843 30
861 3793 1178 3843 testimonio
1214 3808 1344 3844 usus
1383 3790 1594 3843 Sidonii
1632 3792 1965 3858 Apollinaris
2003 3798 2161 3859 epist.
2202 3796 2248 3845 V
2288 3798 2369 3858 10,
2404 3803 2495 3846 tua
2530 3812 2650 3846 vero
2685 3802 2785 3845 iam
2820 3798 2977 3854 clara,
3014 3803 3116 3845 lam

534 3877 829 3943 spectabilis
865 3879 1018 3927 dictio
1056 3885 1157 3938 esi,
1194 3885 1248 3926 ut
1281 3879 1355 3927 illi
1390 3878 1569 3927 divisio
1604 3877 1950 3936 Palaemonis,
1987 3880 2214 3942 yravilas
2255 3880 2523 3952 Gallionis,
2563 3880 2874 3930 abundantia
2911 3882 3115 3944 Delphi·

535 3964 634 4024 dii,
683 3963 930 4027 Ayroecii
972 3963 1265 4026 disciplina,
1307 3962 1561 4024 fortitudo
1606 3962 1814 4024 Alcimi,
1854 3963 2104 4027 Adelphii
2136 3965 2450 4028 teneritud0‚
2488 3967 2631 4028 riyor
2666 3964 2862 4028 Magni,
2902 3967 3114 4015 dulcedo

542 4048 765 4096 Victorii
807 4061 905 4096 non
947 4048 1093 4096 modo
1129 4062 1228 4097 non
1261 4043 1555 4111 superiora,
1603 4047 1699 4095 sed
1730 4048 1820 4096 via:
1856 4048 2261 4111 aequiparabilia
2293 4049 2598 4098 scribantur.
2668 4065 2795 4098 nam
2833 4050 2961 4112 quia
2998 4065 3114 4099 ma·

533 4131 681 4180 xima
736 4145 863 4195 pars
920 4145 1102 4180 eorum
1158 4146 1292 4194 quos
1338 4129 1594 4181 Sidonius
1640 4131 1944 4181 nominavit
1989 4133 2132 4181 inter
2177 4133 2517 4197 professores
2564 4132 2996 4197 Burdigalenses
3044 4133 3113 4184 ab

534 4214 779 4264 Ausonio
826 4214 1230 4279 celebraretur,
1277 4216 1348 4265 ab
1393 4215 1479 4265 his
1525 4231 1633 4264 non
1683 4215 2049 4280 separandum
2098 4231 2218 4266 esse
2257 4216 2658 4268 Palaemonem.
2730 4216 2825 4266 sed
2864 4218 3117 4281 quamvis

536 4297 705 4348 facile
744 4297 1108 4349 concedamus
1144 4279 1416 4350 rheto‘rem
1455 4316 1487 4349 a
1513 4300 1736 4350 Sidonio
1760 4299 2044 4349 laudatum
2071 4302 2462 4365 grammaticae
2498 4316 2710 4365 quoque
2749 4302 2852 4351 arti
2892 4317 3115 4366 operam

540 4383 789 4445 dedisse,
846 4389 1033 4434 tamen
1086 4399 1193 4434 non
1248 4384 1494 4448 sequitur
1539 4389 1781 4435 aetatem
1828 4384 1980 4434 illius
2031 4385 2099 4434 ad
2144 4390 2393 4450 tempora
2439 4401 2621 4435 eorum
2660 4401 2883 4450 quorum
2920 4392 3117 4451 postea

538 4467 745 4531 scripta
791 4472 920 4517 sunt
963 4469 1187 4518 nomina
1233 4468 1626 4518 detrudendam
1675 4483 1816 4522 esse.
1885 4485 2011 4520 nam
2056 4485 2123 4518 ne
2170 4469 2349 4520 dicam
2397 4469 2732 4533 Gallionem,
2786 4486 2944 4535 quem
2993 4486 3117 4520 cum

537 4551 878 4603 Palaemone
926 4551 1181 4602 Sidonius
1233 4556 1518 4618 conponit,
1565 4568 1673 4602 non
1711 4554 1985 4604 diversum
2026 4568 2145 4604 esse
2185 4570 2217 4603 a
2251 4555 2410 4604 Iunio
2448 4553 2725 4616 Gallione,
2773 4554 3116 4606 nobilissimo

536 4635 779 4699 rhetore,
828 4638 1087 4700 quoniam
1133 4636 1273 4686 illud
1317 4639 1495 4703 ipsum
1542 4638 1812 4687 incertum
1861 4643 1970 4701 est,
2018 4639 2262 4703 potuisse
2302 4639 2671 4702 antiquiorum
2708 4638 2983 4689 rhetorum
3021 4656 3115 4690 no-

538 4720 684 4770 mina
731 4736 853 4770 cum
897 4722 1298 4772 recentioribus
1337 4723 1598 4786 coniungi
1634 4721 1724 4772 vel
1774 4737 1840 4771 ea
1877 4721 2144 4786 probant,
2184 4737 2327 4785 quae
2366 4722 2512 4786 apud
2551 4722 2837 4772 Sidonium
2875 4739 3112 4787 sequun-

539 4806 650 4866 tur,
692 4819 817 4854 sane
854 4821 914 4854 ne
953 4806 1128 4856 videar
1172 4806 1265 4855 libi
1306 4804 1396 4854 sub
1442 4806 1535 4855 hoc
1584 4808 1730 4870 quasi
1761 4805 2086 4869 hyperbolico
2123 4806 2377 4856 rhetorum
2412 4810 2644 4872 calaloyo
2681 4809 2934 4857 blanditus
2971 4811 3114 4873 quip-
