3541 5564
383 314 511 379 478
1498 313 1867 376 EVTYCHIS

430 437 474 478 p.
504 426 595 469 186.
622 425 673 466 87
699 424 745 463 L.
2573 433 2615 475 p.
2644 422 2761 462 2179.
2786 422 2838 462 so
2864 419 2909 464 Ρ.

683 504 1084 583 psalliinus
1127 510 1200 562 et
1244 502 1602 563 saltamus
1645 502 1954 563 Achivis
1997 493 2271 562 'scitius
2315 503 2597 563 unctis:

380 607 540 686 pello
584 606 791 686 pellis,
838 604 900 664 id
946 613 1036 665 est
1079 604 1284 673 trudo,
1343 604 1498 664 unde
1555 606 1934 683 componitur
1990 604 2223 684 appello
2269 604 2538 684 appelliS.
2625 622 2762 664 nam
2806 603 2962 683 quod

382 709 455 770 ad
512 709 926 769 salutationem
985 707 1278 786 pertinet,
1338 706 1479 766 licet
1533 705 1787 785 simplex
1841 724 1958 765 non
2027 706 2201 768 facile
2256 707 2589 774 invenitur,
2645 713 2842 765 tamen
2902 706 2961 764 in

383 812 810 890 compositione
867 809 1237 869 differentiae
1294 825 1504 867 sensus
1559 826 1735 869 causa
1794 805 2041 887 prifmae
2097 816 2188 868 cst
2242 809 2704 885 coniugationiS‚
2753 815 2817 867 ut
2862 826 2962 886 ap·

382 912 537 992 pello
581 910 865 991 appellas
956 908 1111 970 bello
1168 917 1366 970 autem
1427 908 1609 970 bellas
1663 910 1814 971 vallo
1873 910 2084 971 vacillo
2128 910 2390 971 scintillo
2435 909 2623 979 stiHo,
2671 918 2737 970 ut
2781 928 2811 969 a
2857 927 2961 970 no·
2989 928 3014 966 5

382 1013 645 1075 minibus
700 1013 919 1073 bellum
975 1012 1189 1072 vallum
1251 1011 1522 1072 vacillum
1581 1007 1840 1072 scintilla
1896 1012 2054 1072 stilla
2111 1013 2403 1082 derivata,
2449 1012 2711 1089 generali
2757 1011 2963 1089 regula

385 1119 515 1176 iure
562 1116 791 1195 primae
840 1120 995 1172 sunt.
1057 1115 1118 1172 in
1167 1112 1258 1173 lor
1303 1131 1537 1193 quoque
1584 1114 1920 1175 desinentia
1968 1115 2193 1193 primae
2226 1121 2365 1177 sunt
2409 1114 2623 1183 omnia,
2670 1122 2733 1174 ut
2778 1113 2963 1192 palor,

384 1218 540 1279 unde
585 1218 648 1276 in
693 1217 737 1276 V
783 1214 938 1275 libro
983 1214 1273 1292 Virgilius
1325 1215 1475 1275 dixit
1529 1215 1915 1295 ‘palantes
1958 1216 2188 1276 Troas
2244 1215 2569 1293 agebat',
2628 1215 2965 1294 praestulor

385 1318 620 1398 fabulor
664 1316 901 1378 osculor
945 1316 1151 1377 adulor
1197 1316 1462 1377 aemulor
1506 1317 1711 1396 epulor
1756 1317 2022 1395 gratulor
2065 1319 2293 1378 iaculor
2338 1318 2597 1396 regulor.

554 1422 621 1483 ln
665 1439 762 1480 mo
817 1419 1148 1479 desinentia
1204 1436 1577 1499 quacumque
1636 1421 1817 1481 vocali
1867 1438 1970 1481 seu
2016 1428 2377 1481 consonante
2423 1421 2790 1499 praeposita,
2838 1420 2962 1499 pri·
2991 1434 3042 1475 ιο

386 1525 590 1583 mitiva
634 1540 739 1583 seu
785 1521 1140 1590 derivativa,
1188 1522 1414 1600 primae
1461 1530 1596 1583 sunt
1653 1523 2118 1600 coniugationis,
2178 1530 2244 1582 ut
2299 1541 2429 1583 amo
2485 1522 2674 1582 clamo
2720 1523 2966 1582 aestimo

394 1624 570 1684 domo
613 1624 793 1684 humo
839 1630 1077 1683 autumo
1123 1623 1321 1683 hiemo
1366 1624 1528 1683 sumo
1573 1642 1781 1702 spumo
1827 1623 2061 1684 flammo
2109 1643 2270 1684 armo
2314 1624 2560 1684 lacrimo
2604 1624 2802 1694 firmo,
2849 1624 2961 1685 nisi

390 1727 509 1787 sint
553 1727 860 1805 primitiva
907 1744 938 1784 e
986 1724 1225 1785 brevem
1282 1723 1593 1785 habentia:
1656 1733 1798 1785 tunc
1853 1726 2011 1786 enim
2071 1727 2283 1785 tertiae
2327 1733 2467 1785 sunt
2509 1727 2963 1803 coniugationiS,

387 1836 454 1889 ut
499 1846 631 1888 emo
681 1829 861 1895 emiS‚
909 1844 1080 1903 gemo
1124 1827 1340 1904 gemis,
1387 1845 1594 1905 premo
1640 1835 1851 1888 tremo.
1918 1835 2157 1888 notatur
2201 1828 2427 1906 primae
2474 1845 2673 1888 cremo
2717 1847 2965 1888 cremas,

389 1934 409 1991 i
456 1948 693 2010 quoque
739 1928 1071 1990 breviante
1106 1949 1201 1989 mo
1232 1931 1470 1989 inventa
1502 1930 1729 2008 primae
1774 1937 1939 1999 sunt,
1987 1937 2051 1989 ut
2095 1932 2341 1990 aestimo
2386 1929 2631 1990 lacrimo
2674 1931 2963 2000 exanimo,
2998 1948 3045 1986 ιτ»

394 2034 508 2092 nisi
556 2033 881 2110 composita
928 2033 1047 2091 sint
1092 2051 1162 2091 ex
1209 2031 1305 2091 his
1348 2049 1499 2109 quae
1547 2051 1578 2090 e
1626 2038 1762 2090 ante
1808 2050 1902 2091 mo
1947 2031 2170 2091 habent
2213 2033 2275 2091 in
2314 2028 2336 2111 ΙΙ
2371 2032 2754 2110 simplicitate
2800 2041 2861 2093 et
2903 2034 2965 2093 in

391 2134 817 2213 compositione
876 2151 1004 2193 eam
1059 2134 1238 2193 etiam
1295 2134 1357 2192 in
1414 2135 1434 2192 i
1491 2138 1896 2193 mutaverunt:
1955 2142 2094 2194 tune
2139 2134 2298 2193 enim
2344 2133 2528 2194 solius
2574 2135 2785 2194 tertiae
2832 2140 2969 2194 sunt

390 2235 852 2313 coniugationiS,
915 2243 979 2295 ut
1033 2236 1341 2314 conprimo
1397 2237 1666 2313 exprimo
1722 2236 2004 2295 interimo
2060 2235 2252 2295 adimo
2309 2234 2545 2294 dirimo,
2634 2237 2696 2295 in
2751 2235 2969 2315 quibus

389 2345 668 2398 notantur
713 2337 885 2397 demo
930 2337 1154 2406 demiS,
1213 2341 1421 2415 promo
1477 2339 1732 2415 promiS,
1791 2338 1931 2415 quia
1987 2336 2061 2396 ab
2120 2357 2190 2397 eo
2244 2337 2397 2415 quod
2445 2344 2537 2397 est
2580 2356 2711 2398 emo
2757 2356 2965 2398 secun-

391 2438 529 2498 dum
585 2438 870 2519 quosdam
927 2439 1248 2517 composita
1314 2437 1746 2515 longitudinem
1814 2440 2271 2517 praepositionis
2337 2447 2748 2509 servaverunt,
2817 2441 3043 2500 sicutao

390 2543 617 2620 perimo
675 2542 923 2620 perimis
981 2540 1362 2599 brevitatem:
1421 2539 1776 2618 quibusdam
1844 2559 1963 2600 non
2025 2540 2099 2600 ab
2158 2560 2227 2600 eo
2285 2541 2560 2601 videntur
2617 2544 2964 2621 composita.

395 2661 560 2702 sumo
604 2645 747 2702 item
795 2641 985 2702 solum
1031 2642 1243 2700 tertiae
1288 2642 1724 2719 coniugationis
1767 2644 2069 2702 invenitur
2115 2661 2150 2701 u
2209 2643 2443 2720 longam
2486 2661 2756 2712 servam,
2815 2645 2970 2704 sicut

390 2762 562 2804 vomo
606 2764 641 2803 o
698 2742 938 2804 brevem
996 2750 1132 2804 ante
1190 2761 1284 2804 mo
1338 2742 1592 2814 habens;
1649 2750 1710 2803 et
1764 2762 1932 2804 como
1976 2745 2336 2824 paenultima
2381 2745 2555 2823 longa
2601 2763 2633 2806 a
2679 2763 2967 2825 compono

392 2848 725 2914 concisum,
773 2853 839 2906 ut
882 2853 971 2905 est
1016 2844 1169 2924 apud
1219 2844 1473 2906 Statium
1519 2844 1857 2906 Thebaidos
1900 2845 2057 2906 libro
2101 2846 2181 2906 111

697 2946 942 3026 inplet
986 2965 1231 3007 amore
1278 2949 1422 3016 sui,
1472 2955 1765 3007 comunt
1811 2948 2021 3008 i'uror
2067 2949 2330 3027 iraque
2376 2951 2685 3017 eristaS,
2991 2970 3041 3010 25

394 3048 546 3128 apud
595 3048 848 3109 eundem
894 3047 1052 3108 libro
1098 3048 1252 3107 v1111

1049 3149 1245 3209 hune
1292 3158 1446 3210 toto
1490 3153 1744 3230 capies
1788 3170 1918 3231 pro
1963 3169 2280 3230 corpore
2326 3153 2642 3220 crinem,

697 3270 990 3312 comere
1036 3271 1246 3331 quem
1291 3254 1573 3314 frustra
1619 3273 1722 3313 me
1770 3252 2225 3330 dedignante
2272 3254 2587 3315 solebas.

396 3358 457 3414 in
499 3373 628 3415 mor
673 3373 858 3434 pauca
904 3353 1175 3433 quidem,
1238 3355 1466 3433 primae
1526 3362 1719 3416 tamen
1778 3356 2193 3424 inveniuntiu·,
2241 3358 2461 3435 quippe
2507 3377 2539 3416 a
2584 3358 2822 3416 nomine
2866 3357 2967 3416 de-

397 3459 616 3526 rivata,
666 3464 731 3516 ut
773 3458 961 3516 rimor
1008 3458 1245 3516 rimaris
1299 3476 1331 3517 a
1394 3459 1573 3527 rima,
1623 3475 1896 3518 racemor
1941 3460 2264 3518 racemaris
2308 3477 2340 3517 a
2385 3476 2644 3519 racemo.
2993 3485 3045 3525 ³0

565 3557 629 3617 ln
676 3576 752 3617 no
807 3557 1138 3618 desinentia
1183 3577 1552 3638 quacumque
1607 3559 1790 3620 vocali
1849 3559 2232 3620 antecedente
2280 3559 2446 3619 brevi
2495 3560 2585 3621 vel
2628 3560 2801 3638 longa
2844 3561 2966 3640 pri-

395 3746 675 3810 (superscr.
714 3745 761 3808 1)
797 3745 1062 3811 psallimus
1101 3744 1151 3793 B
1180 3744 1504 3810 epistolaram
1541 3745 1667 3794 libro
1710 3746 1976 3812 psallimus
2010 3746 2061 3796 P
2108 3747 2436 3812 epistularum
2475 3747 2601 3796 libro
2638 3748 2801 3813 primo
2832 3747 2967 3812 psal-

394 3818 545 3867 limus
585 3823 635 3864 t.-
676 3817 825 3879 epiat.
861 3816 904 3864 Il
943 3816 1000 3874 1,
1037 3813 1104 3865 33
1215 3816 1239 3865 1
1279 3814 1518 3863 saltemus
1549 3816 1586 3877 f
1684 3817 1860 3865 scitius
1909 3817 2071 3867 unctis
2115 3832 2149 3872 ς
2181 3818 2331 3865 citius
2376 3817 2541 3867 unctis
2571 3818 2622 3866 P
2666 3817 2969 3866 dictionibus

395 3891 676 3950 (superscr.
707 3883 884 3949 eitius)
912 3887 1074 3934 unctis
1097 3884 1148 3933 B
1173 3886 1330 3934 cicius
1365 3885 1514 3934 uictis
1536 3887 1572 3947 f
1586 3885 1786 3936 diucius
1811 3886 1996 3935 uinetis
2021 3893 2041 3935 t
2141 3887 2174 3936 5
2209 3887 2337 3936 bello
2371 3897 2537 3935 autem
2565 3888 2721 3936 bellas
2752 3887 2968 3936 scintillo

395 3956 530 4005 uallo
577 3954 763 4021 uagillo
812 3955 946 4004 stillo
997 3954 1160 4003 stillas
1196 3965 1244 4004 et
1280 3971 1311 4004 a
1351 3957 1400 4004 P
1437 3956 1568 4004 bello
1609 3964 1773 4004 autem
1814 3956 1968 4006 bellas
2011 3956 2142 4005 uallo
2185 3957 2403 4007 scintillo
2439 3956 2623 4005 uacillo
2662 3954 2796 4005 stillo
2827 3972 2883 4005 as
2920 3966 2969 4006 et

397 4027 557 4087 (corr.
587 4029 661 4085 ut)
686 4041 713 4073 a
739 4025 790 4074 B
894 4025 928 4076 6
952 4023 1209 4090 uacillum]
1245 4025 1490 4090 uagillum
1525 4026 1574 4074 P
1676 4027 1706 4075 7
1738 4025 1902 4089 pallor
1940 4027 2118 4088 BPtf
2217 4026 2250 4076 8
2280 4027 2329 4075 in
2365 4028 2407 4074 V
2444 4024 2591 4092 libro]
2625 4026 2755 4078 Aen.
2785 4027 2830 4076 V
2866 4026 2967 4077 265

536 4095 785 4161 pallantes
818 4093 899 4144 Bt
931 4093 1178 4159 pallentes
1216 4095 1308 4156 Pf
1472 4094 1535 4144 15
1571 4096 1587 4142 i
1625 4108 1826 4158 qnoque
1862 4096 2146 4159 (super-scr,
2179 4097 2289 4156 bre)
2320 4105 2436 4144 aute
2472 4111 2554 4145 mo
2589 4096 2827 4145 habentia
2867 4097 2967 4160 pri·

399 4180 511 4214 mae
548 4166 600 4215 B
744 4165 806 4214 18
846 4163 1013 4213 adimo
1045 4164 1267 4226 (derimo
1303 4164 1422 4213 add.
1465 4167 1533 4213 al.
1570 4164 1660 4226 m.)
1696 4165 1746 4212 in
1782 4166 1965 4227 quibus
2000 4168 2049 4215 P
2185 4167 2250 4217 19
2283 4173 2519 4216 notantur
2551 4174 2570 4215 t
2606 4175 2805 4216 notatur
2832 4182 2969 4216 corr.

400 4239 469 4288 al.
508 4252 569 4286 m.
608 4243 845 4282 notantur
881 4234 930 4282 P
965 4241 1163 4283 notatur
1198 4234 1248 4283 B
1387 4234 1454 4285 23
1491 4231 1703 4299 habens]
1751 4234 1904 4284 habet
1942 4237 1990 4285 P
2017 4236 2167 4284 habet
2200 4252 2338 4288 corr.
2378 4235 2551 4284 habuit
2588 4236 2636 4284 B
2742 4243 2791 4284 et
2826 4250 2968 4284 como

399 4307 675 4370 penultima
713 4304 814 4354 lon.
853 4319 883 4352 a
913 4318 1163 4370 compono
1196 4318 1487 4353 concessum
1523 4304 1682 4368 (corr.
1717 4305 2021 4369 concisum),
2049 4320 2304 4368 super-ser.
2338 4309 2404 4355 al.
2433 4322 2493 4356 m.
2530 4318 2673 4353 como
2709 4320 2885 4355 comas
2919 4315 2973 4355 ut

399 4384 449 4423 at
488 4375 577 4424 illa
607 4375 813 4424 denario
850 4383 1014 4423 comat
1044 4384 1097 4423 ut
1123 4383 1200 4423 est
1239 4388 1380 4422 eomo
1410 4376 1458 4425 B
1487 4384 1537 4423 et
1560 4389 1704 4423 como
1730 4383 1788 4422 ut
1823 4385 1901 4424 est
1940 4385 1992 4424 at
2024 4376 2110 4425 illa
2147 4377 2355 4427 denario
2392 4384 2557 4426 comat
2587 4384 2636 4424 et
2665 4389 2811 4424 como
2849 4391 2972 4441 pen-

400 4444 575 4494 ultima
609 4445 761 4509 longa
799 4459 829 4493 a
861 4459 1111 4509 compono
1142 4454 1190 4493 et
1227 4445 1481 4493 concisum
1521 4447 1568 4495 P
1592 4453 1640 4493 et
1669 4459 1814 4494 como
1852 4445 2130 4509 penultima
2170 4448 2324 4511 longa
2362 4461 2392 4494 a
2427 4459 2677 4509 compono
2711 4446 2969 4494 concisum

400 4523 477 4562 est
512 4522 531 4563 t
644 4516 710 4564 24
747 4514 834 4563 lib.
870 4515 931 4563 ill
971 4514 1200 4564 tebaidos
1222 4516 1258 4576 f
1286 4513 1551 4564 thebaidos
1578 4515 1664 4566 lib.
1703 4515 1789 4563 llll
1815 4515 1866 4564 B
1902 4513 2167 4568 thebaidos
2194 4517 2320 4566 libro
2348 4525 2524 4578 quarto
2550 4515 2599 4562 P
2629 4515 2757 4565 libro
2791 4525 2970 4577 quarto

398 4582 664 4634 thebaidos
698 4591 746 4633 e:
789 4582 942 4634 Theb.
977 4585 1043 4633 111
1076 4585 1181 4634 424
1352 4585 1420 4634 25
1459 4585 1646 4650 inpleto
1693 4598 1833 4633 more
1867 4599 2003 4639 corr.
2045 4588 2114 4639 al.
2150 4604 2212 4636 m.
2262 4587 2417 4651 inplet
2462 4600 2629 4635 amore
2670 4587 2719 4634 P
2763 4585 2970 4652 impleto

402 4666 540 4702 more
569 4654 857 4718 simpletas
894 4669 1030 4703 more
1060 4663 1079 4704 t
1255 4655 1426 4717 itaque
1462 4671 1596 4707 corr.
1631 4656 1698 4707 αΙ.
1733 4670 1793 4702 m.
1835 4656 2010 4716 iraque
2044 4656 2092 4704 P
2262 4656 2329 4705 26
2367 4655 2490 4705 libro
2526 4655 2639 4704 Vlll
2675 4653 2814 4706 BPe
2858 4657 2970 4706 Vlll

403 4722 492 4773 lib.
520 4723 578 4783 f:
615 4722 769 4773 Theb.
811 4723 947 4772 Vllll
981 4723 1081 4774 901
1192 4725 1257 4774 27
1295 4726 1486 4773 crimen
1524 4724 1601 4773 Pe
1706 4724 1775 4774 28
1805 4739 2003 4774 comere
2033 4741 2180 4789 quem
2218 4742 2298 4775 me
2336 4724 2521 4774 frustra
2557 4738 2757 4775 comere
2795 4725 2970 4791 (ligata

403 4791 563 4856 (corr.
601 4791 835 4858 dignata)
864 4793 1063 4843 solebas
1092 4794 1129 4855 f
1259 4808 1338 4842 me
1373 4808 1452 4842 me
1489 4794 1730 4860 dignante
1766 4793 1817 4841 P
