3541 5564
588 355 671 420 22
1700 351 2046 417 CLEDONll

640 479 683 520 p.
712 467 823 507 mm
850 466 899 507 τι
926 464 958 504 r

590 545 824 635 quando
868 546 1094 606 dativus
1140 562 1309 605 casus
1351 541 1664 622 singularis
1709 544 1727 602 i
1772 541 1966 604 littera
2014 544 2379 611 terminatur,
2428 549 2492 602 ut
2520 543 2672 616 aqile'
2713 540 2967 619 agiliter;
3014 547 3154 600 tunc

589 652 650 710 in
697 668 729 709 e
767 653 1008 718 exeunt,
1042 646 1276 726 quando
1322 645 1547 709 dativus
1592 664 1761 705 casus
1806 643 2118 723 singularis
2163 664 2198 704 o
2243 644 2437 705 littera
2468 646 2852 713 terminatur,
2884 651 2950 703 ut
2980 641 3152 703 docto

591 751 779 811 docte.
844 784 927 793 —
991 749 1243 810 Nomina
1306 750 1604 808 civitatum
1672 746 2023 826 aliquotiens
2090 764 2196 825 pro
2260 748 2684 824 significatione
2742 744 3154 806 adverbiorum

589 861 921 933 ponuntur,
972 860 1190 911 etcum
1224 849 1293 909 ad
1340 848 1535 911 locum
1574 852 1584 923 Ι
1622 850 1979 927 significant,
2013 850 2323 911 accusativi
2364 850 2623 928 speciem
2653 842 2876 918 tenent,
2923 855 2988 907 ut
3019 856 3157 926 puta

592 956 835 1016 Romam
880 970 1090 1034 pergo:
1138 971 1273 1013 cum
1317 951 1391 1011 de
1437 949 1593 1020 loco,
1640 951 1904 1021 ablativi,
1953 960 2015 1012 ut
2050 960 2186 1031 puta
2229 951 2414 1012 Roma
2460 952 2659 1017 venio:
2720 969 2851 1010 cum
2899 952 2958 1010 in
3008 948 3154 1020 loce,
3185 962 3211 1001 5

591 1055 902 1136 aliquando
960 1055 1242 1133 genetivi,
1302 1052 1610 1133 aliquando
1667 1052 1872 1121 dativi,
1944 1060 2084 1115 tunc
2138 1054 2421 1131 genetivi,
2480 1052 2713 1132 qnando
2770 1053 3162 1113 nominativus

593 1156 683 1218 vel
714 1176 813 1219 um
849 1155 939 1216 vel
971 1176 1040 1218 us
1071 1157 1248 1217 suerit
1277 1158 1643 1224 terminatus,
1677 1162 1741 1215 ut
1778 1164 1915 1235 puta
1948 1154 2114 1216 Ilium
2146 1156 2508 1217 Antandrum
2541 1154 2920 1223 Adrumctus;
2956 1153 3159 1214 adver-

592 1260 756 1321 bium
787 1262 847 1320 in
880 1258 1010 1320 loco
1055 1259 1194 1318 sacit
1223 1258 1312 1319 Ilii
1343 1260 1652 1319 Antandri
1676 1257 1999 1320 Adrumeti.
2063 1277 2197 1318 cum
2231 1267 2422 1319 autem
2458 1259 2849 1318 nominativus
2894 1255 3023 1318 aliis
3068 1274 3161 1316 re·

595 1360 744 1439 gulis
787 1362 965 1422 suerit
1010 1362 1386 1428 terminatus,
1444 1360 1768 1421 secundum
1829 1360 2082 1420 dativum
2127 1360 2266 1420 facit
2310 1359 2678 1425 adverbium.
2728 1367 2791 1419 ut
2835 1368 2976 1438 puta
3021 1359 3162 1420 Car·

593 1464 773 1540 thago
803 1462 1014 1522 Tibur:
1062 1461 1399 1523 adverbium
1445 1461 1558 1523 loci
1602 1464 1661 1523 in
1708 1462 1840 1522 loco
1887 1463 1997 1522 erit
2043 1462 2413 1539 ‘Carthagini
2456 1466 2644 1529 sum'‚
2695 1461 2938 1522 ‘Tiburi
2982 1464 3158 1521 snm'.
3194 1473 3243 1512 1⁰

594 1565 667 1626 ab
712 1564 807 1625 his
850 1563 1070 1642 regulis
1113 1583 1296 1644 pauca
1341 1566 1685 1626 auctoritate
1732 1573 2010 1644 usurpata
2053 1572 2214 1633 sunt,
2264 1571 2326 1624 ut
2370 1563 2684 1624 ‘Narbone
2715 1564 2830 1624 fui’
2876 1583 2986 1644 pro
3018 1564 3164 1625 Nar-

596 1667 767 1734 boni;
814 1665 1128 1726 ablativum
1172 1668 1371 1745 posuit
1401 1686 1509 1746 pro
1539 1658 1760 1726 da'tivo:
1810 1665 2116 1727 Sallustius
2161 1665 2536 1727 ‘Narbone
2583 1684 2712 1746 per
2756 1664 3164 1726 concilium

597 1768 1028 1838 Gallorum’,
1077 1766 1284 1829 Cicero
1326 1770 1385 1829 in
1432 1768 1774 1847 Philippicis
1831 1773 2020 1828 ‘cum
2067 1774 2139 1828 tu
2187 1767 2520 1830 Narbone
2566 1786 2851 1828 mensas
2916 1766 3166 1846 hospi-

597 1880 746 1933 tum
794 1874 1328 1932 convomeres'.
1391 1905 1465 1914 —
1534 1871 1748 1930 Contra
1801 1875 1811 1946 Ι
1861 1869 2013 1930 banc
2059 1870 2321 1947 regulam
2367 1872 2747 1931 inveniuntur
2789 1888 2924 1930 rare
2969 1876 3166 1929 aucto-

597 1976 800 2036 ritates
855 1979 1197 2052 usurpatae,
1260 1980 1322 2033 ut
1378 1972 1560 2033 durns
1614 1973 1866 2041 duriter,
1926 1973 2279 2033 inhumanus
2336 1972 2752 2034 inhumaniter.
2841 1974 2983 2031 item
3030 1979 3246 2034 sunt15

598 2074 737 2144 alia,
785 2093 935 2155 quae
981 2094 1015 2135 o
1060 2073 1314 2134 litteram
1359 2076 1421 2135 in
1467 2093 1532 2135 er
1576 2082 1953 2143 convertunt,
2000 2081 2065 2134 nt
2093 2074 2348 2135 violento
2393 2074 2693 2136 violenter.
2756 2075 2897 2134 item
2942 2092 3012 2134 ex
3059 2073 3170 2135 hac

601 2178 788 2238 forma
833 2184 972 2238 sunt
1017 2177 1284 2245 nomina,
1333 2194 1482 2256 quae
1526 2195 1561 2236 o
1607 2175 1860 2236 litteram
1906 2178 1968 2237 in
2012 2179 2033 2237 i
2076 2184 2455 2244 convertunt,
2503 2184 2562 2237 et
2606 2185 2701 2236 tus
2745 2173 3027 2257 syllabam
3074 2195 3168 2236 ac-

601 2280 853 2359 cipiunt,
902 2286 966 2339 ut
1009 2278 1204 2338 divino
1250 2277 1550 2346 divinitus,
1599 2277 1762 2339 caelo
1808 2276 2070 2338 caelitus.
2131 2284 2271 2338 sunt
2315 2277 2442 2346 alia,
2491 2296 2640 2356 quae
2688 2276 2984 2358 [genera]¹
3031 2278 3167 2338 dum

600 2382 857 2443 dativum
902 2383 962 2440 in
1010 2399 1044 2439 o
1089 2397 1209 2439 non
1253 2381 1512 2448 mittant,
1560 2381 1777 2441 variata
1824 2378 2096 2441 adverbia
2140 2381 2200 2439 in
2257 2387 2350 2439 tus
2396 2380 2686 2449 mittant,‘
2715 2389 2771 2441 et
2815 2379 2928 2441 hoc
2983 2398 3170 2459 paene

603 2483 675 2544 ab
742 2482 1016 2543 omnibus
1081 2479 1400 2560 generibus
1467 2481 1745 2543 decurrit.
1836 2501 1970 2543 nam
2033 2481 2201 2542 radix
2269 2482 2409 2542 lacit
2462 2481 2746 2543 radicitus
2802 2490 2860 2543 et
2915 2481 3169 2542 dativum
3199 2504 3251 2543 20

602 2587 783 2646 mittit
823 2586 886 2645 in
930 2586 966 2642 i.
1059 2581 1168 2645 alia
1215 2602 1364 2664 quae
1410 2586 1691 2662 originem
1741 2604 1858 2646 non
1904 2584 2153 2655 habent,
2213 2592 2275 2645 ut
2321 2586 2569 2663 penitus.
2660 2603 2794 2645 nam
2837 2583 3176 2645 medullitus

603 2707 634 2749 a
678 2687 964 2749 feminino
1019 2704 1240 2764 genere
1297 2685 1636 2748 adverbium
1693 2687 1861 2758 facit,
1909 2687 2063 2767 quod
2111 2695 2198 2747 est
2243 2688 2466 2766 primae
2513 2686 2938 2748 declinationis
3030 2705 3173 2766 ergo

602 2788 808 2869 regula
872 2789 1085 2849 horum
1153 2790 1458 2850 nominum
1514 2792 1614 2869 qui
1671 2799 1884 2852 exeunt
1936 2791 1998 2850 in
2057 2788 2333 2852 adverbia
2386 2792 2447 2851 in
2504 2809 2572 2851 us
2630 2788 2898 2871 valedunt.
2987 2808 3172 2871 pauca

604 2911 752 2972 quae
797 2893 1113 2952 auctoritas
1158 2890 1470 2971 adprobat,
1517 2901 1580 2953 ut
1624 2892 1879 2953 medulla
1924 2891 2293 2961 medullituS,
2346 2893 2355 2970 Ι
2408 2901 2465 2952 et
2509 2911 2539 2952 a
2585 2892 2837 2953 secunda
2886 2891 3173 2962 similiter,

604 3002 669 3055 ut
714 2992 938 3055 caelum
997 2992 1266 3064 caelituS,
1326 3002 1383 3055 et
1428 3013 1459 3055 a
1503 2996 1677 3055 tertia
1720 2994 2020 3064 similiter,
2069 3002 2131 3053 ut
2175 2994 2341 3054 radix
2387 2993 2689 3055 radicitus,
2780 3011 2818 3053 a
2863 3001 3069 3073 quarta
3117 3001 3176 3054 et
3201 3016 3254 3055 25

605 3097 806 3176 quinta
854 3093 1245 3156 declinatione
1291 3113 1577 3175 nusquam
1621 3094 1840 3158 lectum
1889 3104 1978 3157 est
2022 3097 2177 3176 quod
2225 3095 2497 3158 adverbia
2541 3098 2603 3157 in
2647 3116 2716 3158 us
2760 3099 3015 3158 mittunt.

1607 3266 1703 3327 DE
1748 3265 2171 3328 PARTICIPIO

771 3401 1148 3480 Participium
1205 3400 1455 3474 dictum,
1515 3402 1668 3482 quod
1726 3412 1954 3483 partem
2011 3403 2124 3463 sibi
2191 3402 2383 3472 verbi,
2454 3409 2682 3482 partem
2747 3403 2860 3465 sibi
2926 3405 3177 3464 nominis

606 3502 787 3566 tollat.
877 3522 1012 3564 nam
1069 3523 1100 3565 a
1158 3505 1396 3564 nomine
1451 3503 1603 3566 tollit
1657 3524 1828 3566 casus
1884 3513 1942 3566 et
1995 3522 2241 3584 genera,
2305 3524 2337 3564 a
2382 3505 2565 3565 verbo
2618 3507 3074 3584 significationes
3120 3514 3179 3567 et

606 3616 904 3687 tempora,
966 3604 1040 3665 ab
1085 3606 1346 3686 utrisque
1401 3606 1667 3686 partibus
1725 3625 2038 3669 numerum
2085 3613 2143 3667 et
2186 3608 2451 3684 figuram.
2545 3607 2814 3669 similiter
2859 3627 3076 3670 nomen
3122 3616 3179 3669 et
3206 3631 3255 3670 ao

607 3709 980 3789 participium
1026 3706 1172 3769 haec
1213 3727 1312 3769 res
1357 3709 1664 3770 discernit:
1714 3709 1867 3789 quod
1915 3711 1964 3770 si
2007 3710 2276 3787 genetivo
2321 3710 2515 3779 servit,
2564 3728 2782 3771 nomen
2826 3717 2943 3780 est:
2988 3711 3038 3770 si
3083 3730 3177 3771 ac-

609 3813 902 3881 cusativo,
950 3811 1343 3891 participium.
1407 3811 1704 3892 ‘prudens
1736 3820 1825 3872 est
1852 3810 2012 3872 illius
2042 3812 2184 3882 rei',
2233 3810 2525 3890 ‘prudens
2556 3822 2646 3875 est
2674 3813 2745 3874 ad
2790 3812 2947 3874 illam
2993 3832 3118 3874 rem
3138 3819 3177 3883 ‘‚

747 4016 868 4070 eod.
907 4016 1067 4067 Bern.
1106 4017 1173 4067 Ill
1212 4014 1420 4069 6—7*.
1565 4018 1589 4068 1
1632 4015 1757 4081 agili
1796 4032 1887 4068 om.
2018 4016 2068 4065 in
2108 4031 2135 4065 e
2171 4018 2276 4065 exit
2415 4018 2448 4068 5
2483 4017 2735 4067 ablatiuus
2815 4067 2818 4068 a
2872 4019 2905 4070 6
2943 4019 3180 4087 genetiuo

746 4087 978 4153 genetibo
1117 4087 1148 4135 7
1180 4087 1339 4136 illium
1377 4090 1535 4144 (corr.
1574 4083 1743 4151 ilium)
1779 4084 2047 4136 atandrum
2188 4089 2219 4136 8
2255 4087 2496 4137 aduerbio
2611 4088 2683 4138 illi
2723 4088 3004 4140 adt-umenti
3039 4105 3178 4141 corr.

610 4157 702 4207 -eti
843 4157 910 4208 10
940 4156 1232 4223 carthageni
1371 4158 1433 4208 11
1473 4173 1564 4223 pro
1600 4155 1816 4207 nasboni
1957 4155 2022 4208 13
2051 4157 2285 4224 filippicie
2427 4159 2491 4208 14
2528 4172 2870 4210 comuomeres
3015 4162 3075 4212 15
3103 4168 3182 4209 ut-

611 4241 847 4293 surpatae
876 4236 928 4276 ut
1070 4227 1134 4279 16
1172 4242 1300 4291 quae
1339 4242 1368 4276 ο
1406 4228 1457 4276 in
1502 4243 1556 4276 er
1593 4227 1809 4276 litteram
1844 4237 2160 4277 comuertuut
2190 4227 2344 4290 (corr.
2385 4231 2453 4279 al.
2487 4245 2613 4282 man.
2651 4227 2975 4295 conuertunt)
3118 4230 3182 4280 17

612 4298 806 4365 syllaba
947 4296 1011 4348 18
1049 4313 1228 4363 get-era
1266 4311 1405 4348 corr.
1446 4300 1519 4348 al.
1555 4313 1683 4346 man.
1717 4311 1907 4362 genera
2049 4297 2111 4348 19
2146 4297 2327 4365 paene]
2370 4306 2483 4347 tene
2624 4303 2689 4353 25
2731 4301 2972 4351 radicitus
3008 4311 3184 4364 quarta

751 4367 819 4419 29
859 4366 1027 4433 casus]
1070 4368 1150 4417 cui
1290 4367 1357 4418 30
1395 4382 1655 4417 munerum
1798 4367 1861 4418 31
1895 4367 2144 4418 descernit
2180 4384 2314 4419 corr.
2347 4368 2589 4419 discernit

755 4560 817 4609 12
852 4556 1085 4616 Sallustii
1113 4557 1266 4607 verba
1301 4557 1373 4607 ad
1396 4559 1657 4607 secundum
1688 4557 1861 4606 librum
1885 4558 2203 4608 historiarum
2242 4559 2413 4609 retulit
2430 4556 2659 4609 Kritzius
2687 4560 2813 4614 Sall.
2844 4561 2961 4614 laist.
2992 4560 3180 4624 fraym.

611 4644 664 4690 p.
715 4628 807 4678 130
947 4630 1011 4681 13
1045 4629 1096 4677 in
1133 4625 1455 4692 Philippicis]
1502 4627 1546 4676 11
1583 4627 1685 4690 30,
1724 4628 1790 4678 75
1934 4628 1996 4680 19
2034 4644 2193 4694 paene
2229 4628 2494 4679 Putea-hius
2632 4631 2700 4681 22
2732 4633 2978 4683 sententia
3007 4630 3184 4682 verbo-

615 4715 720 4747 rum
754 4703 805 4750 in
840 4698 965 4748 hunc
996 4698 1113 4762 fere
1148 4698 1335 4748 modum
1362 4699 1557 4747 restitui
1583 4699 1760 4761 possit,
1798 4713 1919 4764 ergo
1945 4698 2121 4765 regula
2155 4699 2331 4748 horum
2360 4700 2635 4761 nominum,
2663 4716 2792 4763 quae
2830 4703 2878 4751 in
2919 4717 2950 4749 a
2979 4710 3184 4758 exeunt,

617 4769 855 4819 adverbia
906 4771 955 4819 in
1001 4779 1081 4818 tus
1120 4768 1253 4822 l'acit.
1327 4783 1487 4833 pauca
1524 4784 1652 4831 quae
1689 4769 1740 4816 in
1779 4775 1857 4819 tus
1896 4769 2086 4818 vadunt
2121 4769 2389 4817 auctoritas
2424 4770 2670 4834 adprobat
2844 4772 2910 4821 ⁶25
2939 4786 2969 4820 a
3007 4779 3186 4834 quarta

620 4839 883 4890 Puesclaeius
1021 4837 1087 4889 32
1110 4839 1336 4902 fortasse
1372 4839 1647 4903 providens
1685 4844 1761 4887 est
1798 4839 1935 4889 illius
1973 4839 2046 4888 rei
2084 4839 2357 4904 providens
2394 4849 2470 4889 est
2505 4840 2643 4889 illam
2681 4856 2786 4890 rem
