3541 5564
318 954 431 1008 421,
459 955 489 1001 6

284 1023 398 1080 519,
426 1023 490 1069 29

308 3103 426 3163 421,
452 3101 483 3150 s

309 3172 425 3233 520,
453 3171 483 3219 s

521 357 642 422 100
1654 357 1958 421 POMPEI!

568 481 609 521 p.
638 469 787 506 11-13
814 466 857 506 L.

516 547 747 608 litterae
804 556 938 607 sunt
992 548 1280 625 quinque,
1339 567 1372 607 a
1418 566 1450 607 ε
1496 548 1516 606 i
1560 567 1594 606 o
1643 566 1707 607 u:
1780 549 1926 608 istae
1983 548 2243 626 quinque
2299 546 2530 608 vocales
2585 553 2742 607 sunt.
2834 546 3099 625 reliquae

513 651 629 710 iam
687 658 1077 709 consonantes
1131 656 1290 709 sunt.
1381 648 1483 710 sed
1541 651 1705 727 ipsae
1762 657 2156 710 consonantes
2210 651 2350 710 item
2406 651 2468 709 in
2524 647 2669 709 duas
2712 655 2910 729 partes
2953 647 3100 707 divi-

514 751 760 820 duntur,
810 754 866 812 in
914 750 1293 812 semivocales
1339 760 1398 811 et
1442 760 1650 813 mutas.
1723 750 2105 812 semivocales
2149 759 2285 811 sunt
2327 757 2587 830 septem,
2646 751 2673 810 s
2697 750 2717 810 1
2748 769 2806 810 m
2839 768 2878 810 n
2907 769 2937 810 r
2967 770 2996 808 s
3025 768 3095 816 x:

513 863 707 914 mutae
746 863 883 914 sunt
926 872 1166 922 novem.
1211 851 1248 913 h
1280 872 1311 912 c
1344 852 1378 912 d
1411 871 1448 930 g
1479 853 1515 912 l]
1554 853 1587 912 k
1622 872 1658 932 p
1691 873 1729 932 q
1758 860 1798 912 t.
1862 853 2166 914 videamus
2211 852 2284 914 de
2329 852 2443 913 illis
2487 851 2786 913 vocabulis
2828 851 3095 930 singulis.

685 955 927 1015 vocales
992 954 1184 1016 dictae
1254 964 1393 1015 sunt
1456 973 1523 1014 ea
1580 956 1843 1025 ratione,
1914 957 2192 1034 quoniam
2249 973 2356 1033 per
2411 973 2475 1015 se
2530 972 2735 1014 vocem
2791 953 3092 1033 impleant.
3126 971 3152 1008 ς.

516 1057 655 1137 quid
702 1066 787 1118 est
833 1077 939 1137 per
984 1059 1082 1118 se?
1152 1066 1385 1118 ceterae
1430 1056 1662 1118 litterae
1709 1075 1827 1117 non
1874 1056 2044 1118 aliter
2090 1058 2427 1135 exprimunt
2468 1075 2677 1117 sonum
2722 1074 2924 1124 suum,
2982 1055 3098 1116 nisi

510 1147 755 1238 iungant
784 1159 894 1220 sibi
925 1159 1212 1221 vocalium
1247 1178 1445 1220 sonos,
1506 1159 1739 1239 quando
1786 1159 1917 1219 dico
1964 1158 2029 1228 b,
2076 1177 2198 1220 non
2242 1157 2412 1219 aliter
2457 1177 2669 1219 sonum
2715 1157 2878 1218 illum
2923 1176 3095 1218 suum

510 1262 841 1323 naturalem
890 1263 1196 1341 exprimit,
1256 1262 1370 1321 nisi
1427 1249 1686 1322 iunctam
1733 1261 2010 1322 habuerit
2051 1259 2331 1322 vocalem.
2424 1279 2456 1321 c
2502 1279 2622 1320 non
2666 1261 2837 1320 aliter
2882 1278 3095 1320 sonum

508 1363 675 1425 illum
725 1363 1054 1424 naturalem
1100 1364 1407 1442 exprimit,
1458 1365 1572 1424 nisi
1616 1365 1878 1424 iunctam
1922 1362 2136 1424 habeat
2179 1361 2457 1423 vocalem.
2522 1361 2789 1423 similiter
2823 1367 2882 1422 et
2925 1361 3094 1421 l'non

509 1466 680 1525 aliter
727 1465 961 1526 (licitur.
1040 1465 1324 1526 stridores
1371 1473 1429 1525 et
1472 1464 1698 1524 dimidii
1744 1467 1904 1533 soni,
1953 1466 2066 1524 nisi
2110 1463 2428 1544 praecedat
2469 1463 2585 1524 illis
2632 1462 2847 1529 vocalis
2890 1481 3091 1532 sonuS,
3129 1480 3176 1518 1⁰

508 1586 626 1626 non
671 1564 936 1645 pos{sunt
980 1568 1149 1628 aliter
1194 1569 1465 1646 exprimi.
1558 1585 1700 1644 ergo
1748 1567 1912 1627 vides
1957 1568 2231 1645 quoniam
2292 1564 2439 1627 aliae
2482 1584 2590 1644 per
2635 1584 2699 1625 se
2745 1584 2863 1625 non
2910 1564 3096 1644 expli-

508 1675 644 1728 cant
699 1686 941 1739 sonum,
1002 1670 1117 1729 nisi
1167 1671 1385 1729 iunctis
1440 1668 1756 1730 vocalibus.
1846 1671 2009 1748 ipsae
2064 1675 2259 1729 autem
2317 1666 2544 1729 vocales
2601 1666 2818 1727 nullius
2861 1667 3095 1727 litterae

507 1769 723 1830 auxilio
781 1780 984 1848 egent,
1042 1771 1145 1832 sed
1201 1790 1312 1851 per
1356 1791 1420 1832 se
1477 1770 1727 1850 implent
1769 1789 2003 1841 vocem,
2066 1778 2128 1831 ut
2172 1772 2221 1830 si
2266 1769 2428 1830 dicas
2472 1788 2504 1830 a
2551 1788 2583 1829 e
2628 1771 2648 1829 i
2693 1788 2728 1829 o
2774 1788 2840 1839 u,
2889 1788 3098 1830 omnes

507 1892 614 1952 per
658 1892 721 1933 se
768 1875 1192 1952 exprimuntur.
1288 1891 1430 1952 ergo
1488 1873 1621 1933 ideo
1679 1873 1869 1934 dictae
1925 1880 2063 1933 sunt
2117 1871 2378 1943 vocales,
2438 1874 2575 1952 quia
2634 1880 2693 1932 et
2735 1890 2939 1933 vocem
2985 1891 3095 1951 per

505 1995 568 2035 se
599 1977 821 2036 faciunt
852 1984 910 2035 et
949 1975 1078 2036 aliis
1125 1994 1326 2036 vocem
1374 1983 1692 2054 praestant.
1753 1995 1889 2037 nam
1923 1994 2041 2036 non
2087 1974 2278 2035 solnm
2307 1976 2471 2053 ipsae
2504 1976 2843 2053 exprimunt
2886 1990 3091 2034 vocem
3123 1993 3174 2032 ιε»

505 2096 700 2146 suam,
746 2077 849 2138 sed
882 2080 1057 2138 etiam
1088 2076 1214 2137 aliis
1245 2078 1708 2137 consonantibus
1748 2078 1973 2138 addunt
2014 2096 2236 2137 vocem.
2300 2083 2389 2137 est
2430 2076 2540 2136 alia
2585 2077 2734 2136 ratio
2779 2075 3089 2145 vocalium,

505 2181 641 2255 quia
686 2179 844 2239 solae
889 2182 1115 2259 positae
1161 2178 1445 2258 syllabam
1491 2180 1728 2240 faciunt.
1794 2179 1951 2239 nulla
1999 2179 2109 2240 alia
2155 2179 2352 2240 littera
2389 2169 2518 2239 'sola
2565 2179 2754 2257 posita
2802 2177 3087 2258 syllabam

502 2281 657 2342 facit.
749 2291 886 2361 puta
932 2284 958 2342 l'
997 2300 1181 2360 pone,
1232 2281 1370 2341 tolle
1417 2281 1706 2351 vocalem,
1757 2290 1816 2341 et
1860 2280 2003 2341 nihil
2049 2288 2249 2341 sonat:
2311 2301 2342 2341 r
2386 2299 2575 2360 pone,
2623 2278 2762 2341 tolle
2807 2280 3089 2350 vocalem,

505 2392 563 2443 et
619 2402 734 2443 non
792 2390 988 2450 sonat;
1050 2391 1109 2443 et
1165 2392 1397 2443 ceterae
1455 2384 1531 2442 ita
1591 2402 1654 2444 se
1709 2386 1910 2463 utique
1965 2382 2200 2443 habent.
2291 2403 2322 2443 a
2366 2401 2551 2462 pone,
2611 2388 2670 2441 et
2711 2383 2829 2443 iam
2874 2400 2984 2461 per
3027 2400 3092 2442 se

504 2485 675 2564 plena
724 2495 839 2556 est,
888 2504 997 2564 per
1041 2504 1105 2546 se
1153 2486 1427 2564 exprimit
1472 2504 1681 2548 sonum
1730 2496 1789 2546 et
1834 2505 1941 2565 per
1985 2504 2048 2545 se
2093 2484 2377 2564 syllabam
2433 2484 2599 2554 facit,
2658 2493 2723 2544 ut
2766 2486 2832 2545 ‘a
2876 2485 3087 2562 virgo
3118 2505 3172 2545 so

502 2586 836 2646 infelix':
913 2605 948 2646 o
1014 2605 1203 2666 pone,
1275 2594 1330 2646 et
1395 2605 1505 2665 per
1571 2606 1634 2647 se
1689 2586 1861 2666 plena
1922 2594 2037 2660 est,
2097 2596 2160 2648 ut
2213 2591 2283 2646 ‘o
2357 2594 2618 2666 terque
2675 2594 3090 2664 quaterque

506 2686 771 2748 beati’:
830 2690 848 2747 i
906 2707 1064 2768 pone
1122 2695 1180 2749 et
1236 2707 1344 2768 per
1400 2708 1464 2747 se
1519 2688 1753 2767 plenam
1803 2689 1982 2749 eflicit
2027 2708 2258 2758 vocem,
2318 2687 2372 2747 ‘i
2428 2705 2740 2768 sequere
2796 2686 3086 2748 ltaliam

502 2793 802 2851 ventis'.
877 2809 1019 2870 ergo
1064 2793 1227 2870 ipsae
1274 2791 1506 2851 vocales
1551 2790 1712 2852 solae
1757 2790 2041 2872 syllabam
2088 2792 2326 2851 faciunt.
2363 2786 2368 2868 Ι
2406 2790 2622 2869 duplici
2671 2808 2813 2869 ergo
2859 2792 3088 2851 ratione

502 2892 692 2953 dictae
749 2901 887 2952 sunt
941 2893 1201 2964 vocales,
1261 2900 1359 2953 aut
1415 2895 1550 2972 quia
1606 2913 1712 2973 per
1769 2912 1834 2953 se
1890 2902 2128 2963 sonant,
2179 2901 2276 2953 aut
2320 2893 2455 2973 quia
2502 2891 2662 2954 solae
2707 2894 2933 2971 positae
2977 2910 3087 2972 pro

502 2993 740 3073 syllabis
784 2993 1096 3056 habentur.
3112 3020 3170 3057 ετ»

679 3096 1087 3159 Consonantes
1130 3106 1327 3158 tamen
1375 3097 1638 3177 reliquae
1682 3096 1818 3158 illae
1866 3117 1931 3158 ea
1977 3100 2205 3158 ratione
2251 3098 2440 3158 dictae
2488 3103 2627 3156 sunt
2671 3103 3086 3165 consonanteS,

509 3198 663 3277 quod
722 3216 842 3257 non
899 3207 1139 3270 sonant,
1201 3199 1304 3260 sed
1363 3208 1718 3268 consonant,
1778 3200 1835 3259 id
1894 3200 2178 3278 estquod
2226 3200 2386 3261 solae
2431 3199 2654 3278 positae
2701 3217 2820 3259 non
2865 3197 3089 3259 habent

502 3299 743 3379 plenum
802 3318 1042 3370 sonum,
1101 3300 1205 3360 sed
1266 3321 1399 3362 cum
1456 3302 1752 3363 vocalibus
1807 3304 2041 3363 iunctae
2095 3303 2494 3382 proferuntur.
2588 3309 2653 3360 ut
2705 3302 2754 3360 si
2811 3292 3084 3367 dicas'b.

504 3401 643 3462 tolle
689 3402 827 3462 inde
874 3423 933 3473 e,
993 3409 1051 3462 et
1107 3411 1394 3465 mutatum
1450 3413 1539 3465 est
1594 3413 1653 3465 et
1706 3423 1824 3465 non
1871 3404 2049 3464 habet
2092 3404 2333 3484 plenum
2378 3422 2609 3465 sonum.
2697 3411 2755 3462 et
2801 3401 2951 3462 bene
2997 3401 3087 3462 di·

504 3514 717 3565 cuntur
763 3511 1184 3574 consonanteS,
1233 3506 1390 3585 quod
1438 3505 1556 3566 duo
1602 3508 1733 3567 soni
1779 3504 1955 3567 simul
2000 3514 2232 3567 sonant.
3112 3528 3167 3569 ao

642 3744 669 3793 1
718 3744 919 3793 uocales
968 3752 1084 3794 sunt
1126 3745 1351 3807 reliquae
1389 3746 1487 3794 iam
1526 3754 1862 3795 consonantes
1903 3754 2020 3796 sunt
2066 3745 2156 3794 sed
2194 3747 2338 3810 ipsae
2387 3754 2722 3796 consonantes
2756 3745 2874 3793 item
2905 3745 2953 3793 L
2994 3758 3087 3792 no-

503 3814 640 3863 cales
676 3824 793 3862 sunt
830 3829 1004 3863 omnes
1044 3817 1159 3863 item
1198 3816 1364 3865 ABG
1499 3818 1529 3864 2
1570 3817 1866 3865 diuiduntur
1897 3824 2233 3865 consonantes
2272 3817 2319 3864 in
2359 3816 2408 3865 B
2550 3819 2579 3865 4
2612 3810 2892 3880 vocabulis]
2933 3822 3085 3863 uoca-

502 3884 635 3933 libus
672 3883 901 3933 ΑΒΕΔ
1075 3883 1109 3935 8
1146 3900 1173 3933 c
1205 3899 1302 3934 non
1348 3885 1494 3935 aliter
1522 3913 1593 3923 —
1632 3886 1813 3935 habeat
1861 3885 2082 3935 vocalem
2123 3902 2215 3938 om.
2256 3887 2393 3946 AL,
2429 3885 2553 3938 add.
2598 3902 2631 3933 a
2668 3888 2716 3935 in
2749 3899 2904 3949 mar-9.
3050 3884 3085 3935 9

503 3955 733 4003 similiter
770 3964 817 4002 et
861 3954 884 4002 f
928 3968 1023 4003 non
1061 3955 1205 4004 aliter
1245 3971 1331 4019 per
1366 3957 1633 4007 stridorem
1673 3958 1926 4019 quendam
1967 3956 2184 4004 demedii
2235 3971 2390 4005 sonus
2428 3957 2524 4004 nisi
2563 3957 2833 4020 praecedat
2873 3953 2956 4002 ille
2991 3969 3083 4003 no-

504 4026 630 4071 calis
666 4039 824 4073 sonus
863 4037 983 4089 ergo
1022 4025 1165 4074 uides
1205 4025 1252 4073 J,
1396 4026 1461 4076 10
1505 4027 1703 4074 dimidii
1743 4040 1902 4076 sonus
1941 4026 2036 4073 nisi
2074 4026 2378 4090 praecedant
2416 4026 2516 4074 illis
2557 4027 2746 4075 uocalis
2784 4038 2941 4073 sonus
2981 4038 3080 4072 non

502 4104 717 4158 possunt
754 4095 951 4157 (potest
973 4093 1042 4155 Β)
1076 4094 1220 4145 aliter
1248 4097 1465 4161 exprimi
1492 4096 1594 4147 Bc
1628 4097 1826 4145 demedi
1857 4096 2077 4156 (dimidii
2106 4094 2165 4158 a)
2201 4111 2357 4145 sonus
2394 4096 2491 4145 nisi
2525 4097 2827 4160 praecedent
2859 4101 2999 4157 (-ant
3022 4094 3084 4155 α)

508 4164 581 4212 illi
618 4165 821 4213 uocales
857 4163 986 4226 (illis
1023 4166 1213 4215 uocalis
1248 4170 1304 4227 a)
1348 4181 1504 4215 sonus
1544 4181 1642 4214 non
1681 4174 1848 4229 potest
1885 4166 2128 4230 (possunt
2163 4168 2220 4227 a)
2259 4167 2403 4215 aliter
2442 4168 2657 4229 exprimi
2696 4166 2744 4215 Α
2890 4163 2952 4215 13
2995 4178 3087 4228 ρει·

507 4249 562 4281 sc
597 4236 951 4298 exprimuntur
989 4246 1038 4284 et
1078 4235 1267 4300 inplent
1298 4250 1486 4293 uocem,
1509 4238 1557 4285 L
1684 4237 1746 4286 15
1782 4237 1924 4301 ipsae
1959 4237 2244 4302 exprimunt
2275 4238 2388 4299 (sed
2426 4236 2547 4286 add.
2585 4237 2657 4298 L)
2692 4250 2782 4301 per
2817 4250 2872 4284 se
2903 4249 3083 4284 uocem

506 4304 616 4353 AL
756 4306 823 4353 20
857 4318 947 4367 ρει·
990 4320 1046 4354 se
1083 4307 1333 4370 exprimet
1371 4320 1552 4355 sonum
1592 4313 1639 4354 et
1675 4321 1766 4371 per
1806 4322 1862 4355 se
1898 4308 2124 4357 sillabam
2165 4306 2286 4356 facit
2321 4315 2377 4355 ut
2409 4320 2439 4354 a
2475 4306 2626 4372 uirgo
2665 4305 2845 4355 inl'elix
2882 4319 2912 4353 o
2951 4318 3083 4368 pone

506 4385 555 4422 et
597 4390 683 4438 per
721 4389 775 4422 se
815 4374 964 4438 plena
1002 4383 1078 4425 est
1114 4387 1167 4424 ut
1192 4387 1403 4438 uterque
1442 4385 1778 4439 quattuorque
1820 4379 1949 4426 beati
1988 4391 2020 4425 u
2061 4391 2189 4442 pone
2229 4376 2277 4424 L
2314 4391 2406 4440 per
2443 4391 2498 4425 se
2533 4376 2772 4443 exprimit
2811 4376 3084 4440 (exprimet

506 4443 646 4508 AB)
692 4459 871 4493 sonum
909 4459 937 4493 a
983 4448 1130 4511 uirgo
1181 4446 1357 4494 infelix
1398 4446 1474 4508 (in
1516 4446 1591 4509 Α)
1634 4462 1661 4496 o
1711 4456 1883 4509 terque
1929 4448 1989 4510 (o
2029 4459 2236 4510 uterque
2274 4446 2343 4507 B)
2390 4455 2665 4509 quaterque
2703 4447 2718 4493 i
2755 4460 2884 4510 pone
2919 4444 3088 4494 ABG

644 4529 671 4562 a
720 4514 1083 4580 virgo],Ver9.
1128 4516 1288 4568 bucol.
1328 4515 1390 4575 0,
1430 4517 1496 4566 47
1640 4516 1703 4566 21
1743 4531 1773 4563 o
1809 4514 2002 4582 terque]
2057 4519 2215 4581 γει-9.
2251 4516 2381 4565 Aen.
2428 4519 2442 4563 Ι
2478 4515 2546 4566 94
2687 4517 2754 4565 22
2789 4517 2803 4563 i
2839 4511 3074 4579 sequere]

514 4583 671 4648 Ver-9.
712 4584 841 4635 Aen.
882 4584 971 4634 llll
1005 4586 1102 4636 381
1212 4585 1277 4635 23
1306 4594 1487 4635 uentos
1516 4586 1562 4633 A
1672 4586 1866 4634 faciunt
1899 4587 2093 4652 duplici
2132 4600 2253 4652 ergo
2290 4585 2484 4634 ratione
2524 4587 2688 4635 dictae
2724 4597 2840 4635 sunt
2878 4584 3081 4634 novales

506 4654 733 4714 (uocales
779 4656 940 4705 dictae
988 4666 1106 4705 sunt
1142 4654 1213 4715 A)
1253 4666 1338 4704 aut
1379 4658 1497 4719 quia
1536 4657 1648 4705 AL
1683 4654 1876 4704 faciunt
1916 4657 2030 4705 ideo
2073 4658 2236 4705 dictae
2273 4664 2390 4704 suut
2426 4656 2630 4705 uocales
2662 4656 2852 4720 duplici
2888 4656 3084 4703 ratione

507 4725 712 4773 uocales
740 4725 903 4773 dictae
939 4736 1055 4773 sunt
1080 4726 1217 4788 quod
1255 4741 1345 4791 per
1379 4741 1434 4775 se
1471 4733 1652 4775 sonant
1693 4727 1744 4774 id
1779 4736 1855 4774 est
1892 4728 2003 4775 sine
2031 4727 2222 4776 auxilio
2261 4726 2478 4775 alicuius
2511 4727 2639 4775 aliae
2679 4740 2771 4791 per
2806 4742 2860 4774 se
2898 4739 3082 4774 sotium

507 4807 602 4842 non
638 4794 844 4857 implent
881 4809 1002 4859 ergo
1045 4795 1244 4844 uocales
1285 4797 1451 4845 dictae
1491 4804 1607 4845 sunt
1651 4806 1738 4845 aut
1789 4797 1903 4857 quisi
1953 4796 2057 4847 BC
2201 4797 2263 4844 27
2300 4796 2436 4845 solae
2477 4798 2673 4860 positae
2706 4795 2938 4845 sillabam
2977 4808 3078 4845 nou

507 4863 698 4915 faciunt
730 4880 887 4929 neque
928 4864 1109 4914 habent
1144 4866 1345 4931 plenum
1383 4880 1561 4914 sonum
1609 4867 1650 4915 L
1792 4867 1860 4917 30
1899 4866 2032 4931 qnod
2070 4866 2268 4917 (luobus
2302 4867 2445 4915 sonis
2482 4867 2630 4915 simul
2669 4874 2852 4915 sonant
2888 4866 2936 4917 L
