3541 5564
1568 356 1711 418 Ans
2603 384 2609 409 ι
2855 352 2940 417 59

2647 476 2689 518 p.
2718 466 2819 505 1918
2847 462 2891 502 Ρ.

358 548 728 610 declinari
793 548 937 608 rite
984 563 1128 606 non
1176 554 1514 625 possunt,
1561 552 1635 604 ut
1680 545 1863 604 cedo
1922 562 2050 604 ave
2109 545 2274 605 saxo
2319 546 2422 605 sis
2464 543 2724 605 amabo
2766 545 2943 603 insit

356 655 647 731 inquam
695 668 972 730 quaeso
1018 651 1159 709 aio:
1209 650 1445 728 inquam
1492 649 1695 727 inquio
1741 666 1862 708 non
1893 648 2062 716 facit,
2110 665 2330 726 quaeso
2362 648 2597 726 quaesis
2629 666 2748 707 non
2781 647 2940 714 facit,

356 756 449 816 aio
494 755 602 814 aiis
649 771 767 813 non
813 752 970 813 facit.
1050 770 1193 829 ergo
1238 753 1346 811 ista
1393 751 1589 811 omnia
1635 751 1963 830 inaequalia
2011 758 2069 810 et
2112 750 2614 810 neutrodesectiva
2659 757 2813 809 sunt.
2865 783 2938 793 -—

356 858 541 917 Sunt
586 857 809 915 etiam
853 853 1391 933 monosyllaba,
1434 854 1445 930 1
1483 872 1664 933 quae
1709 852 1880 914 ideo
1914 855 2133 914 etiam
2168 850 2330 933 [quia
2364 853 2555 912 omnis
2585 852 2776 931 prima
2806 869 2942 937 per·
2969 859 3177 920 383,17

305 971 500 1019 ⁵sona
548 956 712 1018 verbi
756 965 1027 1036 correpta
1078 965 1193 1025 est,
1240 965 1305 1016 ut
1350 965 1552 1026 cante,
1616 962 1673 1016 to
1720 955 1915 1016 brevis
1960 963 2078 1015 est:
2137 955 2298 1024 dieo,
2362 974 2430 1015 co
2474 953 2671 1015 brevis
2718 961 2834 1024 est,
2885 962 2943 1014 et

355 1059 581 1140 cetera]
618 1058 978 1139 producta
1027 1067 1226 1129 sunt,
1275 1067 1349 1119 ut
1387 1066 1497 1118 sto
1542 1058 1630 1118 do
1678 1057 1806 1118 sio:
1858 1058 1933 1117 do
1965 1057 2096 1127 das,
2144 1058 2223 1118 ilo
2254 1058 2358 1118 ssas
2389 1058 2506 1119 nat.
2569 1055 2803 1136 quando
2832 1058 2944 1117 ista

356 1160 778 1241 monosyllaba,
823 1162 1105 1241 producta
1138 1170 1300 1231 sunt,
1337 1163 1660 1240 composita
1692 1159 1891 1220 brevia
1923 1167 2089 1228 sunt,
2128 1168 2192 1221 ut
2224 1159 2424 1220 reddo,
2463 1194 2538 1202 -—-
2574 1160 2755 1220 Sunt
2786 1177 2942 1220 ver·
2972 1166 3034 1214 18

356 1265 442 1326 ha
472 1267 815 1325 incertae
858 1260 1599 1343 si'gnificat.ioniS,ut
1640 1263 1912 1333 tondeo
1958 1262 2116 1323 lavo
2164 1262 2449 1323 fabrico
2497 1263 2753 1342 puni'0,
2791 1280 2942 1321 mu·-

359 1387 543 1429 nero
586 1364 866 1446 populo
907 1368 1157 1446 partio
1198 1366 1539 1427 adsentio
1584 1366 1803 1426 adulo
1851 1369 2052 1428 lucto
2081 1384 2389 1444 auguro:
2425 1373 2624 1426 utrum
2661 1366 2832 1425 activi
2869 1383 2941 1424 an

286 1489 331 1526 ιο
355 1453 574 1550 passivi
605 1469 823 1530 tondeo
854 1468 1107 1529 tondeor
1138 1470 1188 1529 si
1220 1470 1304 1527 vis
1335 1468 1536 1528 dicere
1566 1467 1725 1528 dicit.
1789 1468 1948 1529 lavo:
1983 1470 2301 1530 Terentius
2342 1469 2434 1527 ‘it
2475 1466 2653 1528 lavit
2691 1467 2943 1537 redit’,

357 1571 672 1632 Sallustius
738 1572 1167 1632 ‘Cossutius
1221 1572 1294 1631 in
1350 1571 1676 1650 proxima
1736 1570 1905 1633 villa
1964 1574 2171 1644 fonte
2228 1568 2670 1631 lavabatur'.
2756 1569 2943 1629 lueto:

357 1675 673 1736 Terentius
715 1672 1046 1734 ‘anulum
1106 1668 1545 1733 dum'luctat
1590 1672 2063 1744 detraxisse’,
2121 1671 2408 1750 Vergilius
2452 1670 2947 1751 ‘genibusque

359 1776 712 1837 adversae
759 1774 1105 1836 obluctor
1149 1775 1526 1837 harenae’.
1600 1778 1821 1855 partio:
1881 1774 2190 1836 Sallustius
2233 1776 2694 1854 ‘provincias
2745 1775 2947 1834 inter

358 1898 433 1940 se
478 1880 1008 1959 partiverant’,
1056 1877 1348 1958 Vergilius
1394 1882 1497 1939 ‘et
1539 1881 1788 1939 socios
1831 1879 2158 1957 partitur
2205 1880 2275 1938 in
2308 1882 2611 1938 omnes'.
2689 1892 2944 1954 auguro:

287 1998 333 2038 15
360 1980 651 2059 Vergilius
706 1979 812 2039 ‘et
865 1979 1115 2060 siquid
1162 1984 1319 2042 veri
1363 2000 1566 2042 mens
1620 1987 1961 2063 augurat,
2004 1976 2016 2062 ἱ
2052 1984 2276 2060 opto',
2324 1981 2545 2040 Statius
2590 1985 2948 2058 ‘auguror

360 2083 531 2143 hine
587 2081 862 2143 Thebis
917 2082 1099 2143 belli
1156 2088 1266 2145 m’.
1351 2083 1603 2163 populo,
1677 2102 1850 2144 vexo:
1939 2084 2234 2158 Veryilius
2289 2081 2781 2163 ‘populatque
2837 2084 2946 2142 in·

358 2194 648 2264 gentem
694 2186 926 2245 farris
957 2192 1325 2246 acervum'
1374 2193 1431 2246 et
1462 2187 1813 2265 ‘quisque
1843 2204 2047 2246 suum
2078 2186 2477 2267 populatur
2506 2187 2708 2245 iter'.
2775 2184 2948 2245 adulo

360 2287 556 2358 illuni,
604 2286 815 2348 adulor
858 2286 969 2356 illi,
1018 2282 1331 2369 obsequor.
1374 2323 1447 2332 —-
1498 2288 1580 2348 Et
1624 2288 1731 2348 his
1781 2287 2027 2348 verbis
2071 2306 2258 2366 pene
2303 2288 2675 2349 accidunt:
2724 2289 2858 2367 quia
2891 2294 2949 2346 et
2971 2294 3038 2342 20

361 2390 434 2451 ab
479 2391 666 2451 activa
732 2391 972 2450 veniunt
1025 2398 1081 2451 et
1127 2410 1157 2451 a
1203 2393 1456 2471 passiva,
1517 2399 1580 2450 ut
1633 2388 1808 2450 adulo
1839 2389 2109 2457 ¹adulans
2163 2389 2430 2452 adulatus
2489 2389 2836 2451 adulaturus
2892 2397 2949 2450 et

289 2492 709 2555 madulandus.
743 2492 920 2553 —ld
968 2502 1055 2554 est
1097 2496 1211 2554 rite
1255 2493 1541 2555 declinari
1586 2494 1828 2553 omnino
1874 2511 1991 2553 non
2036 2500 2299 2573 possunt.
2373 2511 2510 2553 nam
2556 2491 2630 2553 ab
2676 2511 2746 2553 eo
2791 2492 2949 2572 quod
2977 2498 3038 2545 16

363 2606 451 2657 est
495 2594 674 2665 cedo,
735 2593 829 2655 dic
887 2594 1028 2655 mihi
1084 2594 1243 2656 illam
1289 2614 1445 2665 rem,
1504 2594 1826 2657 secundam
1882 2604 1941 2656 et
1985 2598 2217 2657 tertiam
2264 2614 2579 2675 personam
2625 2614 2743 2656 non
2789 2596 2945 2663 facit,

363 2698 520 2771 cedis
566 2697 753 2766 cedit;
811 2698 874 2757 in
920 2696 1130 2776 plurali
1175 2698 1311 2758 facit
1355 2705 1538 2769 cette,
1587 2707 1651 2759 ut
1692 2698 1936 2759 Plautus
1980 2700 2041 2759 in
2088 2723 2126 2758 κ·
2184 2699 2417 2759 ‘cette
2478 2699 2675 2778 patri
2731 2701 2945 2766 meo’,

362 2802 419 2862 id
467 2808 556 2862 est
601 2801 736 2862 date
780 2799 870 2860 vel
918 2800 1093 2861 dicite
1139 2803 1292 2882 patri
1337 2820 1487 2862 meo.
1566 2820 1669 2862 ave
1713 2800 1985 2862 similiter
2015 2821 2136 2862 non
2166 2800 2526 2871 declinatur,
2575 2802 2689 2861 nisi
2720 2806 2947 2860 tantum

362 2905 420 2963 in
450 2903 710 2963 secunda
740 2921 1013 2982 persona.
1091 2903 1224 2963 saxo
1255 2904 1428 2964 faxis:
1476 2904 1789 2965 Terentius
1818 2903 2044 2964 ‘saxis
2075 2905 2438 2983 promissa
2483 2904 2946 2983 appareant',

293 3005 574 3067 maniabo
632 3026 665 3067 a
717 3006 909 3084 prima
965 3023 1222 3084 persona
1268 3025 1385 3066 non
1433 3005 1789 3076 declinatur,
1839 3008 1975 3086 quia
2020 3005 2179 3066 velut
2223 3005 2576 3066 blandientis
2635 3011 2722 3064 est
2765 3006 2947 3083 signi-

366 3109 575 3168 ficatio.
651 3109 780 3168 infit
823 3125 940 3167 non
986 3107 1318 3170 declinatur
1361 3111 1421 3169 in
1466 3111 1659 3187 prima
1703 3127 1988 3188 persona,
2048 3111 2182 3189 quia
2227 3110 2356 3169 infit
2399 3109 2596 3187 coepit
2637 3106 2828 3186 loqui,
2886 3113 2953 3168 ut

365 3212 578 3271 ‘insit
598 3195 1092 3335 eondicente
1138 3210 1194 3271 d.
1242 3210 1298 3270 d.
1347 3216 1433 3273 a'.
1469 3211 1476 3292 Ι

740 3330 799 3334 ἡ,
884 3329 971 3336 —--

506 3381 627 3433 God.
663 3380 821 3433 Ber-n.
866 3379 907 3428 Χ
946 3384 1060 3431 4-
1072 3383 1120 3434 5.
1263 3383 1289 3433 l
1331 3391 1383 3430 ut
1410 3383 1535 3432 cedo
1568 3383 1730 3444 (corr.
1761 3386 1829 3434 al.
1869 3401 1996 3435 man.
2035 3381 2158 3446 edo)
2195 3383 2325 3432 habe
2455 3386 2488 3433 2
2523 3378 2723 3451 inquio]
2765 3381 2948 3444 inqneo

503 3448 785 3516 ssquando]
831 3459 1074 3514 quantum
1216 3451 1250 3501 8
1286 3450 1419 3519 lavo]
1465 3453 1607 3502 labeo
1714 3453 1892 3518 punio]
1933 3456 2117 3519 punico
2249 3453 2283 3502 9
2324 3450 2511 3519 partio]
2547 3452 2707 3517 patiio
2818 3451 2949 3500 lucto

366 3539 456 3571 om.
577 3522 641 3572 12
678 3520 907 3570 anutium
945 3537 1083 3575 corr.
1114 3524 1184 3575 al.
1225 3539 1353 3575 man.
1395 3521 1601 3572 anulum
1709 3525 1979 3590 uergilium
2120 3524 2185 3574 14
2217 3523 2416 3589 uergilii
2559 3523 2622 3573 15
2660 3521 2813 3584 siquit

370 3591 433 3642 16
470 3591 659 3657 populo
693 3606 822 3642 vexo
853 3591 992 3640 illum
1034 3591 1184 3642 adulo
1223 3594 1402 3643 adulor
1438 3594 1687 3655 obsequor
1722 3594 1874 3644 adulo
1912 3594 2091 3644 adulas
2132 3593 2368 3644 adulatus
2407 3591 2705 3643 adulaturus
2743 3599 2792 3640 et
2823 3589 2948 3638 adu-

369 3661 546 3710 landus
584 3670 631 3710 et
669 3660 752 3709 his
778 3659 949 3711 uerbis
987 3678 1114 3727 pene
1143 3664 1376 3712 accidunt
1412 3665 1529 3725 quia
1564 3673 1612 3713 et
1650 3664 1709 3713 ab
1747 3665 1914 3714 aetina
1941 3666 2151 3713 ueniunt
2183 3675 2231 3713 et
2254 3679 2284 3713 a
2315 3665 2520 3729 passiua
2558 3672 2610 3711 ut
2641 3661 2950 3726 populatque

367 3733 561 3796 ingenti
600 3731 750 3781 farris
780 3746 1021 3781 aceruum
1056 3742 1104 3782 et
1146 3736 1359 3795 quisque
1397 3749 1543 3783 suum
1582 3734 1857 3800 populatur
1894 3736 1986 3784 iter
2021 3735 2069 3782 id
2105 3741 2180 3783 est
2320 3735 2388 3782 20
2420 3733 2482 3782 ab
2521 3730 2602 3798 eo]
2645 3730 2808 3780 habeo

366 3802 430 3852 21
471 3801 611 3851 illum
755 3801 822 3851 23
856 3801 988 3851 haue
1129 3805 1195 3855 211
1233 3802 1281 3850 in
1312 3801 1560 3870 secunda]
1600 3806 1649 3852 in
1683 3806 1848 3869 prima
1992 3804 2148 3853 faxiS.
2187 3803 2389 3853 rimissa
2424 3804 2590 3853 deleta
2628 3818 2727 3852 una
2761 3804 2949 3864 littera,

366 3887 501 3923 corr.
534 3874 605 3927 al.
644 3888 775 3921 man.
814 3873 1056 3937 primissa
1195 3874 1264 3925 26
1296 3889 1395 3923 non
1429 3884 1544 3937 post
1581 3874 1688 3922 infit
1723 3890 1816 3927 om.
1963 3876 2098 3940 cepit

508 4027 542 4078 6
578 4029 907 4091 quantumuis
944 4030 1042 4079 ista
1067 4029 1335 4078 Putschius
1506 4029 1570 4080 10
1616 4039 1668 4078 ut
1716 4039 1793 4080 est
1831 4031 2015 4080 tondeo
2058 4038 2107 4080 et
2138 4029 2382 4079 tondeor:
2433 4028 2569 4093 quod
2605 4029 2680 4078 vis
2719 4028 2865 4083 dicia,
2903 4035 2952 4076 et

369 4097 553 4147 tondeo
586 4097 711 4147 mihi
741 4108 894 4163 caput
937 4107 986 4147 et
1023 4098 1233 4148 tondeor
1266 4099 1387 4148 mihi
1429 4104 1582 4167 caput
1618 4101 1882 4164 Pompeius·
1914 4116 1965 4163 p.
1997 4100 2100 4152 308
2149 4099 2229 4148 ed.
2267 4098 2423 4149 Lind.
2566 4100 2603 4148 it
2639 4095 2779 4163 lavit]
2832 4097 2947 4149 Ter.

371 4167 501 4219 Eun.
544 4168 609 4216 Ill
648 4171 698 4226 5,
742 4169 808 4219 45
981 4169 1041 4220 11
1096 4169 1324 4220 Sallustii
1362 4170 1517 4220 verba
1564 4174 1713 4220 tertio
1746 4171 2065 4223 historiarum
2099 4169 2227 4218 libro
2263 4169 2437 4218 tribuit
2471 4168 2704 4218 Krilzius
2738 4169 2950 4218 Sallust

362 4238 546 4303 fraym.
582 4254 640 4302 p.
679 4239 782 4288 246
889 4238 1156 4288 Cossinius
1187 4239 1419 4289 Kritzius
1523 4239 1650 4289 forte
1685 4241 1965 4293 Dietschms
2075 4241 2135 4290 12
2173 4236 2400 4305 anulum]
2439 4238 2556 4289 Ter.
2585 4237 2709 4292 Hec.
2738 4237 2858 4295 V3,
2885 4237 2948 4288 31

480 4304 816 4373 genibusque]
866 4308 1186 4372 Ver9.Aen.
1229 4309 1399 4359 11138
1508 4309 1571 4360 13
1610 4311 1921 4377 provincias]
1957 4313 2086 4363 Sall.
2125 4310 2235 4374 1119.
2273 4309 2372 4359 43.-
2407 4310 2475 4371 cf.
2514 4307 2659 4358 Serv.
2698 4311 2750 4358 in
2788 4308 2948 4371 Ver9.

371 4377 498 4427 Aen.
545 4380 564 4427 1
606 4378 704 4429 194
742 4379 900 4430 Proh.
939 4379 1119 4429 cathol.
1152 4396 1211 4443 p.
1235 4377 1321 4434 36.
1359 4380 1425 4426 25
1532 4381 1597 4430 14
1635 4389 1683 4429 et
1717 4382 1908 4448 socios]
1949 4383 2104 4446 Ver9.
2147 4382 2275 4432 Aen
2310 4381 2326 4428 1
2369 4380 2468 4431 194
2573 4378 2638 4429 15
2672 4388 2721 4428 et
2756 4374 2944 4442 siquid]

380 4450 533 4513 Ver-9.
572 4449 706 4499 Aen.
736 4447 825 4496 vlt
862 4447 964 4498 273
1107 4447 1320 4515 Statius]
1373 4447 1515 4498 Theb
1555 4452 1640 4498 1111
1681 4451 1783 4502 592
1927 4453 1989 4503 16
2023 4451 2210 4517 populo
2242 4447 2379 4514 sqq]
2415 4450 2466 4498 in
2491 4447 2801 4498 attendenda
2829 4462 2953 4510 per-

372 4518 567 4568 turbata
594 4519 783 4569 codicis
810 4522 1070 4581 scriptura
1100 4527 1297 4569 secutus
1331 4534 1435 4568 sum
1466 4520 1748 4582 Pompeium
1773 4536 1833 4583 p.
1856 4520 1958 4572 308
1990 4531 2040 4571 et
2069 4519 2171 4570 310
2204 4522 2284 4573 ed.
2323 4519 2474 4568 Lind.
2615 4515 2946 4583 populatque]

383 4589 534 4652 Ver9.
569 4603 745 4654 9e0r9.
794 4589 812 4636 1
849 4587 948 4639 185
1095 4589 1155 4639 17
1197 4586 1433 4654 quisque]
1497 4591 1654 4655 Ver9.
1696 4591 1828 4644 Aen.
1870 4591 1964 4642 Xll
2004 4591 2104 4641 525
2247 4591 2313 4639 22
2351 4592 2578 4639 lacunam
2629 4604 2729 4652 qua
2783 4602 2952 4639 nomen

370 4657 572 4720 fabulae
612 4660 880 4710 Plautinae
919 4659 1114 4709 excidit
1148 4659 1383 4708 indicavi.
1440 4661 1611 4708 eadem
1648 4663 1828 4712 Plauto
1875 4661 2049 4712 tribuit
2097 4660 2357 4722 Pompeius
2397 4674 2449 4722 p.
2490 4657 2591 4708 325
2638 4659 2719 4708 ed.
2763 4659 2916 4711 Lina.
2933 4676 2954 4715 ,·

376 4731 564 4779 erravit
605 4730 849 4778 Alcuinus
890 4743 945 4791 p.
985 4729 1120 4780 2118
1169 4736 1298 4777 cette
1346 4743 1439 4792 pro
1489 4730 1605 4777 date
1643 4730 1908 4781 Terentius
1956 4735 2117 4780 ‘cette
2164 4731 2298 4795 patri
2337 4731 2504 4780 meo’.
2581 4735 2709 4776 eette
2746 4728 2953 4777 dextras

375 4801 603 4849 nunciam
640 4799 831 4849 Plauto
874 4800 1094 4850 restituit
1128 4799 1449 4848 Camerarius
1481 4798 1648 4853 Mero.
1688 4801 1731 4850 V
1766 4803 1818 4866 4,
1847 4805 1882 4852 4
1924 4800 1997 4865 (υ.
2025 4798 2155 4864 965)
2297 4802 2364 4850 24
2401 4795 2693 4875 Terentius]
2737 4797 2869 4847 Eun.
2908 4799 2951 4854 ll

378 4867 426 4934 3,
463 4869 529 4919 20
669 4871 736 4922 27
774 4867 879 4918 iniit
917 4866 998 4938 eo]
1050 4870 1207 4936 Ver9.
1248 4867 1378 4919 Aen.
1420 4868 1469 4918 X
1510 4868 1605 4927 101
1680 4904 1685 4912 ·
