3541 5564
553 339 677 405 328
1262 341 1655 404 EXCERPTA
1703 341 1801 402 EX
1848 341 2078 404 COMM.
2125 341 2201 402 IN
2248 341 2417 403 DON.

553 531 984 610 compositione
1039 528 1284 609 prolata.
1376 529 1533 590 unde
1591 529 1781 590 dictus
1850 536 1938 589 est
2002 529 2422 591 soloecismus?
2489 548 2518 589 a
2578 528 2830 597 civibus,
2902 530 3000 606 qui
3055 548 3128 590 ex

552 631 702 693 urbe
748 632 950 702 Soloe,
1008 650 1157 712 quae
1219 649 1377 691 nunc
1420 630 1858 711 Pompeiopolis
1914 630 2158 702 dieitur,
2217 630 2673 693 Atheniensibus
2728 630 2945 692 auxilio
2992 651 3128 711 pro·

554 734 722 803 lecti,
772 753 903 794 cum
950 734 1101 814 apud
1152 754 1254 794 eos
1300 742 1734 795 commorantes
1765 752 1930 794 suam
1965 742 2024 794 et
2056 733 2290 795 illorum
2322 732 2581 812 linguam
2628 735 3129 813 inconsequenter

555 837 877 916 vitioseque
922 836 1384 905 confunderent,
1431 835 1781 897 soloecismo
1828 854 2043 897 nomen
2077 835 2387 906 dederunt,
2434 835 2507 896 ab
2542 835 2708 905 urbe,
2758 843 2814 896 ut
2851 835 3124 904 diximuS,

554 937 729 997 Soloe
763 945 821 997 et
865 931 995 998 ἀπὸ
1027 939 1151 998 τοῦ
1183 935 1418 1017 οἰκεῖν,
1465 939 1599 1017 quia
1645 937 1725 998 ihi
1769 936 2263 998 inhabitaverant.
2326 937 2423 999 alii
2470 937 2671 999 volunt
2714 936 3126 998 soloecismum
3157 961 3183 1000 5

553 1038 774 1098 (lictum
823 1058 854 1099 a
887 1039 1134 1106 Solone.
1183 1039 1331 1100 duce
1363 1039 1842 1116 Atheniensium,
1888 1058 2062 1129 quem
2108 1040 2546 1119 peregrinando
2577 1042 2820 1101 Atticam
2869 1040 3127 1118 linguam

553 1140 826 1201 dixerunt
883 1144 1241 1220 corrupisse.
1333 1141 1489 1221 quod
1536 1142 1774 1221 quidem
1835 1142 1908 1202 de
1965 1151 2158 1202 tantae
2212 1142 2540 1203 industriae
2588 1145 2713 1204 viro
2759 1142 2923 1203 credi
2968 1142 3132 1203 nefas

555 1250 660 1302 est.
753 1243 1167 1304 soloecismum
1216 1242 1390 1304 latine
1439 1247 1625 1304 nostri
1671 1244 1983 1313 dixerunt,
2048 1252 2110 1304 ut
2155 1246 2233 1304 ait
2275 1243 2548 1306 Aurelius
2596 1243 2853 1323 OpiliuS,
2910 1243 3129 1305 stribli-

554 1346 786 1421 ginem,
848 1347 1012 1404 cuius
1085 1346 1337 1405 nominis
1407 1346 1819 1427 etymologiam
1893 1345 2156 1406 nondum
2216 1347 2466 1408 invenio,
2560 1347 2945 1406 soloecismus
2990 1356 3134 1425 quot

555 1445 745 1507 modis
790 1448 891 1507 sit?
937 1455 1238 1527 quattuor,
1288 1447 1615 1510 adiectione
1660 1449 2026 1509 detractione
2073 1450 2567 1510 transmutatione
2613 1449 3038 1509 immutatione.
3160 1471 3208 1508 ιο

2822 1732 2829 1757 l

1203 1773 1313 1846 Ex
1365 1774 1606 1847 codiee
1659 1773 2275 1869 Sangermanensi
2332 1775 2474 1845 291

724 1925 1090 1986 Sinecdoche
1156 1944 1370 2004 graece
1428 1925 1642 1988 dicitur
1697 1930 1866 2006 quasi
1934 1929 2208 1989 continua
2268 1927 2599 2005 susceptiO,
2669 1934 2735 1985 ut
2787 1926 3133 2006 Porpbirius

555 2030 1009 2108 interpretatur,
1070 2028 1223 2108 quod
1296 2028 1452 2088 dicto
1521 2031 1759 2089 nomine
1826 2032 2007 2090 totius
2075 2048 2295 2090 conexa
2365 2047 2502 2109 pars
2570 2027 2962 2105 intellegitur,
3034 2038 3135 2088 aut

555 2129 711 2190 (licto
758 2132 995 2191 nomine
1041 2133 1225 2209 partis
1270 2138 1453 2190 totum
1503 2140 1938 2211 consequenter
1984 2132 2381 2210 cognoscitur.

725 2232 1192 2312 lsteroproteron
1250 2234 1415 2312 quasi
1474 2235 1693 2293 isteron
1755 2242 2066 2312 proteron,
2127 2235 2239 2294 hoc
2295 2241 2384 2293 est
2440 2235 2499 2292 in
2547 2240 2811 2291 extremo
2857 2233 3130 2311 primum.
3164 2256 3213 2295 15

554 2324 710 2395 uude
757 2338 964 2395 Castor
1010 2352 1220 2411 graece
1268 2337 1434 2412 quasi
1480 2353 1660 2395 cacon
1709 2337 1960 2407 isteron,
2009 2336 2065 2395 id
2114 2345 2201 2395 est
2245 2334 2461 2396 malum
2511 2344 2863 2403 extremum,
2912 2338 3135 2394 nuncu·

555 2445 756 2515 patur,
806 2446 870 2496 ut
915 2436 1130 2497 Fabius
1174 2438 1447 2497 ostendit.
1516 2436 1718 2508 aliter,
1767 2446 1831 2497 ut
1875 2439 1933 2497 in
1967 2436 2278 2517 Porphirio
2326 2436 2604 2514 legimus,
2654 2439 2876 2496 isteron
2922 2454 3136 2513 graece

555 2548 689 2618 post
741 2538 920 2599 latine
978 2546 1166 2599 sonat.
1246 2557 1387 2616 ergo
1442 2539 1783 2618 isterologia
1841 2538 2198 2618 appellatur,
2267 2538 2379 2599 hoc
2448 2546 2537 2597 est
2602 2548 2737 2618 post
2802 2538 2980 2597 dictio
3045 2536 3134 2597 vel

554 2659 778 2709 sermo,
838 2639 1118 2701 subaudis
1159 2636 1414 2719 positus,
1507 2643 1648 2701 item
1705 2643 2173 2721 isteroproteron
2234 2648 2368 2721 post
2427 2648 2579 2702 ante.
2672 2659 2807 2701 nam
2853 2646 3135 2720 proteron

557 2751 694 2804 ante
738 2744 1049 2822 significat.
1137 2742 1267 2822 lege
1312 2742 1705 2823 porphirium.
3163 2765 3215 2806 20

556 3015 667 3049 cum
706 2998 950 3064 quellibet
982 3015 1103 3064 pars
1143 3001 1403 3049 orationis,
1441 3014 1505 3048 ns
1540 3014 1737 3050 rnoris.
1775 2999 1975 3064 Tropus
2009 3000 2130 3062 quid
2167 3007 2243 3048 est
2278 3007 2369 3053 etc.
2422 3002 2761 3049 commentarii
2805 3001 2869 3049 de
2902 3003 3062 3063 tropis
3091 3006 3141 3047 et

553 3072 886 3135 metaplasmas
932 3073 1016 3134 qui
1055 3078 1331 3134 sequuntur
1365 3086 1435 3119 ex
1461 3071 1689 3119 Char-isio
1723 3072 1985 3119 matriniam
2018 3076 2215 3134 partem
2248 3074 2485 3132 excerpti
2514 3073 2567 3120 in
2609 3070 2753 3120 leuius
2777 3071 2994 3121 editione
3027 3070 3138 3118 olim

553 3141 766 3191 adhibiti
787 3149 902 3190 sunt
1045 3140 1067 3190 l
1111 3140 1442 3190 soloecismus
1477 3156 1575 3205 que
1611 3155 1674 3188 ex
1713 3141 1837 3188 urbe
1880 3134 2057 3204 Prcl'.
2095 3140 2284 3190 Isidor.
2320 3144 2449 3204 oriy.
2487 3142 2502 3188 l
2540 3141 2608 3192 32
2648 3142 2802 3188 Diom.
2840 3155 2893 3201 p.
2923 3136 3042 3201 453,
3072 3139 3139 3187 20

694 3213 725 3259 2
764 3211 977 3274 proiecit
1012 3211 1066 3259 V
1200 3213 1230 3258 5
1270 3211 1380 3258 solo
1419 3224 1867 3260 eranorovoim-:m
1907 3226 2007 3276 quq
2044 3209 2112 3258 ibi
2159 3209 2213 3258 V
2347 3210 2381 3260 6
2415 3210 2620 3259 asalone
2658 3213 2712 3259 V
2846 3205 3015 3272 quem]
3051 3209 3137 3271 qui

564 3282 616 3329 V
714 3282 742 3328 7
783 3281 1056 3345 corripisse
1086 3281 1184 3341 qua
1221 3281 1372 3342 quide
1417 3282 1468 3328 V
1570 3278 1604 3327 8
1643 3280 1798 3328 latina
1826 3282 1880 3330 V
1977 3280 2200 3328 aurelius
2237 3280 2409 3345 opill’s
2438 3281 2725 3346 rubiginem
2766 3282 2819 3329 V

697 3351 755 3401 ll
808 3351 986 3400 Codex
1039 3351 1306 3399 Parisinus
1352 3353 1463 3400 oliuu
1515 3349 1968 3411 Sanyernmnensia
2014 3347 2111 3400 291
2157 3349 2256 3412 (Ρ)
2306 3354 2523 3399 continet
2579 3349 2802 3413 ‘lsychii
2858 3348 3136 3414 presbyteri

557 3420 999 3485 Hierosolymitani
1050 3419 1203 3466 libros
1242 3422 1288 3467 in
1333 3419 1670 3480 l,eviticum’;
1718 3421 1922 3470 adiecta
1961 3426 2077 3470 men!
2120 3423 2222 3469 tria
2257 3421 2651 3470 membranarum
2682 3421 2840 3483 folia,
2880 3421 2929 3466 in
2964 3419 3139 3482 quibem

553 3493 930 3542 commentarius
965 3492 1015 3539 in
1045 3491 1287 3538 Donatum
1314 3492 1377 3538 de
1411 3489 1747 3552 barbarismo,
1785 3492 1849 3540 de
1876 3492 2181 3552 soloecismo,
2220 3491 2283 3538 dc
2318 3494 2497 3554 tropis,
2534 3491 2598 3540 de
2619 3489 2945 3539 schematibus
2974 3489 3138 3551 scrip-

553 3570 633 3610 tus
665 3570 742 3610 esc
775 3562 977 3610 saeculo
1013 3561 1216 3612 decimo.
1269 3563 1376 3610 eius
1407 3560 1631 3609 maxima
1676 3575 1807 3622 pars
1856 3577 1925 3610 ‹²ae
1961 3561 2162 3612 Isidoro
2202 3569 2249 3608 et
2295 3561 2529 3610 Diomede
2575 3570 2821 3622 excerpta
2857 3567 2934 3606 est
3076 3558 3137 3607 12

556 3631 777 3681 sorssriiis
810 3633 856 3681 Ρ
994 3630 1057 3680 13
1094 3645 1282 3679 eonexe
1315 3633 1364 3680 P
1503 3630 1566 3679 15
1592 3632 1738 3691 quasi
1777 3632 1868 3682 eis,
1909 3640 2096 3680 steron.
2137 3639 2370 3696 proteron
2413 3632 2457 3679 Ρ
2599 3630 2661 3680 16
2694 3639 2859 3678 castor
2898 3628 2959 3692 ξι·
2991 3628 3137 3690 quasi

553 3711 878 3752 caconsterou
918 3703 965 3750 P
1105 3701 1166 3750 17
1206 3701 1255 3749 iu
1306 3699 1554 3765 forphirio
1591 3700 1640 3747 ,Ρ
2926 3725 2932 3730 -
