<?xml version="1.0" encoding="UTF-8"?>
<!DOCTYPE html PUBLIC "-//W3C//DTD XHTML 1.0 Transitional//EN"
    "http://www.w3.org/TR/xhtml1/DTD/xhtml1-transitional.dtd">
<html xmlns="http://www.w3.org/1999/xhtml" xml:lang="en" lang="en">
 <head>
  <title>
</title>
<meta http-equiv="Content-Type" content="text/html;charset=utf-8" />
  <meta name='ocr-system' content='tesseract 3.04.00' />
  <meta name='ocr-capabilities' content='ocr_page ocr_carea ocr_par ocr_line ocrx_word'/>
</head>
<body>
  <div class='ocr_page' id='page_1' title='image "./grammaticilatin10keilgoog_0402.png"; bbox 0 0 3541 5564; ppageno 0'>
   <div class='ocr_carea' id='block_1_1' title="bbox 563 397 2057 495">
    <p class='ocr_par' dir='ltr' id='par_1_1' title="bbox 563 397 2057 495">
     <span class='ocr_line' id='line_1_1' title="bbox 563 397 2057 495; baseline -0.001 -34"><span class='ocrx_word' id='word_1_1' title='bbox 563 397 690 462; x_wconf 84' lang='lat'><strong>394</strong></span> <span class='ocrx_word' id='word_1_2' title='bbox 1647 398 2057 495; x_wconf 71' lang='lat' dir='ltr'><strong>consssnrn</strong></span> 
     </span>
    </p>
   </div>
   <div class='ocr_carea' id='block_1_2' title="bbox 561 506 3136 665">
    <p class='ocr_par' dir='ltr' id='par_1_2' title="bbox 561 506 3136 665">
     <span class='ocr_line' id='line_1_2' title="bbox 612 506 3089 562; baseline -0 -15"><span class='ocrx_word' id='word_1_3' title='bbox 612 520 656 562; x_wconf 84' lang='lat' dir='ltr'><strong>p.</strong></span> <span class='ocrx_word' id='word_1_4' title='bbox 683 508 831 548; x_wconf 77' lang='lat'>19-21</span> <span class='ocrx_word' id='word_1_5' title='bbox 857 506 907 547; x_wconf 91' lang='grc' dir='ltr'><strong>Β.</strong></span> <span class='ocrx_word' id='word_1_6' title='bbox 2786 512 2789 521; x_wconf 94' lang='grc'><strong><em>·</em></strong></span> <span class='ocrx_word' id='word_1_7' title='bbox 2870 520 2905 546; x_wconf 78' lang='lat' dir='ltr'><strong>c.</strong></span> <span class='ocrx_word' id='word_1_8' title='bbox 2936 509 3000 546; x_wconf 88' lang='lat'><strong>11.</strong></span> <span class='ocrx_word' id='word_1_9' title='bbox 3028 509 3089 546; x_wconf 79' lang='lat'><strong>12.</strong></span> 
     </span>
     <span class='ocr_line' id='line_1_3' title="bbox 561 586 3136 665; baseline -0 -17"><span class='ocrx_word' id='word_1_10' title='bbox 561 606 665 649; x_wconf 89' lang='lat' dir='ltr'><strong>sua</strong></span> <span class='ocrx_word' id='word_1_11' title='bbox 712 586 1009 648; x_wconf 88' lang='lat' dir='ltr'><strong>similibus</strong></span> <span class='ocrx_word' id='word_1_12' title='bbox 1038 589 1202 648; x_wconf 85' lang='lat' dir='ltr'><strong>vitiis</strong></span> <span class='ocrx_word' id='word_1_13' title='bbox 1231 588 1538 649; x_wconf 78' lang='lat' dir='ltr'><strong>materiam</strong></span> <span class='ocrx_word' id='word_1_14' title='bbox 1580 593 1903 665; x_wconf 81' lang='lat' dir='ltr'><strong>praestant.</strong></span> <span class='ocrx_word' id='word_1_15' title='bbox 1967 603 2108 664; x_wconf 85' lang='lat' dir='ltr'><strong>ergo</strong></span> <span class='ocrx_word' id='word_1_16' title='bbox 2152 588 2293 646; x_wconf 87' lang='lat' dir='ltr'><strong>fient</strong></span> <span class='ocrx_word' id='word_1_17' title='bbox 2339 586 2693 647; x_wconf 81' lang='lat' dir='ltr'><strong>barbarismi</strong></span> <span class='ocrx_word' id='word_1_18' title='bbox 2738 587 2915 648; x_wconf 85' lang='lat' dir='ltr'><strong>huius</strong></span> <span class='ocrx_word' id='word_1_19' title='bbox 2960 588 3136 656; x_wconf 93' lang='lat' dir='ltr'><strong>modi,</strong></span> 
     </span>
    </p>
   </div>
   <div class='ocr_carea' id='block_1_3' title="bbox 546 688 3213 4150">
    <p class='ocr_par' dir='ltr' id='par_1_3' title="bbox 560 688 3139 976">
     <span class='ocr_line' id='line_1_4' title="bbox 561 688 3135 770; baseline 0 -21"><span class='ocrx_word' id='word_1_20' title='bbox 561 709 696 751; x_wconf 70' lang='lat' dir='ltr'><strong>clun</strong></span> <span class='ocrx_word' id='word_1_21' title='bbox 740 698 839 752; x_wconf 88' lang='lat' dir='ltr'><strong>aut</strong></span> <span class='ocrx_word' id='word_1_22' title='bbox 883 692 1164 769; x_wconf 88' lang='lat' dir='ltr'><strong>pinguius</strong></span> <span class='ocrx_word' id='word_1_23' title='bbox 1210 689 1578 770; x_wconf 80' lang='lat' dir='ltr'><strong>aliquidaut</strong></span> <span class='ocrx_word' id='word_1_24' title='bbox 1624 688 1839 748; x_wconf 85' lang='lat' dir='ltr'><strong>exilius</strong></span> <span class='ocrx_word' id='word_1_25' title='bbox 1887 688 2149 759; x_wconf 87' lang='lat' dir='ltr'><strong>sonabit,</strong></span> <span class='ocrx_word' id='word_1_26' title='bbox 2198 707 2374 769; x_wconf 86' lang='lat' dir='ltr'><strong>quam</strong></span> <span class='ocrx_word' id='word_1_27' title='bbox 2422 691 2575 750; x_wconf 88' lang='lat' dir='ltr'><strong>ratio</strong></span> <span class='ocrx_word' id='word_1_28' title='bbox 2620 689 2867 750; x_wconf 89' lang='lat' dir='ltr'><strong>Romani</strong></span> <span class='ocrx_word' id='word_1_29' title='bbox 2913 708 3135 750; x_wconf 88' lang='lat' dir='ltr'><strong>sermo-</strong></span> 
     </span>
     <span class='ocr_line' id='line_1_5' title="bbox 560 790 3139 873; baseline -0 -20"><span class='ocrx_word' id='word_1_30' title='bbox 560 795 655 853; x_wconf 88' lang='lat' dir='ltr'><strong>nis</strong></span> <span class='ocrx_word' id='word_1_31' title='bbox 701 795 996 873; x_wconf 84' lang='lat' dir='ltr'><strong>exposcit,</strong></span> <span class='ocrx_word' id='word_1_32' title='bbox 1045 811 1161 853; x_wconf 92' lang='lat' dir='ltr'><strong>non</strong></span> <span class='ocrx_word' id='word_1_33' title='bbox 1207 793 1269 851; x_wconf 92' lang='lat' dir='ltr'><strong>in</strong></span> <span class='ocrx_word' id='word_1_34' title='bbox 1316 792 1458 852; x_wconf 88' lang='lat' dir='ltr'><strong>solis</strong></span> <span class='ocrx_word' id='word_1_35' title='bbox 1504 794 1634 851; x_wconf 88' lang='lat' dir='ltr'><strong>istis</strong></span> <span class='ocrx_word' id='word_1_36' title='bbox 1687 790 1884 851; x_wconf 84' lang='lat' dir='ltr'><strong>trihus</strong></span> <span class='ocrx_word' id='word_1_37' title='bbox 1928 792 2177 861; x_wconf 88' lang='lat' dir='ltr'><strong>litteris,</strong></span> <span class='ocrx_word' id='word_1_38' title='bbox 2236 791 2339 851; x_wconf 87' lang='lat' dir='ltr'><strong>sed</strong></span> <span class='ocrx_word' id='word_1_39' title='bbox 2398 799 2456 851; x_wconf 91' lang='lat' dir='ltr'><strong>et</strong></span> <span class='ocrx_word' id='word_1_40' title='bbox 2500 794 2562 851; x_wconf 90' lang='lat' dir='ltr'><strong>in</strong></span> <span class='ocrx_word' id='word_1_41' title='bbox 2609 792 2741 852; x_wconf 89' lang='lat' dir='ltr'><strong>aliis</strong></span> <span class='ocrx_word' id='word_1_42' title='bbox 2786 792 3139 871; x_wconf 88' lang='lat' dir='ltr'><strong>quibusdam</strong></span> 
     </span>
     <span class='ocr_line' id='line_1_6' title="bbox 569 893 2043 976; baseline -0.002 -20"><span class='ocrx_word' id='word_1_43' title='bbox 569 893 738 976; x_wconf 86' lang='lat' dir='ltr'><strong>[est].</strong></span> <span class='ocrx_word' id='word_1_44' title='bbox 829 914 1012 975; x_wconf 89' lang='lat' dir='ltr'><strong>quare</strong></span> <span class='ocrx_word' id='word_1_45' title='bbox 1059 895 1199 955; x_wconf 92' lang='lat' dir='ltr'><strong>hinc</strong></span> <span class='ocrx_word' id='word_1_46' title='bbox 1245 913 1476 974; x_wconf 88' lang='lat' dir='ltr'><strong>quoque</strong></span> <span class='ocrx_word' id='word_1_47' title='bbox 1524 912 1709 973; x_wconf 92' lang='lat' dir='ltr'><strong>pauca</strong></span> <span class='ocrx_word' id='word_1_48' title='bbox 1756 894 2043 953; x_wconf 79' lang='lat' dir='ltr'><strong>dicemus,</strong></span> 
     </span>
    </p>

    <p class='ocr_par' dir='ltr' id='par_1_4' title="bbox 546 996 3213 4150">
     <span class='ocr_line' id='line_1_7' title="bbox 729 996 3189 1077; baseline -0.001 -20"><span class='ocrx_word' id='word_1_49' title='bbox 729 997 1138 1077; x_wconf 75' lang='lat' dir='ltr'><strong>Mytacismum</strong></span> <span class='ocrx_word' id='word_1_50' title='bbox 1197 997 1428 1065; x_wconf 89' lang='lat' dir='ltr'><strong>dicunt,</strong></span> <span class='ocrx_word' id='word_1_51' title='bbox 1487 1015 1617 1056; x_wconf 88' lang='lat' dir='ltr'><strong>cum</strong></span> <span class='ocrx_word' id='word_1_52' title='bbox 1664 998 1737 1055; x_wconf 87' lang='lat' dir='ltr'><strong>-in</strong></span> <span class='ocrx_word' id='word_1_53' title='bbox 1797 997 2056 1056; x_wconf 78' lang='lat' dir='ltr'><strong>dictione</strong></span> <span class='ocrx_word' id='word_1_54' title='bbox 2115 996 2336 1075; x_wconf 91' lang='lat' dir='ltr'><strong>aliquid</strong></span> <span class='ocrx_word' id='word_1_55' title='bbox 2395 1000 2481 1057; x_wconf 89' lang='lat' dir='ltr'><strong>sic</strong></span> <span class='ocrx_word' id='word_1_56' title='bbox 2539 999 2837 1057; x_wconf 82' lang='lat' dir='ltr'><strong>incuriose</strong></span> <span class='ocrx_word' id='word_1_57' title='bbox 2896 1000 3189 1076; x_wconf 74' lang='lat' dir='ltr'><strong>poniturfi</strong></span> 
     </span>
     <span class='ocr_line' id='line_1_8' title="bbox 559 1099 3134 1180; baseline 0 -20"><span class='ocrx_word' id='word_1_58' title='bbox 559 1100 744 1161; x_wconf 86' lang='lat' dir='ltr'><strong>vocali</strong></span> <span class='ocrx_word' id='word_1_59' title='bbox 777 1107 1063 1180; x_wconf 89' lang='lat' dir='ltr'><strong>sequente</strong></span> <span class='ocrx_word' id='word_1_60' title='bbox 1106 1119 1164 1159; x_wconf 90' lang='lat' dir='ltr'><strong>m</strong></span> <span class='ocrx_word' id='word_1_61' title='bbox 1196 1099 1484 1169; x_wconf 76' lang='lat' dir='ltr'><strong>litte-ram,</strong></span> <span class='ocrx_word' id='word_1_62' title='bbox 1533 1105 1625 1168; x_wconf 88' lang='lat' dir='ltr'><strong>ut,</strong></span> <span class='ocrx_word' id='word_1_63' title='bbox 1675 1117 1747 1159; x_wconf 93' lang='lat' dir='ltr'><strong>an</strong></span> <span class='ocrx_word' id='word_1_64' title='bbox 1782 1099 1852 1158; x_wconf 87' lang='lat' dir='ltr'><strong>ad</strong></span> <span class='ocrx_word' id='word_1_65' title='bbox 1885 1101 2146 1177; x_wconf 86' lang='lat' dir='ltr'><strong>priorem</strong></span> <span class='ocrx_word' id='word_1_66' title='bbox 2192 1100 2488 1177; x_wconf 88' lang='lat' dir='ltr'><strong>pertineat</strong></span> <span class='ocrx_word' id='word_1_67' title='bbox 2534 1118 2605 1160; x_wconf 95' lang='lat' dir='ltr'><strong>an</strong></span> <span class='ocrx_word' id='word_1_68' title='bbox 2653 1099 2724 1160; x_wconf 91' lang='lat' dir='ltr'><strong>ad</strong></span> <span class='ocrx_word' id='word_1_69' title='bbox 2771 1108 3134 1180; x_wconf 86' lang='lat' dir='ltr'><strong>sequentem,</strong></span> 
     </span>
     <span class='ocr_line' id='line_1_9' title="bbox 563 1200 3135 1281; baseline 0 -19"><span class='ocrx_word' id='word_1_70' title='bbox 563 1204 857 1263; x_wconf 85' lang='lat' dir='ltr'><strong>incertum</strong></span> <span class='ocrx_word' id='word_1_71' title='bbox 902 1205 1007 1271; x_wconf 88' lang='lat' dir='ltr'><strong>sit,</strong></span> <span class='ocrx_word' id='word_1_72' title='bbox 1057 1204 1212 1262; x_wconf 92' lang='lat' dir='ltr'><strong>sicut</strong></span> <span class='ocrx_word' id='word_1_73' title='bbox 1257 1202 1605 1281; x_wconf 91' lang='lat' dir='ltr'><strong>plerumque</strong></span> <span class='ocrx_word' id='word_1_74' title='bbox 1639 1203 1860 1280; x_wconf 90' lang='lat' dir='ltr'><strong>passim</strong></span> <span class='ocrx_word' id='word_1_75' title='bbox 1903 1202 2227 1281; x_wconf 89' lang='lat' dir='ltr'><strong>loquuntur</strong></span> <span class='ocrx_word' id='word_1_76' title='bbox 2270 1200 2570 1262; x_wconf 76' lang='lat' dir='ltr'><strong>‘dixeram</strong></span> <span class='ocrx_word' id='word_1_77' title='bbox 2617 1202 2792 1272; x_wconf 88' lang='lat' dir='ltr'><strong>illis’,</strong></span> <span class='ocrx_word' id='word_1_78' title='bbox 2841 1201 3135 1281; x_wconf 75' lang='lat' dir='ltr'><strong>‘speciem</strong></span> 
     </span>
     <span class='ocr_line' id='line_1_10' title="bbox 559 1304 3137 1384; baseline 0 -19"><span class='ocrx_word' id='word_1_79' title='bbox 559 1307 765 1376; x_wconf 90' lang='lat' dir='ltr'><strong>aceti&#39;,</strong></span> <span class='ocrx_word' id='word_1_80' title='bbox 813 1306 1064 1365; x_wconf 77' lang='lat' dir='ltr'><strong>‘faciem</strong></span> <span class='ocrx_word' id='word_1_81' title='bbox 1095 1305 1348 1364; x_wconf 82' lang='lat' dir='ltr'><strong>Aiacis’.</strong></span> <span class='ocrx_word' id='word_1_82' title='bbox 1409 1304 1586 1363; x_wconf 89' lang='lat' dir='ltr'><strong>huius</strong></span> <span class='ocrx_word' id='word_1_83' title='bbox 1634 1305 1764 1363; x_wconf 83' lang='lat' dir='ltr'><strong>vitii</strong></span> <span class='ocrx_word' id='word_1_84' title='bbox 1808 1304 2139 1364; x_wconf 87' lang='lat' dir='ltr'><strong>remedium</strong></span> <span class='ocrx_word' id='word_1_85' title='bbox 2186 1310 2275 1364; x_wconf 87' lang='lat' dir='ltr'><strong>est</strong></span> <span class='ocrx_word' id='word_1_86' title='bbox 2319 1306 2595 1382; x_wconf 88' lang='lat' dir='ltr'><strong>primum,</strong></span> <span class='ocrx_word' id='word_1_87' title='bbox 2646 1312 2727 1374; x_wconf 89' lang='lat' dir='ltr'><strong>ut,</strong></span> <span class='ocrx_word' id='word_1_88' title='bbox 2774 1307 3006 1384; x_wconf 88' lang='lat' dir='ltr'><strong>quoties</strong></span> <span class='ocrx_word' id='word_1_89' title='bbox 3051 1308 3137 1365; x_wconf 89' lang='lat' dir='ltr'><strong>sic</strong></span> 
     </span>
     <span class='ocr_line' id='line_1_11' title="bbox 557 1406 3137 1486; baseline -0 -19"><span class='ocrx_word' id='word_1_90' title='bbox 557 1415 751 1477; x_wconf 90' lang='lat' dir='ltr'><strong>sonat,</strong></span> <span class='ocrx_word' id='word_1_91' title='bbox 810 1426 950 1486; x_wconf 91' lang='lat' dir='ltr'><strong>pars</strong></span> <span class='ocrx_word' id='word_1_92' title='bbox 1009 1408 1296 1468; x_wconf 90' lang='lat' dir='ltr'><strong>orationis</strong></span> <span class='ocrx_word' id='word_1_93' title='bbox 1353 1406 1547 1485; x_wconf 92' lang='lat' dir='ltr'><strong>aliqua</strong></span> <span class='ocrx_word' id='word_1_94' title='bbox 1606 1409 2024 1485; x_wconf 87' lang='lat' dir='ltr'><strong>interponatur</strong></span> <span class='ocrx_word' id='word_1_95' title='bbox 2079 1423 2196 1466; x_wconf 92' lang='lat' dir='ltr'><strong>non</strong></span> <span class='ocrx_word' id='word_1_96' title='bbox 2253 1426 2285 1467; x_wconf 93' lang='lat' dir='ltr'><strong>a</strong></span> <span class='ocrx_word' id='word_1_97' title='bbox 2342 1407 2529 1467; x_wconf 84' lang='lat' dir='ltr'><strong>vocali</strong></span> <span class='ocrx_word' id='word_1_98' title='bbox 2591 1409 2916 1486; x_wconf 86' lang='lat' dir='ltr'><strong>incipiens,</strong></span> <span class='ocrx_word' id='word_1_99' title='bbox 2975 1415 3041 1466; x_wconf 89' lang='lat' dir='ltr'><strong>ut</strong></span> <span class='ocrx_word' id='word_1_100' title='bbox 3086 1409 3137 1467; x_wconf 89' lang='lat' dir='ltr'><strong>si</strong></span> 
     </span>
     <span class='ocr_line' id='line_1_12' title="bbox 557 1507 3213 1588; baseline -0 -19"><span class='ocrx_word' id='word_1_101' title='bbox 557 1510 701 1569; x_wconf 90' lang='lat' dir='ltr'><strong>haec</strong></span> <span class='ocrx_word' id='word_1_102' title='bbox 747 1512 874 1588; x_wconf 90' lang='lat' dir='ltr'><strong>ipsa</strong></span> <span class='ocrx_word' id='word_1_103' title='bbox 933 1509 1248 1569; x_wconf 84' lang='lat' dir='ltr'><strong>emendare</strong></span> <span class='ocrx_word' id='word_1_104' title='bbox 1293 1508 1569 1578; x_wconf 82' lang='lat' dir='ltr'><strong>velimuS,</strong></span> <span class='ocrx_word' id='word_1_105' title='bbox 1629 1508 1931 1568; x_wconf 76' lang='lat' dir='ltr'><strong>‘dixeram</strong></span> <span class='ocrx_word' id='word_1_106' title='bbox 1976 1516 2115 1569; x_wconf 86' lang='lat' dir='ltr'><strong>tunc</strong></span> <span class='ocrx_word' id='word_1_107' title='bbox 2160 1507 2336 1579; x_wconf 88' lang='lat' dir='ltr'><strong>illis&#39;,</strong></span> <span class='ocrx_word' id='word_1_108' title='bbox 2397 1509 2692 1587; x_wconf 74' lang='lat' dir='ltr'><strong>‘speciem</strong></span> <span class='ocrx_word' id='word_1_109' title='bbox 2739 1509 2879 1569; x_wconf 90' lang='lat' dir='ltr'><strong>boni</strong></span> <span class='ocrx_word' id='word_1_110' title='bbox 2927 1512 3077 1570; x_wconf 89' lang='lat' dir='ltr'><strong>aceti</strong></span> <span class='ocrx_word' id='word_1_111' title='bbox 3094 1513 3132 1579; x_wconf 77' lang='lat'><strong>³,</strong></span> <span class='ocrx_word' id='word_1_112' title='bbox 3163 1524 3213 1563; x_wconf 80' lang='grc' dir='ltr'><strong>ιο</strong></span> 
     </span>
     <span class='ocr_line' id='line_1_13' title="bbox 558 1611 3134 1691; baseline -0.001 -19"><span class='ocrx_word' id='word_1_113' title='bbox 558 1614 811 1672; x_wconf 73' lang='lat' dir='ltr'><strong>‘faciem</strong></span> <span class='ocrx_word' id='word_1_114' title='bbox 869 1613 1125 1671; x_wconf 84' lang='lat' dir='ltr'><strong>furentis</strong></span> <span class='ocrx_word' id='word_1_115' title='bbox 1171 1612 1422 1672; x_wconf 84' lang='lat' dir='ltr'><strong>Aiacis’.</strong></span> <span class='ocrx_word' id='word_1_116' title='bbox 1512 1613 1886 1672; x_wconf 88' lang='lat' dir='ltr'><strong>iotacismum</strong></span> <span class='ocrx_word' id='word_1_117' title='bbox 1944 1611 2147 1671; x_wconf 88' lang='lat' dir='ltr'><strong>dicunt</strong></span> <span class='ocrx_word' id='word_1_118' title='bbox 2203 1612 2410 1671; x_wconf 90' lang='lat' dir='ltr'><strong>vitium</strong></span> <span class='ocrx_word' id='word_1_119' title='bbox 2455 1611 2611 1690; x_wconf 90' lang='lat' dir='ltr'><strong>quod</strong></span> <span class='ocrx_word' id='word_1_120' title='bbox 2657 1629 2766 1691; x_wconf 89' lang='lat' dir='ltr'><strong>per</strong></span> <span class='ocrx_word' id='word_1_121' title='bbox 2810 1614 2829 1670; x_wconf 94' lang='lat' dir='ltr'><strong>i</strong></span> <span class='ocrx_word' id='word_1_122' title='bbox 2876 1611 3134 1672; x_wconf 89' lang='lat' dir='ltr'><strong>litteram</strong></span> 
     </span>
     <span class='ocr_line' id='line_1_14' title="bbox 557 1712 3136 1794; baseline 0 -21"><span class='ocrx_word' id='word_1_123' title='bbox 557 1715 649 1775; x_wconf 84' lang='lat' dir='ltr'><strong>vel</strong></span> <span class='ocrx_word' id='word_1_124' title='bbox 705 1717 984 1794; x_wconf 84' lang='lat' dir='ltr'><strong>pinguius</strong></span> <span class='ocrx_word' id='word_1_125' title='bbox 1046 1715 1136 1775; x_wconf 87' lang='lat' dir='ltr'><strong>vel</strong></span> <span class='ocrx_word' id='word_1_126' title='bbox 1193 1715 1406 1775; x_wconf 88' lang='lat' dir='ltr'><strong>exilius</strong></span> <span class='ocrx_word' id='word_1_127' title='bbox 1462 1713 1752 1793; x_wconf 89' lang='lat' dir='ltr'><strong>prolatam</strong></span> <span class='ocrx_word' id='word_1_128' title='bbox 1797 1714 1882 1773; x_wconf 84' lang='lat' dir='ltr'><strong>fit.</strong></span> <span class='ocrx_word' id='word_1_129' title='bbox 1974 1712 2128 1774; x_wconf 89' lang='lat' dir='ltr'><strong>Galli</strong></span> <span class='ocrx_word' id='word_1_130' title='bbox 2181 1714 2461 1792; x_wconf 88' lang='lat' dir='ltr'><strong>pinguius</strong></span> <span class='ocrx_word' id='word_1_131' title='bbox 2518 1712 2670 1773; x_wconf 90' lang='lat' dir='ltr'><strong>hanc</strong></span> <span class='ocrx_word' id='word_1_132' title='bbox 2727 1721 3001 1784; x_wconf 87' lang='lat' dir='ltr'><strong>utuntur,</strong></span> <span class='ocrx_word' id='word_1_133' title='bbox 3074 1721 3136 1774; x_wconf 91' lang='lat' dir='ltr'><strong>ut</strong></span> 
     </span>
     <span class='ocr_line' id='line_1_15' title="bbox 557 1817 3134 1899; baseline -0 -23"><span class='ocrx_word' id='word_1_134' title='bbox 557 1835 692 1877; x_wconf 90' lang='lat' dir='ltr'><strong>cum</strong></span> <span class='ocrx_word' id='word_1_135' title='bbox 748 1817 953 1877; x_wconf 90' lang='lat' dir='ltr'><strong>dicunt</strong></span> <span class='ocrx_word' id='word_1_136' title='bbox 1006 1819 1117 1886; x_wconf 86' lang='lat' dir='ltr'><strong>ite,</strong></span> <span class='ocrx_word' id='word_1_137' title='bbox 1176 1836 1294 1877; x_wconf 93' lang='lat' dir='ltr'><strong>non</strong></span> <span class='ocrx_word' id='word_1_138' title='bbox 1354 1835 1636 1897; x_wconf 87' lang='lat' dir='ltr'><strong>expresse</strong></span> <span class='ocrx_word' id='word_1_139' title='bbox 1692 1820 1886 1899; x_wconf 73' lang='lat' dir='ltr'><strong>ipsam</strong></span> <span class='ocrx_word' id='word_1_140' title='bbox 1941 1817 2340 1895; x_wconf 77' lang='lat' dir='ltr'><strong>proferentes,</strong></span> <span class='ocrx_word' id='word_1_141' title='bbox 2401 1817 2504 1876; x_wconf 91' lang='lat' dir='ltr'><strong>sed</strong></span> <span class='ocrx_word' id='word_1_142' title='bbox 2550 1818 2708 1876; x_wconf 87' lang='lat' dir='ltr'><strong>inter</strong></span> <span class='ocrx_word' id='word_1_143' title='bbox 2753 1835 2784 1877; x_wconf 90' lang='lat' dir='ltr'><strong>e</strong></span> <span class='ocrx_word' id='word_1_144' title='bbox 2831 1825 2890 1876; x_wconf 89' lang='lat' dir='ltr'><strong>et</strong></span> <span class='ocrx_word' id='word_1_145' title='bbox 2936 1819 2955 1876; x_wconf 96' lang='lat' dir='ltr'><strong>i</strong></span> <span class='ocrx_word' id='word_1_146' title='bbox 3001 1817 3134 1895; x_wconf 87' lang='lat' dir='ltr'><strong>pin-</strong></span> 
     </span>
     <span class='ocr_line' id='line_1_16' title="bbox 556 1902 3132 1999; baseline -0.001 -20"><span class='ocrx_word' id='word_1_147' title='bbox 556 1921 827 1996; x_wconf 84' lang='lat' dir='ltr'><strong>guiorem</strong></span> <span class='ocrx_word' id='word_1_148' title='bbox 885 1937 1092 1979; x_wconf 91' lang='lat' dir='ltr'><strong>sonum</strong></span> <span class='ocrx_word' id='word_1_149' title='bbox 1151 1922 1352 1979; x_wconf 88' lang='lat' dir='ltr'><strong>nescio</strong></span> <span class='ocrx_word' id='word_1_150' title='bbox 1410 1937 1586 1998; x_wconf 88' lang='lat' dir='ltr'><strong>quem</strong></span> <span class='ocrx_word' id='word_1_151' title='bbox 1642 1926 1950 1998; x_wconf 77' lang='lat' dir='ltr'><strong>ponentes,</strong></span> <span class='ocrx_word' id='word_1_152' title='bbox 2042 1918 2252 1979; x_wconf 86' lang='lat' dir='ltr'><strong>Graeci</strong></span> <span class='ocrx_word' id='word_1_153' title='bbox 2316 1902 2530 1978; x_wconf 70' lang='lat' dir='ltr'><strong>exilibs</strong></span> <span class='ocrx_word' id='word_1_154' title='bbox 2595 1918 2747 1979; x_wconf 90' lang='lat' dir='ltr'><strong>hanc</strong></span> <span class='ocrx_word' id='word_1_155' title='bbox 2803 1920 3132 1999; x_wconf 84' lang='lat' dir='ltr'><strong>proferunt,</strong></span> 
     </span>
     <span class='ocr_line' id='line_1_17' title="bbox 556 2016 3213 2111; baseline -0.001 -30"><span class='ocrx_word' id='word_1_156' title='bbox 556 2021 699 2081; x_wconf 89' lang='lat' dir='ltr'><strong>adeo</strong></span> <span class='ocrx_word' id='word_1_157' title='bbox 747 2017 1175 2105; x_wconf 71' lang='lat' dir='ltr'><strong>{expressioni</strong></span> <span class='ocrx_word' id='word_1_158' title='bbox 1235 2024 1366 2082; x_wconf 89' lang='lat' dir='ltr'><strong>eius</strong></span> <span class='ocrx_word' id='word_1_159' title='bbox 1419 2023 1585 2081; x_wconf 87' lang='lat' dir='ltr'><strong>tenui</strong></span> <span class='ocrx_word' id='word_1_160' title='bbox 1643 2020 1975 2111; x_wconf 77' lang='lat' dir='ltr'><strong>studenteS,</strong></span> <span class='ocrx_word' id='word_1_161' title='bbox 2038 2029 2128 2090; x_wconf 91' lang='lat' dir='ltr'><strong>ut,</strong></span> <span class='ocrx_word' id='word_1_162' title='bbox 2191 2022 2242 2080; x_wconf 90' lang='lat' dir='ltr'><strong>si</strong></span> <span class='ocrx_word' id='word_1_163' title='bbox 2288 2021 2487 2082; x_wconf 87' lang='lat' dir='ltr'><strong>dicant</strong></span> <span class='ocrx_word' id='word_1_164' title='bbox 2533 2023 2653 2091; x_wconf 76' lang='lat' dir='ltr'><strong>iuS,</strong></span> <span class='ocrx_word' id='word_1_165' title='bbox 2703 2016 3132 2100; x_wconf 82' lang='lat' dir='ltr'><strong>aliquantulum</strong></span> <span class='ocrx_word' id='word_1_166' title='bbox 3161 2036 3213 2078; x_wconf 80' lang='lat'><strong>15</strong></span> 
     </span>
     <span class='ocr_line' id='line_1_18' title="bbox 558 2121 3133 2203; baseline 0.001 -21"><span class='ocrx_word' id='word_1_167' title='bbox 558 2124 629 2183; x_wconf 89' lang='lat' dir='ltr'><strong>de</strong></span> <span class='ocrx_word' id='word_1_168' title='bbox 675 2125 865 2203; x_wconf 87' lang='lat' dir='ltr'><strong>priori</strong></span> <span class='ocrx_word' id='word_1_169' title='bbox 909 2125 1107 2186; x_wconf 87' lang='lat' dir='ltr'><strong>littera</strong></span> <span class='ocrx_word' id='word_1_170' title='bbox 1155 2125 1242 2184; x_wconf 88' lang='lat' dir='ltr'><strong>sic</strong></span> <span class='ocrx_word' id='word_1_171' title='bbox 1286 2124 1623 2203; x_wconf 77' lang='lat' dir='ltr'><strong>proferant,</strong></span> <span class='ocrx_word' id='word_1_172' title='bbox 1673 2132 1735 2183; x_wconf 92' lang='lat' dir='ltr'><strong>ut</strong></span> <span class='ocrx_word' id='word_1_173' title='bbox 1781 2124 1983 2184; x_wconf 82' lang='lat' dir='ltr'><strong>videas</strong></span> <span class='ocrx_word' id='word_1_174' title='bbox 2029 2121 2386 2202; x_wconf 81' lang='lat' dir='ltr'><strong>disyllabum</strong></span> <span class='ocrx_word' id='word_1_175' title='bbox 2432 2141 2562 2183; x_wconf 87' lang='lat' dir='ltr'><strong>esse</strong></span> <span class='ocrx_word' id='word_1_176' title='bbox 2607 2124 2847 2183; x_wconf 84' lang='lat' dir='ltr'><strong>sactum.</strong></span> <span class='ocrx_word' id='word_1_177' title='bbox 2922 2123 3133 2184; x_wconf 88' lang='lat' dir='ltr'><strong>Roma-</strong></span> 
     </span>
     <span class='ocr_line' id='line_1_19' title="bbox 554 2223 3134 2304; baseline 0 -19"><span class='ocrx_word' id='word_1_178' title='bbox 554 2245 664 2286; x_wconf 90' lang='lat' dir='ltr'><strong>nae</strong></span> <span class='ocrx_word' id='word_1_179' title='bbox 721 2227 956 2304; x_wconf 84' lang='lat' dir='ltr'><strong>linguae</strong></span> <span class='ocrx_word' id='word_1_180' title='bbox 1016 2228 1077 2286; x_wconf 88' lang='lat' dir='ltr'><strong>in</strong></span> <span class='ocrx_word' id='word_1_181' title='bbox 1136 2227 1247 2286; x_wconf 92' lang='lat' dir='ltr'><strong>hoc</strong></span> <span class='ocrx_word' id='word_1_182' title='bbox 1305 2229 1419 2286; x_wconf 90' lang='lat' dir='ltr'><strong>erit</strong></span> <span class='ocrx_word' id='word_1_183' title='bbox 1474 2226 1830 2295; x_wconf 86' lang='lat' dir='ltr'><strong>moderatio,</strong></span> <span class='ocrx_word' id='word_1_184' title='bbox 1892 2232 1957 2285; x_wconf 92' lang='lat' dir='ltr'><strong>ut</strong></span> <span class='ocrx_word' id='word_1_185' title='bbox 2014 2223 2188 2284; x_wconf 88' lang='lat' dir='ltr'><strong>exilis</strong></span> <span class='ocrx_word' id='word_1_186' title='bbox 2245 2228 2373 2285; x_wconf 89' lang='lat' dir='ltr'><strong>eius</strong></span> <span class='ocrx_word' id='word_1_187' title='bbox 2419 2245 2600 2285; x_wconf 82' lang='lat' dir='ltr'><strong>sonus</strong></span> <span class='ocrx_word' id='word_1_188' title='bbox 2644 2228 2749 2295; x_wconf 87' lang='lat' dir='ltr'><strong>sit,</strong></span> <span class='ocrx_word' id='word_1_189' title='bbox 2797 2226 2901 2286; x_wconf 91' lang='lat' dir='ltr'><strong>ubi</strong></span> <span class='ocrx_word' id='word_1_190' title='bbox 2947 2225 3020 2286; x_wconf 85' lang='lat' dir='ltr'><strong>ab</strong></span> <span class='ocrx_word' id='word_1_191' title='bbox 3067 2245 3134 2286; x_wconf 91' lang='lat' dir='ltr'><strong>ea</strong></span> 
     </span>
     <span class='ocr_line' id='line_1_20' title="bbox 553 2327 3130 2415; baseline 0 -28"><span class='ocrx_word' id='word_1_192' title='bbox 553 2328 800 2389; x_wconf 81' lang='lat' dir='ltr'><strong>verbum</strong></span> <span class='ocrx_word' id='word_1_193' title='bbox 847 2331 1089 2407; x_wconf 84' lang='lat' dir='ltr'><strong>incipit,</strong></span> <span class='ocrx_word' id='word_1_194' title='bbox 1138 2336 1203 2389; x_wconf 92' lang='lat' dir='ltr'><strong>ut</strong></span> <span class='ocrx_word' id='word_1_195' title='bbox 1250 2331 1360 2398; x_wconf 89' lang='lat' dir='ltr'><strong>ite,</strong></span> <span class='ocrx_word' id='word_1_196' title='bbox 1410 2336 1510 2389; x_wconf 87' lang='lat' dir='ltr'><strong>aut</strong></span> <span class='ocrx_word' id='word_1_197' title='bbox 1553 2329 1861 2408; x_wconf 87' lang='lat' dir='ltr'><strong>pinguior,</strong></span> <span class='ocrx_word' id='word_1_198' title='bbox 1909 2327 2013 2387; x_wconf 92' lang='lat' dir='ltr'><strong>ubi</strong></span> <span class='ocrx_word' id='word_1_199' title='bbox 2060 2328 2119 2386; x_wconf 93' lang='lat' dir='ltr'><strong>in</strong></span> <span class='ocrx_word' id='word_1_200' title='bbox 2166 2345 2235 2387; x_wconf 90' lang='lat' dir='ltr'><strong>ea</strong></span> <span class='ocrx_word' id='word_1_201' title='bbox 2268 2328 2489 2388; x_wconf 87' lang='lat' dir='ltr'><strong>desinit</strong></span> <span class='ocrx_word' id='word_1_202' title='bbox 2520 2327 2793 2398; x_wconf 83' lang='lat' dir='ltr'><strong>verbum,</strong></span> <span class='ocrx_word' id='word_1_203' title='bbox 2828 2336 2906 2415; x_wconf 68' lang='lat' dir='ltr'><strong>⁴ut</strong></span> <span class='ocrx_word' id='word_1_204' title='bbox 2949 2327 3130 2389; x_wconf 88' lang='lat' dir='ltr'><strong>habui</strong></span> 
     </span>
     <span class='ocr_line' id='line_1_21' title="bbox 551 2428 3128 2510; baseline -0 -20"><span class='ocrx_word' id='word_1_205' title='bbox 551 2435 748 2503; x_wconf 83' lang='lat' dir='ltr'><strong>tenui;</strong></span> <span class='ocrx_word' id='word_1_206' title='bbox 796 2432 1055 2492; x_wconf 89' lang='lat' dir='ltr'><strong>medium</strong></span> <span class='ocrx_word' id='word_1_207' title='bbox 1087 2431 1381 2510; x_wconf 86' lang='lat' dir='ltr'><strong>quendam</strong></span> <span class='ocrx_word' id='word_1_208' title='bbox 1413 2449 1622 2491; x_wconf 90' lang='lat' dir='ltr'><strong>sonum</strong></span> <span class='ocrx_word' id='word_1_209' title='bbox 1654 2433 1813 2490; x_wconf 88' lang='lat' dir='ltr'><strong>inter</strong></span> <span class='ocrx_word' id='word_1_210' title='bbox 1858 2448 1889 2489; x_wconf 89' lang='lat' dir='ltr'><strong>e</strong></span> <span class='ocrx_word' id='word_1_211' title='bbox 1936 2437 1993 2490; x_wconf 91' lang='lat' dir='ltr'><strong>et</strong></span> <span class='ocrx_word' id='word_1_212' title='bbox 2039 2432 2059 2489; x_wconf 92' lang='lat' dir='ltr'><strong>i</strong></span> <span class='ocrx_word' id='word_1_213' title='bbox 2104 2428 2310 2499; x_wconf 86' lang='lat' dir='ltr'><strong>habet,</strong></span> <span class='ocrx_word' id='word_1_214' title='bbox 2359 2428 2463 2489; x_wconf 89' lang='lat' dir='ltr'><strong>ubi</strong></span> <span class='ocrx_word' id='word_1_215' title='bbox 2508 2433 2568 2490; x_wconf 93' lang='lat' dir='ltr'><strong>in</strong></span> <span class='ocrx_word' id='word_1_216' title='bbox 2613 2432 2810 2491; x_wconf 89' lang='lat' dir='ltr'><strong>medio</strong></span> <span class='ocrx_word' id='word_1_217' title='bbox 2856 2449 3128 2491; x_wconf 85' lang='lat' dir='ltr'><strong>sermone</strong></span> 
     </span>
     <span class='ocr_line' id='line_1_22' title="bbox 554 2532 3209 2613; baseline -0.002 -18"><span class='ocrx_word' id='word_1_218' title='bbox 554 2543 672 2604; x_wconf 86' lang='lat' dir='ltr'><strong>est,</strong></span> <span class='ocrx_word' id='word_1_219' title='bbox 721 2542 785 2594; x_wconf 91' lang='lat' dir='ltr'><strong>ut</strong></span> <span class='ocrx_word' id='word_1_220' title='bbox 829 2534 1150 2593; x_wconf 88' lang='lat' dir='ltr'><strong>bominem.</strong></span> <span class='ocrx_word' id='word_1_221' title='bbox 1240 2533 1386 2593; x_wconf 89' lang='lat' dir='ltr'><strong>mihi</strong></span> <span class='ocrx_word' id='word_1_222' title='bbox 1434 2541 1628 2593; x_wconf 88' lang='lat' dir='ltr'><strong>tamen</strong></span> <span class='ocrx_word' id='word_1_223' title='bbox 1675 2534 1928 2603; x_wconf 87' lang='lat' dir='ltr'><strong>videtur,</strong></span> <span class='ocrx_word' id='word_1_224' title='bbox 1975 2532 2214 2611; x_wconf 89' lang='lat' dir='ltr'><strong>quando</strong></span> <span class='ocrx_word' id='word_1_225' title='bbox 2258 2532 2543 2611; x_wconf 81' lang='lat' dir='ltr'><strong>producta</strong></span> <span class='ocrx_word' id='word_1_226' title='bbox 2588 2541 2705 2603; x_wconf 87' lang='lat' dir='ltr'><strong>est,</strong></span> <span class='ocrx_word' id='word_1_227' title='bbox 2753 2534 2990 2613; x_wconf 85' lang='lat' dir='ltr'><strong>plenior</strong></span> <span class='ocrx_word' id='word_1_228' title='bbox 3040 2533 3127 2593; x_wconf 80' lang='lat' dir='ltr'><strong>vel</strong></span> <span class='ocrx_word' id='word_1_229' title='bbox 3158 2548 3209 2586; x_wconf 71' lang='lat'><strong>20</strong></span> 
     </span>
     <span class='ocr_line' id='line_1_23' title="bbox 553 2634 3128 2715; baseline -0.001 -18"><span class='ocrx_word' id='word_1_230' title='bbox 553 2639 784 2697; x_wconf 86' lang='lat' dir='ltr'><strong>acutior</strong></span> <span class='ocrx_word' id='word_1_231' title='bbox 828 2655 988 2707; x_wconf 87' lang='lat' dir='ltr'><strong>esse;</strong></span> <span class='ocrx_word' id='word_1_232' title='bbox 1048 2635 1280 2715; x_wconf 88' lang='lat' dir='ltr'><strong>quando</strong></span> <span class='ocrx_word' id='word_1_233' title='bbox 1325 2643 1533 2707; x_wconf 73' lang='lat' dir='ltr'><strong>⁴autem</strong></span> <span class='ocrx_word' id='word_1_234' title='bbox 1591 2636 1790 2696; x_wconf 87' lang='lat' dir='ltr'><strong>brevis</strong></span> <span class='ocrx_word' id='word_1_235' title='bbox 1849 2642 1967 2705; x_wconf 84' lang='lat' dir='ltr'><strong>est,</strong></span> <span class='ocrx_word' id='word_1_236' title='bbox 2030 2634 2288 2694; x_wconf 88' lang='lat' dir='ltr'><strong>medium</strong></span> <span class='ocrx_word' id='word_1_237' title='bbox 2348 2653 2554 2695; x_wconf 90' lang='lat' dir='ltr'><strong>sonum</strong></span> <span class='ocrx_word' id='word_1_238' title='bbox 2601 2635 2884 2695; x_wconf 85' lang='lat' dir='ltr'><strong>exhibere</strong></span> <span class='ocrx_word' id='word_1_239' title='bbox 2934 2635 3128 2704; x_wconf 86' lang='lat' dir='ltr'><strong>debet,</strong></span> 
     </span>
     <span class='ocr_line' id='line_1_24' title="bbox 552 2737 3126 2819; baseline -0.001 -19"><span class='ocrx_word' id='word_1_240' title='bbox 552 2744 706 2801; x_wconf 88' lang='lat' dir='ltr'><strong>sicut</strong></span> <span class='ocrx_word' id='word_1_241' title='bbox 752 2739 957 2800; x_wconf 89' lang='lat' dir='ltr'><strong>eadem</strong></span> <span class='ocrx_word' id='word_1_242' title='bbox 1003 2737 1304 2818; x_wconf 85' lang='lat' dir='ltr'><strong>exempla,</strong></span> <span class='ocrx_word' id='word_1_243' title='bbox 1354 2757 1502 2818; x_wconf 85' lang='lat' dir='ltr'><strong>quae</strong></span> <span class='ocrx_word' id='word_1_244' title='bbox 1548 2740 1739 2819; x_wconf 84' lang='lat' dir='ltr'><strong>posita</strong></span> <span class='ocrx_word' id='word_1_245' title='bbox 1786 2746 1952 2807; x_wconf 86' lang='lat' dir='ltr'><strong>sunt,</strong></span> <span class='ocrx_word' id='word_1_246' title='bbox 1999 2744 2244 2816; x_wconf 86' lang='lat' dir='ltr'><strong>possunt</strong></span> <span class='ocrx_word' id='word_1_247' title='bbox 2292 2737 2613 2799; x_wconf 80' lang='lat' dir='ltr'><strong>declarare.</strong></span> <span class='ocrx_word' id='word_1_248' title='bbox 2703 2738 3126 2799; x_wconf 84' lang='lat' dir='ltr'><strong>labdacismum</strong></span> 
     </span>
     <span class='ocr_line' id='line_1_25' title="bbox 559 2840 3127 2920; baseline -0 -19"><span class='ocrx_word' id='word_1_249' title='bbox 559 2845 764 2903; x_wconf 87' lang='lat' dir='ltr'><strong>vitium</strong></span> <span class='ocrx_word' id='word_1_250' title='bbox 810 2845 874 2903; x_wconf 90' lang='lat' dir='ltr'><strong>in</strong></span> <span class='ocrx_word' id='word_1_251' title='bbox 918 2861 988 2900; x_wconf 90' lang='lat' dir='ltr'><strong>eo</strong></span> <span class='ocrx_word' id='word_1_252' title='bbox 1034 2860 1162 2900; x_wconf 83' lang='lat' dir='ltr'><strong>esse</strong></span> <span class='ocrx_word' id='word_1_253' title='bbox 1210 2841 1443 2911; x_wconf 90' lang='lat' dir='ltr'><strong>dicunt,</strong></span> <span class='ocrx_word' id='word_1_254' title='bbox 1491 2841 1646 2920; x_wconf 85' lang='lat' dir='ltr'><strong>quod</strong></span> <span class='ocrx_word' id='word_1_255' title='bbox 1680 2842 1884 2900; x_wconf 89' lang='lat' dir='ltr'><strong>eadem</strong></span> <span class='ocrx_word' id='word_1_256' title='bbox 1919 2840 2116 2900; x_wconf 88' lang='lat' dir='ltr'><strong>littera</strong></span> <span class='ocrx_word' id='word_1_257' title='bbox 2147 2840 2236 2900; x_wconf 80' lang='lat' dir='ltr'><strong>vel</strong></span> <span class='ocrx_word' id='word_1_258' title='bbox 2272 2841 2554 2901; x_wconf 84' lang='lat' dir='ltr'><strong>subtilius</strong></span> <span class='ocrx_word' id='word_1_259' title='bbox 2585 2859 2623 2899; x_wconf 84' lang='lat' dir='ltr'><strong>a</strong></span> <span class='ocrx_word' id='word_1_260' title='bbox 2654 2840 3006 2920; x_wconf 81' lang='lat' dir='ltr'><strong>quibusdam</strong></span> <span class='ocrx_word' id='word_1_261' title='bbox 3038 2842 3127 2900; x_wconf 83' lang='lat' dir='ltr'><strong>vel</strong></span> 
     </span>
     <span class='ocr_line' id='line_1_26' title="bbox 554 2943 3127 3026; baseline -0.002 -20"><span class='ocrx_word' id='word_1_262' title='bbox 554 2948 838 3026; x_wconf 81' lang='lat' dir='ltr'><strong>pinguius</strong></span> <span class='ocrx_word' id='word_1_263' title='bbox 882 2945 1164 3004; x_wconf 84' lang='lat' dir='ltr'><strong>ecfertur.</strong></span> <span class='ocrx_word' id='word_1_264' title='bbox 1242 2952 1299 3004; x_wconf 91' lang='lat' dir='ltr'><strong>et</strong></span> <span class='ocrx_word' id='word_1_265' title='bbox 1345 2963 1410 3003; x_wconf 89' lang='lat' dir='ltr'><strong>re</strong></span> <span class='ocrx_word' id='word_1_266' title='bbox 1459 2962 1593 3003; x_wconf 79' lang='lat' dir='ltr'><strong>vera</strong></span> <span class='ocrx_word' id='word_1_267' title='bbox 1643 2943 1992 3003; x_wconf 79' lang='lat' dir='ltr'><strong>alterutrum</strong></span> <span class='ocrx_word' id='word_1_268' title='bbox 2041 2946 2247 3003; x_wconf 87' lang='lat' dir='ltr'><strong>vitium</strong></span> <span class='ocrx_word' id='word_1_269' title='bbox 2294 2943 2647 3021; x_wconf 80' lang='lat' dir='ltr'><strong>quibusdam</strong></span> <span class='ocrx_word' id='word_1_270' title='bbox 2693 2943 2972 3021; x_wconf 83' lang='lat' dir='ltr'><strong>gentibus</strong></span> <span class='ocrx_word' id='word_1_271' title='bbox 3019 2951 3127 3002; x_wconf 87' lang='lat' dir='ltr'><strong>est.</strong></span> 
     </span>
     <span class='ocr_line' id='line_1_27' title="bbox 553 3046 3206 3108; baseline -0.001 0"><span class='ocrx_word' id='word_1_272' title='bbox 553 3068 686 3108; x_wconf 91' lang='lat' dir='ltr'><strong>nam</strong></span> <span class='ocrx_word' id='word_1_273' title='bbox 745 3066 882 3108; x_wconf 89' lang='lat' dir='ltr'><strong>ecce</strong></span> <span class='ocrx_word' id='word_1_274' title='bbox 929 3049 1141 3108; x_wconf 90' lang='lat' dir='ltr'><strong>Graeci</strong></span> <span class='ocrx_word' id='word_1_275' title='bbox 1199 3047 1501 3108; x_wconf 88' lang='lat' dir='ltr'><strong>subtiliter</strong></span> <span class='ocrx_word' id='word_1_276' title='bbox 1557 3047 1712 3106; x_wconf 87' lang='lat' dir='ltr'><strong>hunc</strong></span> <span class='ocrx_word' id='word_1_277' title='bbox 1759 3064 1968 3105; x_wconf 87' lang='lat' dir='ltr'><strong>sonum</strong></span> <span class='ocrx_word' id='word_1_278' title='bbox 2016 3046 2288 3106; x_wconf 83' lang='lat' dir='ltr'><strong>efferunt.</strong></span> <span class='ocrx_word' id='word_1_279' title='bbox 2380 3046 2483 3105; x_wconf 88' lang='lat' dir='ltr'><strong>ubi</strong></span> <span class='ocrx_word' id='word_1_280' title='bbox 2530 3049 2689 3106; x_wconf 89' lang='lat' dir='ltr'><strong>enim</strong></span> <span class='ocrx_word' id='word_1_281' title='bbox 2738 3046 2941 3108; x_wconf 86' lang='lat' dir='ltr'><strong>dicunt</strong></span> <span class='ocrx_word' id='word_1_282' title='bbox 2988 3046 3126 3106; x_wconf 81' lang='lat' dir='ltr'><strong>‘ille</strong></span> <span class='ocrx_word' id='word_1_283' title='bbox 3154 3060 3206 3100; x_wconf 75' lang='lat'><strong>25</strong></span> 
     </span>
     <span class='ocr_line' id='line_1_28' title="bbox 551 3146 3129 3230; baseline -0.001 -20"><span class='ocrx_word' id='word_1_284' title='bbox 551 3151 698 3211; x_wconf 90' lang='lat' dir='ltr'><strong>mihi</strong></span> <span class='ocrx_word' id='word_1_285' title='bbox 744 3151 893 3210; x_wconf 85' lang='lat' dir='ltr'><strong>dixit</strong></span> <span class='ocrx_word' id='word_1_286' title='bbox 911 3155 948 3219; x_wconf 84' lang='lat'><strong>²,</strong></span> <span class='ocrx_word' id='word_1_287' title='bbox 996 3153 1084 3210; x_wconf 91' lang='lat' dir='ltr'><strong>sic</strong></span> <span class='ocrx_word' id='word_1_288' title='bbox 1130 3159 1340 3210; x_wconf 88' lang='lat' dir='ltr'><strong>sonant</strong></span> <span class='ocrx_word' id='word_1_289' title='bbox 1385 3149 1534 3209; x_wconf 91' lang='lat' dir='ltr'><strong>duae</strong></span> <span class='ocrx_word' id='word_1_290' title='bbox 1582 3148 1621 3207; x_wconf 89' lang='lat' dir='ltr'><strong>ll</strong></span> <span class='ocrx_word' id='word_1_291' title='bbox 1668 3151 1897 3226; x_wconf 88' lang='lat' dir='ltr'><strong>primae</strong></span> <span class='ocrx_word' id='word_1_292' title='bbox 1944 3146 2232 3226; x_wconf 80' lang='lat' dir='ltr'><strong>syllabae,</strong></span> <span class='ocrx_word' id='word_1_293' title='bbox 2280 3151 2445 3228; x_wconf 89' lang='lat' dir='ltr'><strong>quasi</strong></span> <span class='ocrx_word' id='word_1_294' title='bbox 2494 3168 2601 3230; x_wconf 84' lang='lat' dir='ltr'><strong>per</strong></span> <span class='ocrx_word' id='word_1_295' title='bbox 2644 3167 2824 3209; x_wconf 87' lang='lat' dir='ltr'><strong>unum</strong></span> <span class='ocrx_word' id='word_1_296' title='bbox 2868 3149 2888 3209; x_wconf 95' lang='lat' dir='ltr'><strong>l</strong></span> <span class='ocrx_word' id='word_1_297' title='bbox 2933 3167 3129 3208; x_wconf 87' lang='lat' dir='ltr'><strong>sermo</strong></span> 
     </span>
     <span class='ocr_line' id='line_1_29' title="bbox 552 3251 3127 3333; baseline -0.001 -21"><span class='ocrx_word' id='word_1_298' title='bbox 552 3256 679 3333; x_wconf 89' lang='lat' dir='ltr'><strong>ipse</strong></span> <span class='ocrx_word' id='word_1_299' title='bbox 727 3254 1028 3313; x_wconf 86' lang='lat' dir='ltr'><strong>consistat.</strong></span> <span class='ocrx_word' id='word_1_300' title='bbox 1121 3261 1326 3313; x_wconf 90' lang='lat' dir='ltr'><strong>contra</strong></span> <span class='ocrx_word' id='word_1_301' title='bbox 1373 3252 1476 3312; x_wconf 87' lang='lat' dir='ltr'><strong>alii</strong></span> <span class='ocrx_word' id='word_1_302' title='bbox 1523 3254 1607 3311; x_wconf 92' lang='lat' dir='ltr'><strong>sic</strong></span> <span class='ocrx_word' id='word_1_303' title='bbox 1652 3252 2040 3329; x_wconf 85' lang='lat' dir='ltr'><strong>pronuntiant</strong></span> <span class='ocrx_word' id='word_1_304' title='bbox 2086 3251 2221 3310; x_wconf 81' lang='lat' dir='ltr'><strong>‘ille</strong></span> <span class='ocrx_word' id='word_1_305' title='bbox 2266 3270 2462 3311; x_wconf 89' lang='lat' dir='ltr'><strong>meum</strong></span> <span class='ocrx_word' id='word_1_306' title='bbox 2503 3255 2816 3313; x_wconf 89' lang='lat' dir='ltr'><strong>comitatus</strong></span> <span class='ocrx_word' id='word_1_307' title='bbox 2857 3258 2946 3310; x_wconf 90' lang='lat' dir='ltr'><strong>est</strong></span> <span class='ocrx_word' id='word_1_308' title='bbox 2979 3253 3127 3310; x_wconf 88' lang='lat' dir='ltr'><strong>iter’</strong></span> 
     </span>
     <span class='ocr_line' id='line_1_30' title="bbox 551 3353 3128 3435; baseline -0.001 -20"><span class='ocrx_word' id='word_1_309' title='bbox 551 3366 610 3417; x_wconf 90' lang='lat' dir='ltr'><strong>et</strong></span> <span class='ocrx_word' id='word_1_310' title='bbox 657 3356 862 3416; x_wconf 75' lang='lat' dir='ltr'><strong>‘illum</strong></span> <span class='ocrx_word' id='word_1_311' title='bbox 908 3373 1016 3433; x_wconf 82' lang='lat' dir='ltr'><strong>ego</strong></span> <span class='ocrx_word' id='word_1_312' title='bbox 1061 3375 1170 3435; x_wconf 90' lang='lat' dir='ltr'><strong>per</strong></span> <span class='ocrx_word' id='word_1_313' title='bbox 1213 3357 1476 3415; x_wconf 85' lang='lat' dir='ltr'><strong>flammas</strong></span> <span class='ocrx_word' id='word_1_314' title='bbox 1522 3355 1793 3432; x_wconf 86' lang='lat' dir='ltr'><strong>eripui&#39;,-</strong></span> <span class='ocrx_word' id='word_1_315' title='bbox 1823 3362 1884 3413; x_wconf 89' lang='lat' dir='ltr'><strong>ut</strong></span> <span class='ocrx_word' id='word_1_316' title='bbox 1931 3353 2152 3433; x_wconf 88' lang='lat' dir='ltr'><strong>aliquid</strong></span> <span class='ocrx_word' id='word_1_317' title='bbox 2199 3353 2321 3413; x_wconf 88' lang='lat' dir='ltr'><strong>illic</strong></span> <span class='ocrx_word' id='word_1_318' title='bbox 2368 3356 2498 3414; x_wconf 86' lang='lat' dir='ltr'><strong>soni</strong></span> <span class='ocrx_word' id='word_1_319' title='bbox 2540 3358 2718 3415; x_wconf 90' lang='lat' dir='ltr'><strong>etiam</strong></span> <span class='ocrx_word' id='word_1_320' title='bbox 2751 3357 3128 3414; x_wconf 84' lang='lat' dir='ltr'><strong>consonantis</strong></span> 
     </span>
     <span class='ocr_line' id='line_1_31' title="bbox 555 3455 3125 3542; baseline -0.001 -23"><span class='ocrx_word' id='word_1_321' title='bbox 555 3462 902 3519; x_wconf 88' lang='lat' dir='ltr'><strong>ammiscere</strong></span> <span class='ocrx_word' id='word_1_322' title='bbox 949 3458 1289 3526; x_wconf 76' lang='lat' dir='ltr'><strong>videantur,</strong></span> <span class='ocrx_word' id='word_1_323' title='bbox 1338 3456 1494 3536; x_wconf 88' lang='lat' dir='ltr'><strong>qnod</strong></span> <span class='ocrx_word' id='word_1_324' title='bbox 1539 3458 1968 3534; x_wconf 82' lang='lat' dir='ltr'><strong>pinguissimae</strong></span> <span class='ocrx_word' id='word_1_325' title='bbox 2015 3455 2366 3542; x_wconf 87' lang='lat' dir='ltr'><strong>prolationis</strong></span> <span class='ocrx_word' id='word_1_326' title='bbox 2422 3466 2533 3517; x_wconf 85' lang='lat' dir='ltr'><strong>est.</strong></span> <span class='ocrx_word' id='word_1_327' title='bbox 2623 3457 2880 3518; x_wconf 88' lang='lat' dir='ltr'><strong>Romana</strong></span> <span class='ocrx_word' id='word_1_328' title='bbox 2926 3457 3125 3534; x_wconf 83' lang='lat' dir='ltr'><strong>lingua</strong></span> 
     </span>
     <span class='ocr_line' id='line_1_32' title="bbox 550 3558 3206 3638; baseline -0.002 -16"><span class='ocrx_word' id='word_1_329' title='bbox 550 3561 1024 3621; x_wconf 88' lang='lat' dir='ltr'><strong>emendationem</strong></span> <span class='ocrx_word' id='word_1_330' title='bbox 1081 3559 1258 3619; x_wconf 88' lang='lat' dir='ltr'><strong>habet</strong></span> <span class='ocrx_word' id='word_1_331' title='bbox 1312 3562 1373 3619; x_wconf 91' lang='lat' dir='ltr'><strong>in</strong></span> <span class='ocrx_word' id='word_1_332' title='bbox 1431 3559 1542 3618; x_wconf 89' lang='lat' dir='ltr'><strong>hoc</strong></span> <span class='ocrx_word' id='word_1_333' title='bbox 1588 3577 1822 3638; x_wconf 89' lang='lat' dir='ltr'><strong>quoque</strong></span> <span class='ocrx_word' id='word_1_334' title='bbox 1881 3558 2285 3618; x_wconf 80' lang='lat' dir='ltr'><strong>distinctione.</strong></span> <span class='ocrx_word' id='word_1_335' title='bbox 2377 3578 2512 3620; x_wconf 91' lang='lat' dir='ltr'><strong>nam</strong></span> <span class='ocrx_word' id='word_1_336' title='bbox 2558 3559 2780 3619; x_wconf 88' lang='lat' dir='ltr'><strong>alicubi</strong></span> <span class='ocrx_word' id='word_1_337' title='bbox 2826 3562 3122 3638; x_wconf 77' lang='lat' dir='ltr'><strong>pinguiuS,</strong></span> <span class='ocrx_word' id='word_1_338' title='bbox 3154 3571 3206 3612; x_wconf 71' lang='lat'><strong>³0</strong></span> 
     </span>
     <span class='ocr_line' id='line_1_33' title="bbox 554 3660 3124 3742; baseline -0.002 -18"><span class='ocrx_word' id='word_1_339' title='bbox 554 3663 774 3724; x_wconf 90' lang='lat' dir='ltr'><strong>alicubi</strong></span> <span class='ocrx_word' id='word_1_340' title='bbox 820 3662 996 3724; x_wconf 89' lang='lat' dir='ltr'><strong>debet</strong></span> <span class='ocrx_word' id='word_1_341' title='bbox 1042 3662 1257 3722; x_wconf 88' lang='lat' dir='ltr'><strong>exilius</strong></span> <span class='ocrx_word' id='word_1_342' title='bbox 1302 3661 1593 3740; x_wconf 79' lang='lat' dir='ltr'><strong>proferri;</strong></span> <span class='ocrx_word' id='word_1_343' title='bbox 1641 3661 1951 3740; x_wconf 79' lang='lat' dir='ltr'><strong>pinguiuS,</strong></span> <span class='ocrx_word' id='word_1_344' title='bbox 1999 3678 2132 3719; x_wconf 91' lang='lat' dir='ltr'><strong>cum</strong></span> <span class='ocrx_word' id='word_1_345' title='bbox 2179 3661 2268 3720; x_wconf 84' lang='lat' dir='ltr'><strong>vel</strong></span> <span class='ocrx_word' id='word_1_346' title='bbox 2317 3660 2353 3720; x_wconf 88' lang='lat' dir='ltr'><strong>b</strong></span> <span class='ocrx_word' id='word_1_347' title='bbox 2401 3665 2820 3742; x_wconf 40' lang='lat' dir='ltr'><strong>sequitu1·,‡ut</strong></span> <span class='ocrx_word' id='word_1_348' title='bbox 2865 3664 2927 3720; x_wconf 82' lang='lat' dir='ltr'><strong>in</strong></span> <span class='ocrx_word' id='word_1_349' title='bbox 2973 3660 3124 3729; x_wconf 86' lang='lat' dir='ltr'><strong>albo,</strong></span> 
     </span>
     <span class='ocr_line' id='line_1_34' title="bbox 551 3761 3126 3843; baseline -0.001 -18"><span class='ocrx_word' id='word_1_350' title='bbox 551 3767 641 3826; x_wconf 87' lang='lat' dir='ltr'><strong>vel</strong></span> <span class='ocrx_word' id='word_1_351' title='bbox 688 3784 747 3835; x_wconf 91' lang='lat' dir='ltr'><strong>c,</strong></span> <span class='ocrx_word' id='word_1_352' title='bbox 794 3775 859 3827; x_wconf 82' lang='lat' dir='ltr'><strong>ut</strong></span> <span class='ocrx_word' id='word_1_353' title='bbox 903 3769 964 3826; x_wconf 90' lang='lat' dir='ltr'><strong>in</strong></span> <span class='ocrx_word' id='word_1_354' title='bbox 1010 3765 1290 3843; x_wconf 91' lang='lat' dir='ltr'><strong>pulchro,</strong></span> <span class='ocrx_word' id='word_1_355' title='bbox 1341 3764 1429 3823; x_wconf 82' lang='lat' dir='ltr'><strong>vel</strong></span> <span class='ocrx_word' id='word_1_356' title='bbox 1476 3764 1527 3832; x_wconf 88' lang='lat' dir='ltr'><strong>s,</strong></span> <span class='ocrx_word' id='word_1_357' title='bbox 1578 3771 1640 3822; x_wconf 89' lang='lat' dir='ltr'><strong>ut</strong></span> <span class='ocrx_word' id='word_1_358' title='bbox 1686 3765 1748 3822; x_wconf 92' lang='lat' dir='ltr'><strong>in</strong></span> <span class='ocrx_word' id='word_1_359' title='bbox 1795 3761 2026 3831; x_wconf 74' lang='lat' dir='ltr'><strong>adeius,</strong></span> <span class='ocrx_word' id='word_1_360' title='bbox 2075 3762 2163 3822; x_wconf 82' lang='lat' dir='ltr'><strong>vel</strong></span> <span class='ocrx_word' id='word_1_361' title='bbox 2210 3781 2274 3841; x_wconf 86' lang='lat' dir='ltr'><strong>g,</strong></span> <span class='ocrx_word' id='word_1_362' title='bbox 2334 3771 2397 3823; x_wconf 89' lang='lat' dir='ltr'><strong>ut</strong></span> <span class='ocrx_word' id='word_1_363' title='bbox 2454 3768 2515 3824; x_wconf 91' lang='lat' dir='ltr'><strong>in</strong></span> <span class='ocrx_word' id='word_1_364' title='bbox 2576 3764 2732 3841; x_wconf 87' lang='lat' dir='ltr'><strong>alga,</strong></span> <span class='ocrx_word' id='word_1_365' title='bbox 2791 3762 2881 3822; x_wconf 80' lang='lat' dir='ltr'><strong>vel</strong></span> <span class='ocrx_word' id='word_1_366' title='bbox 2926 3781 3014 3832; x_wconf 90' lang='lat' dir='ltr'><strong>m,</strong></span> <span class='ocrx_word' id='word_1_367' title='bbox 3064 3771 3126 3822; x_wconf 89' lang='lat' dir='ltr'><strong>ut</strong></span> 
     </span>
     <span class='ocr_line' id='line_1_35' title="bbox 551 3864 3123 3950; baseline -0.002 -22"><span class='ocrx_word' id='word_1_368' title='bbox 551 3869 558 3950; x_wconf 69' lang='grc' dir='ltr'>Ι</span> <span class='ocrx_word' id='word_1_369' title='bbox 609 3870 669 3928; x_wconf 92' lang='lat' dir='ltr'><strong>in</strong></span> <span class='ocrx_word' id='word_1_370' title='bbox 714 3869 1024 3948; x_wconf 90' lang='lat' dir='ltr'><strong>pulmone,</strong></span> <span class='ocrx_word' id='word_1_371' title='bbox 1081 3867 1172 3927; x_wconf 81' lang='lat' dir='ltr'><strong>vel</strong></span> <span class='ocrx_word' id='word_1_372' title='bbox 1216 3886 1284 3946; x_wconf 93' lang='lat' dir='ltr'><strong>p,</strong></span> <span class='ocrx_word' id='word_1_373' title='bbox 1348 3873 1409 3925; x_wconf 91' lang='lat' dir='ltr'><strong>ut</strong></span> <span class='ocrx_word' id='word_1_374' title='bbox 1466 3868 1527 3924; x_wconf 91' lang='lat' dir='ltr'><strong>in</strong></span> <span class='ocrx_word' id='word_1_375' title='bbox 1584 3864 1848 3943; x_wconf 89' lang='lat' dir='ltr'><strong>scalpro;</strong></span> <span class='ocrx_word' id='word_1_376' title='bbox 1908 3865 2124 3924; x_wconf 84' lang='lat' dir='ltr'><strong>exilius</strong></span> <span class='ocrx_word' id='word_1_377' title='bbox 2183 3875 2378 3927; x_wconf 90' lang='lat' dir='ltr'><strong>autem</strong></span> <span class='ocrx_word' id='word_1_378' title='bbox 2422 3867 2779 3945; x_wconf 78' lang='lat' dir='ltr'><strong>proferenda</strong></span> <span class='ocrx_word' id='word_1_379' title='bbox 2826 3874 2943 3935; x_wconf 89' lang='lat' dir='ltr'><strong>est,</strong></span> <span class='ocrx_word' id='word_1_380' title='bbox 2991 3864 3123 3924; x_wconf 92' lang='lat' dir='ltr'><strong>ubi-</strong></span> 
     </span>
     <span class='ocr_line' id='line_1_36' title="bbox 546 3966 3123 4050; baseline -0.002 -20"><span class='ocrx_word' id='word_1_381' title='bbox 546 3990 798 4050; x_wconf 89' lang='lat' dir='ltr'><strong>cumque</strong></span> <span class='ocrx_word' id='word_1_382' title='bbox 844 3971 918 4032; x_wconf 90' lang='lat' dir='ltr'><strong>ab</strong></span> <span class='ocrx_word' id='word_1_383' title='bbox 965 3988 1032 4029; x_wconf 89' lang='lat' dir='ltr'><strong>ea</strong></span> <span class='ocrx_word' id='word_1_384' title='bbox 1081 3968 1325 4028; x_wconf 84' lang='lat' dir='ltr'><strong>verbum</strong></span> <span class='ocrx_word' id='word_1_385' title='bbox 1371 3968 1614 4045; x_wconf 89' lang='lat' dir='ltr'><strong>incipit,</strong></span> <span class='ocrx_word' id='word_1_386' title='bbox 1663 3973 1728 4025; x_wconf 91' lang='lat' dir='ltr'><strong>ut</strong></span> <span class='ocrx_word' id='word_1_387' title='bbox 1775 3969 1836 4025; x_wconf 90' lang='lat' dir='ltr'><strong>in</strong></span> <span class='ocrx_word' id='word_1_388' title='bbox 1881 3966 2083 4045; x_wconf 88' lang='lat' dir='ltr'><strong>lepore</strong></span> <span class='ocrx_word' id='word_1_389' title='bbox 2130 3967 2261 4029; x_wconf 92' lang='lat' dir='ltr'><strong>lana</strong></span> <span class='ocrx_word' id='word_1_390' title='bbox 2308 3969 2475 4048; x_wconf 92' lang='lat' dir='ltr'><strong>lupo,</strong></span> <span class='ocrx_word' id='word_1_391' title='bbox 2507 3969 2611 4029; x_wconf 81' lang='lat' dir='ltr'><strong>&#39;vel</strong></span> <span class='ocrx_word' id='word_1_392' title='bbox 2660 3969 2762 4029; x_wconf 85' lang='lat' dir='ltr'><strong>uhi</strong></span> <span class='ocrx_word' id='word_1_393' title='bbox 2808 3971 2871 4027; x_wconf 89' lang='lat' dir='ltr'><strong>in</strong></span> <span class='ocrx_word' id='word_1_394' title='bbox 2918 3967 3123 4043; x_wconf 79' lang='lat' dir='ltr'><strong>eodem</strong></span> 
     </span>
     <span class='ocr_line' id='line_1_37' title="bbox 547 4069 3200 4150; baseline -0.002 -18"><span class='ocrx_word' id='word_1_395' title='bbox 547 4073 841 4134; x_wconf 87' lang='lat' dir='ltr'><strong>verbo-et</strong></span> <span class='ocrx_word' id='word_1_396' title='bbox 897 4075 1062 4150; x_wconf 83' lang='lat' dir='ltr'><strong>prior</strong></span> <span class='ocrx_word' id='word_1_397' title='bbox 1117 4069 1338 4149; x_wconf 74' lang='lat' dir='ltr'><strong>syllaba</strong></span> <span class='ocrx_word' id='word_1_398' title='bbox 1394 4072 1454 4129; x_wconf 91' lang='lat' dir='ltr'><strong>in</strong></span> <span class='ocrx_word' id='word_1_399' title='bbox 1514 4069 1622 4129; x_wconf 92' lang='lat' dir='ltr'><strong>hac</strong></span> <span class='ocrx_word' id='word_1_400' title='bbox 1676 4070 1913 4140; x_wconf 86' lang='lat' dir='ltr'><strong>finitur,</strong></span> <span class='ocrx_word' id='word_1_401' title='bbox 1975 4077 2034 4128; x_wconf 83' lang='lat' dir='ltr'><strong>et</strong></span> <span class='ocrx_word' id='word_1_402' title='bbox 2090 4089 2344 4150; x_wconf 86' lang='lat' dir='ltr'><strong>sequens</strong></span> <span class='ocrx_word' id='word_1_403' title='bbox 2390 4071 2463 4132; x_wconf 85' lang='lat' dir='ltr'><strong>ab</strong></span> <span class='ocrx_word' id='word_1_404' title='bbox 2510 4091 2575 4131; x_wconf 91' lang='lat' dir='ltr'><strong>ea</strong></span> <span class='ocrx_word' id='word_1_405' title='bbox 2626 4073 2866 4148; x_wconf 87' lang='lat' dir='ltr'><strong>incipit,</strong></span> <span class='ocrx_word' id='word_1_406' title='bbox 2915 4076 2977 4129; x_wconf 90' lang='lat' dir='ltr'><strong>ut</strong></span> <span class='ocrx_word' id='word_1_407' title='bbox 3020 4069 3200 4128; x_wconf 66' lang='lat' dir='ltr'><strong>illes-‘³</strong></span> 
     </span>
    </p>
   </div>
   <div class='ocr_carea' id='block_1_4' title="bbox 546 4176 820 4236">
    <p class='ocr_par' dir='ltr' id='par_1_5' title="bbox 546 4176 820 4236">
     <span class='ocr_line' id='line_1_38' title="bbox 546 4176 820 4236; baseline -0.015 0"><span class='ocrx_word' id='word_1_408' title='bbox 546 4185 604 4236; x_wconf 89' lang='lat' dir='ltr'><strong>et</strong></span> <span class='ocrx_word' id='word_1_409' title='bbox 649 4176 820 4236; x_wconf 81' lang='lat' dir='ltr'><strong>Allia.</strong></span> 
     </span>
    </p>
   </div>
   <div class='ocr_carea' id='block_1_5' title="bbox 545 4344 3124 4973">
    <p class='ocr_par' dir='ltr' id='par_1_6' title="bbox 547 4344 3120 4551">
     <span class='ocr_line' id='line_1_39' title="bbox 723 4344 3120 4412; baseline -0.001 -17"><span class='ocrx_word' id='word_1_410' title='bbox 723 4347 747 4395; x_wconf 98' lang='grc'><strong>1</strong></span> <span class='ocrx_word' id='word_1_411' title='bbox 789 4359 913 4410; x_wconf 85' lang='lat' dir='ltr'><strong>ergo</strong></span> <span class='ocrx_word' id='word_1_412' title='bbox 949 4345 1071 4394; x_wconf 81' lang='lat' dir='ltr'><strong>fiunt</strong></span> <span class='ocrx_word' id='word_1_413' title='bbox 1110 4372 1172 4380; x_wconf 91' lang='lat'><strong>——</strong></span> <span class='ocrx_word' id='word_1_414' title='bbox 1214 4346 1381 4395; x_wconf 86' lang='lat' dir='ltr'><strong>sonuit</strong></span> <span class='ocrx_word' id='word_1_415' title='bbox 1417 4346 1659 4395; x_wconf 81' lang='lat' dir='ltr'><strong>Clemens:</strong></span> <span class='ocrx_word' id='word_1_416' title='bbox 1695 4360 1818 4412; x_wconf 81' lang='lat' dir='ltr'><strong>ergo</strong></span> <span class='ocrx_word' id='word_1_417' title='bbox 1857 4345 1976 4395; x_wconf 86' lang='lat' dir='ltr'><strong>fient</strong></span> <span class='ocrx_word' id='word_1_418' title='bbox 2014 4346 2312 4395; x_wconf 78' lang='lat' dir='ltr'><strong>barbarismi</strong></span> <span class='ocrx_word' id='word_1_419' title='bbox 2352 4345 2641 4394; x_wconf 86' lang='lat' dir='ltr'><strong>huiusmodi</strong></span> <span class='ocrx_word' id='word_1_420' title='bbox 2680 4360 2778 4394; x_wconf 87' lang='lat' dir='ltr'><strong>non</strong></span> <span class='ocrx_word' id='word_1_421' title='bbox 2812 4347 2860 4394; x_wconf 90' lang='lat' dir='ltr'><strong>in</strong></span> <span class='ocrx_word' id='word_1_422' title='bbox 2899 4344 3019 4394; x_wconf 84' lang='lat' dir='ltr'><strong>solis</strong></span> <span class='ocrx_word' id='word_1_423' title='bbox 3056 4369 3120 4379; x_wconf 90' lang='lat'><strong>--</strong></span> 
     </span>
     <span class='ocr_line' id='line_1_40' title="bbox 547 4413 3117 4482; baseline -0.001 -18"><span class='ocrx_word' id='word_1_424' title='bbox 547 4416 871 4479; x_wconf 65' lang='lat' dir='ltr'><strong>quibusdam,</strong></span> <span class='ocrx_word' id='word_1_425' title='bbox 900 4429 1013 4462; x_wconf 87' lang='lat' dir='ltr'><strong>cum</strong></span> <span class='ocrx_word' id='word_1_426' title='bbox 1048 4423 1134 4463; x_wconf 86' lang='lat' dir='ltr'><strong>aut</strong></span> <span class='ocrx_word' id='word_1_427' title='bbox 1166 4443 1226 4449; x_wconf 79' lang='lat'><strong>-—</strong></span> <span class='ocrx_word' id='word_1_428' title='bbox 1265 4417 1509 4482; x_wconf 84' lang='lat' dir='ltr'><strong>exposcit.</strong></span> <span class='ocrx_word' id='word_1_429' title='bbox 1542 4431 1697 4478; x_wconf 82' lang='lat' dir='ltr'><strong>quare</strong></span> <span class='ocrx_word' id='word_1_430' title='bbox 1733 4418 2057 4465; x_wconf 75' lang='lat' dir='ltr'><strong>Heinriclzius</strong></span> <span class='ocrx_word' id='word_1_431' title='bbox 2093 4418 2232 4479; x_wconf 84' lang='lat' dir='ltr'><strong>apud</strong></span> <span class='ocrx_word' id='word_1_432' title='bbox 2268 4417 2609 4466; x_wconf 71' lang='lat' dir='ltr'><strong>Buttmannum</strong></span> <span class='ocrx_word' id='word_1_433' title='bbox 2713 4416 2745 4464; x_wconf 91' lang='lat'>8</span> <span class='ocrx_word' id='word_1_434' title='bbox 2779 4413 2927 4481; x_wconf 75' lang='lat' dir='ltr'><strong>aceti]</strong></span> <span class='ocrx_word' id='word_1_435' title='bbox 2971 4416 3117 4464; x_wconf 81' lang='lat' dir='ltr'><strong>aeieti</strong></span> 
     </span>
     <span class='ocr_line' id='line_1_41' title="bbox 548 4483 3119 4551; baseline 0 -17"><span class='ocrx_word' id='word_1_436' title='bbox 548 4485 614 4534; x_wconf 88' lang='lat' dir='ltr'><em>M</em></span> <span class='ocrx_word' id='word_1_437' title='bbox 751 4486 816 4536; x_wconf 94' lang='grc'><strong>10</strong></span> <span class='ocrx_word' id='word_1_438' title='bbox 852 4483 1004 4549; x_wconf 84' lang='lat' dir='ltr'><strong>aceti]</strong></span> <span class='ocrx_word' id='word_1_439' title='bbox 1043 4487 1188 4536; x_wconf 84' lang='lat' dir='ltr'><strong>acieti</strong></span> <span class='ocrx_word' id='word_1_440' title='bbox 1226 4485 1290 4533; x_wconf 91' lang='lat' dir='ltr'><em>M</em></span> <span class='ocrx_word' id='word_1_441' title='bbox 1429 4487 1489 4537; x_wconf 89' lang='grc'><strong>11</strong></span> <span class='ocrx_word' id='word_1_442' title='bbox 1523 4485 1755 4536; x_wconf 77' lang='lat' dir='ltr'><strong>furientis</strong></span> <span class='ocrx_word' id='word_1_443' title='bbox 1786 4486 1850 4534; x_wconf 89' lang='lat' dir='ltr'><em>M</em></span> <span class='ocrx_word' id='word_1_444' title='bbox 1991 4487 2053 4536; x_wconf 91' lang='grc'><strong>12</strong></span> <span class='ocrx_word' id='word_1_445' title='bbox 2076 4487 2326 4551; x_wconf 85' lang='lat' dir='ltr'><strong>prolatum</strong></span> <span class='ocrx_word' id='word_1_446' title='bbox 2367 4488 2431 4535; x_wconf 88' lang='lat' dir='ltr'><strong>sit</strong></span> <span class='ocrx_word' id='word_1_447' title='bbox 2470 4486 2531 4534; x_wconf 88' lang='lat' dir='ltr'><em>M</em></span> <span class='ocrx_word' id='word_1_448' title='bbox 2671 4485 2734 4536; x_wconf 87' lang='lat'><strong>13</strong></span> <span class='ocrx_word' id='word_1_449' title='bbox 2762 4486 3032 4535; x_wconf 77' lang='lat' dir='ltr'><strong>reserentes</strong></span> <span class='ocrx_word' id='word_1_450' title='bbox 3059 4486 3119 4534; x_wconf 89' lang='lat' dir='ltr'><em>M</em></span> 
     </span>
    </p>

    <p class='ocr_par' dir='ltr' id='par_1_7' title="bbox 545 4555 3124 4973">
     <span class='ocr_line' id='line_1_42' title="bbox 688 4555 3121 4623; baseline -0.002 -16"><span class='ocrx_word' id='word_1_451' title='bbox 688 4556 751 4607; x_wconf 83' lang='lat'><strong>16</strong></span> <span class='ocrx_word' id='word_1_452' title='bbox 783 4556 1043 4620; x_wconf 82' lang='lat' dir='ltr'><strong>proferunt</strong></span> <span class='ocrx_word' id='word_1_453' title='bbox 1079 4565 1133 4606; x_wconf 84' lang='grc'><strong>111</strong></span> <span class='ocrx_word' id='word_1_454' title='bbox 1160 4557 1305 4604; x_wconf 83' lang='lat' dir='ltr'><strong>uides</strong></span> <span class='ocrx_word' id='word_1_455' title='bbox 1340 4559 1403 4607; x_wconf 88' lang='lat' dir='ltr'><em>M</em></span> <span class='ocrx_word' id='word_1_456' title='bbox 1519 4559 1582 4607; x_wconf 83' lang='lat'><strong>18</strong></span> <span class='ocrx_word' id='word_1_457' title='bbox 1611 4567 1695 4604; x_wconf 82' lang='lat' dir='ltr'><strong>aut</strong></span> <span class='ocrx_word' id='word_1_458' title='bbox 1728 4557 1933 4623; x_wconf 84' lang='lat' dir='ltr'><strong>pingior</strong></span> <span class='ocrx_word' id='word_1_459' title='bbox 1964 4556 2030 4604; x_wconf 89' lang='lat' dir='ltr'><em>M</em></span> <span class='ocrx_word' id='word_1_460' title='bbox 2135 4560 2200 4607; x_wconf 83' lang='grc'><strong>22</strong></span> <span class='ocrx_word' id='word_1_461' title='bbox 2232 4557 2577 4606; x_wconf 82' lang='lat' dir='ltr'><strong>lautacismum</strong></span> <span class='ocrx_word' id='word_1_462' title='bbox 2610 4557 2675 4605; x_wconf 84' lang='lat' dir='ltr'><em>M</em></span> <span class='ocrx_word' id='word_1_463' title='bbox 2776 4557 2844 4608; x_wconf 84' lang='lat'><strong>23</strong></span> <span class='ocrx_word' id='word_1_464' title='bbox 2873 4572 2904 4604; x_wconf 83' lang='lat' dir='ltr'><strong>a</strong></span> <span class='ocrx_word' id='word_1_465' title='bbox 2938 4571 3027 4608; x_wconf 85' lang='lat' dir='ltr'><strong>om.</strong></span> <span class='ocrx_word' id='word_1_466' title='bbox 3060 4555 3121 4603; x_wconf 82' lang='lat' dir='ltr'><em>M</em></span> 
     </span>
     <span class='ocr_line' id='line_1_43' title="bbox 683 4623 3117 4692; baseline -0 -18"><span class='ocrx_word' id='word_1_467' title='bbox 683 4627 748 4676; x_wconf 79' lang='lat'><strong>25</strong></span> <span class='ocrx_word' id='word_1_468' title='bbox 784 4623 890 4692; x_wconf 86' lang='lat' dir='ltr'><strong>ubi]</strong></span> <span class='ocrx_word' id='word_1_469' title='bbox 931 4637 986 4673; x_wconf 87' lang='lat' dir='ltr'><strong>ut</strong></span> <span class='ocrx_word' id='word_1_470' title='bbox 1025 4627 1091 4677; x_wconf 88' lang='lat' dir='ltr'><em>M</em></span> <span class='ocrx_word' id='word_1_471' title='bbox 1202 4628 1269 4676; x_wconf 89' lang='grc'><strong>27</strong></span> <span class='ocrx_word' id='word_1_472' title='bbox 1307 4628 1631 4690; x_wconf 80' lang='lat' dir='ltr'><strong>pronuntiant</strong></span> <span class='ocrx_word' id='word_1_473' title='bbox 1661 4636 1714 4674; x_wconf 90' lang='lat' dir='ltr'><strong>ut</strong></span> <span class='ocrx_word' id='word_1_474' title='bbox 1753 4628 1834 4677; x_wconf 86' lang='lat' dir='ltr'><strong>ille</strong></span> <span class='ocrx_word' id='word_1_475' title='bbox 1869 4629 1933 4677; x_wconf 92' lang='lat' dir='ltr'><em>M</em></span> <span class='ocrx_word' id='word_1_476' title='bbox 2047 4627 2113 4677; x_wconf 84' lang='lat'><strong>28</strong></span> <span class='ocrx_word' id='word_1_477' title='bbox 2147 4628 2336 4690; x_wconf 86' lang='lat' dir='ltr'><strong>aliquid</strong></span> <span class='ocrx_word' id='word_1_478' title='bbox 2377 4629 2392 4675; x_wconf 89' lang='lat' dir='ltr'><strong>i</strong></span> <span class='ocrx_word' id='word_1_479' title='bbox 2429 4627 2622 4676; x_wconf 80' lang='lat' dir='ltr'><strong>litterae</strong></span> <span class='ocrx_word' id='word_1_480' title='bbox 2661 4628 2772 4675; x_wconf 83' lang='lat' dir='ltr'><strong>soni</strong></span> <span class='ocrx_word' id='word_1_481' title='bbox 2810 4628 2958 4676; x_wconf 79' lang='lat' dir='ltr'><strong>etiam</strong></span> <span class='ocrx_word' id='word_1_482' title='bbox 2999 4640 3117 4674; x_wconf 85' lang='lat' dir='ltr'><strong>con·</strong></span> 
     </span>
     <span class='ocr_line' id='line_1_44' title="bbox 547 4697 3124 4761; baseline 0 -18"><span class='ocrx_word' id='word_1_483' title='bbox 547 4697 745 4745; x_wconf 85' lang='lat' dir='ltr'><strong>sonanti</strong></span> <span class='ocrx_word' id='word_1_484' title='bbox 784 4697 1124 4746; x_wconf 71' lang='lat' dir='ltr'><strong>Buttnmnnns.</strong></span> <span class='ocrx_word' id='word_1_485' title='bbox 1167 4702 1271 4748; x_wconf 76' lang='lat' dir='ltr'><strong>eius</strong></span> <span class='ocrx_word' id='word_1_486' title='bbox 1310 4704 1471 4746; x_wconf 78' lang='lat' dir='ltr'><strong>tamen</strong></span> <span class='ocrx_word' id='word_1_487' title='bbox 1510 4699 1932 4759; x_wconf 75' lang='lat' dir='ltr'><strong>pronuntiationis</strong></span> <span class='ocrx_word' id='word_1_488' title='bbox 1966 4713 2063 4748; x_wconf 81' lang='lat' dir='ltr'><strong>non</strong></span> <span class='ocrx_word' id='word_1_489' title='bbox 2110 4700 2391 4748; x_wconf 81' lang='lat' dir='ltr'><strong>mentionem</strong></span> <span class='ocrx_word' id='word_1_490' title='bbox 2432 4699 2663 4761; x_wconf 79' lang='lat' dir='ltr'><strong>fecerunt</strong></span> <span class='ocrx_word' id='word_1_491' title='bbox 2697 4699 3005 4760; x_wconf 75' lang='lat' dir='ltr'><strong>yrammacici</strong></span> <span class='ocrx_word' id='word_1_492' title='bbox 3038 4697 3124 4761; x_wconf 77' lang='lat' dir='ltr'><strong>qui</strong></span> 
     </span>
     <span class='ocr_line' id='line_1_45' title="bbox 546 4767 3121 4833; baseline -0.001 -19"><span class='ocrx_word' id='word_1_493' title='bbox 546 4767 608 4815; x_wconf 81' lang='lat' dir='ltr'><strong>cle</strong></span> <span class='ocrx_word' id='word_1_494' title='bbox 636 4767 983 4816; x_wconf 76' lang='lat' dir='ltr'><strong>lambdacismo</strong></span> <span class='ocrx_word' id='word_1_495' title='bbox 1006 4770 1320 4830; x_wconf 74' lang='lat' dir='ltr'><strong>scripserunt</strong></span> <span class='ocrx_word' id='word_1_496' title='bbox 1424 4769 1718 4816; x_wconf 81' lang='lat' dir='ltr'><strong>consonanti</strong></span> <span class='ocrx_word' id='word_1_497' title='bbox 1750 4768 1815 4816; x_wconf 84' lang='lat' dir='ltr'><em>M</em></span> <span class='ocrx_word' id='word_1_498' title='bbox 1916 4768 1983 4818; x_wconf 80' lang='lat'><strong>29</strong></span> <span class='ocrx_word' id='word_1_499' title='bbox 2020 4783 2255 4816; x_wconf 85' lang='lat' dir='ltr'><strong>romanae</strong></span> <span class='ocrx_word' id='word_1_500' title='bbox 2281 4769 2484 4833; x_wconf 80' lang='lat' dir='ltr'><strong>linguae</strong></span> <span class='ocrx_word' id='word_1_501' title='bbox 2511 4769 2909 4817; x_wconf 86' lang='lat' dir='ltr'><strong>emendationem</strong></span> <span class='ocrx_word' id='word_1_502' title='bbox 2938 4767 3121 4815; x_wconf 83' lang='lat' dir='ltr'><strong>habent</strong></span> 
     </span>
     <span class='ocr_line' id='line_1_46' title="bbox 548 4836 2982 4903; baseline 0.001 -21"><span class='ocrx_word' id='word_1_503' title='bbox 548 4837 597 4882; x_wconf 88' lang='lat' dir='ltr'><strong>in</strong></span> <span class='ocrx_word' id='word_1_504' title='bbox 637 4836 730 4884; x_wconf 82' lang='lat' dir='ltr'><strong>hac</strong></span> <span class='ocrx_word' id='word_1_505' title='bbox 764 4836 854 4885; x_wconf 84' lang='lat' dir='ltr'><strong>M:</strong></span> <span class='ocrx_word' id='word_1_506' title='bbox 892 4836 1102 4885; x_wconf 84' lang='lat' dir='ltr'><strong>Romani</strong></span> <span class='ocrx_word' id='word_1_507' title='bbox 1140 4836 1406 4886; x_wconf 77' lang='lat' dir='ltr'><strong>Cramerus</strong></span> <span class='ocrx_word' id='word_1_508' title='bbox 1543 4839 1606 4887; x_wconf 88' lang='lat'><strong>31</strong></span> <span class='ocrx_word' id='word_1_509' title='bbox 1650 4846 1703 4884; x_wconf 89' lang='grc'><strong>111</strong></span> <span class='ocrx_word' id='word_1_510' title='bbox 1743 4837 1860 4886; x_wconf 78' lang='lat' dir='ltr'><strong>albo</strong></span> <span class='ocrx_word' id='word_1_511' title='bbox 1901 4838 1977 4886; x_wconf 88' lang='lat' dir='ltr'><strong>uel</strong></span> <span class='ocrx_word' id='word_1_512' title='bbox 2018 4855 2044 4886; x_wconf 93' lang='lat' dir='ltr'><strong>c</strong></span> <span class='ocrx_word' id='word_1_513' title='bbox 2082 4840 2129 4886; x_wconf 90' lang='lat' dir='ltr'><strong>in</strong></span> <span class='ocrx_word' id='word_1_514' title='bbox 2170 4837 2380 4901; x_wconf 83' lang='lat' dir='ltr'><strong>pulchro</strong></span> <span class='ocrx_word' id='word_1_515' title='bbox 2415 4839 2477 4886; x_wconf 89' lang='lat' dir='ltr'><em>M</em></span> <span class='ocrx_word' id='word_1_516' title='bbox 2617 4838 2681 4888; x_wconf 82' lang='lat'><strong>32</strong></span> <span class='ocrx_word' id='word_1_517' title='bbox 2722 4839 2886 4903; x_wconf 82' lang='lat' dir='ltr'><strong>algam</strong></span> <span class='ocrx_word' id='word_1_518' title='bbox 2922 4838 2982 4885; x_wconf 82' lang='lat' dir='ltr'><em>M</em></span> 
     </span>
     <span class='ocr_line' id='line_1_47' title="bbox 545 4904 1777 4973; baseline 0.003 -20"><span class='ocrx_word' id='word_1_519' title='bbox 545 4904 612 4955; x_wconf 88' lang='grc'><strong>33</strong></span> <span class='ocrx_word' id='word_1_520' title='bbox 651 4907 701 4954; x_wconf 87' lang='lat' dir='ltr'><strong>iu</strong></span> <span class='ocrx_word' id='word_1_521' title='bbox 738 4906 905 4971; x_wconf 77' lang='lat' dir='ltr'><strong>scalpe</strong></span> <span class='ocrx_word' id='word_1_522' title='bbox 941 4907 1198 4972; x_wconf 46' lang='lat' dir='ltr'><strong>adscripto</strong></span> <span class='ocrx_word' id='word_1_523' title='bbox 1234 4909 1283 4955; x_wconf 78' lang='lat' dir='ltr'><strong>in</strong></span> <span class='ocrx_word' id='word_1_524' title='bbox 1309 4922 1466 4972; x_wconf 74' lang='lat' dir='ltr'><strong>marq.</strong></span> <span class='ocrx_word' id='word_1_525' title='bbox 1510 4907 1676 4973; x_wconf 80' lang='lat' dir='ltr'><strong>scalps</strong></span> <span class='ocrx_word' id='word_1_526' title='bbox 1711 4907 1777 4957; x_wconf 89' lang='lat' dir='ltr'><em>M</em></span> 
     </span>
    </p>
   </div>
  </div>
 </body>
</html>
