3541 5564
559 365 688 430 474
1441 412 1446 421 .
1661 366 2031 428 EVTYCHIS

604 475 839 529 p.132.ss
867 474 913 515 L.
2750 484 2791 521 p.
2818 472 2934 511 ιιι-ιε.
2964 472 3013 511 76
3039 468 3082 509 Ρ.

560 559 645 616 sic
712 558 887 616 etiam
955 555 1133 615 credo
1198 554 1386 614 vendo
1443 574 1476 614 a
1531 562 1760 614 cretum
1819 553 1894 613 (lo
1950 564 2011 613 et
2066 570 2278 613 venum
2335 552 2438 621 do,
2498 561 2561 612 ut
2605 551 2845 631 quidam
2901 557 3129 629 putant,

560 659 902 737 composita.
992 656 1097 717 sed
1152 658 1419 735 quamvis
1473 663 1712 735 praeter
1756 654 2250 715 consuetudinem
2297 656 2377 713 sit
2431 654 2751 714 latinorum
2797 652 3131 720 verborum,

560 769 626 821 ut
670 760 874 821 eadem
920 766 1194 819 manente
1237 758 1521 818 finalitate
1567 759 1919 836 compositio
1958 756 2080 817 sola
2125 764 2313 817 mutet
2358 758 2851 835 coniugationem,
2898 754 3134 814 videtur

560 870 759 923 tamen
813 861 924 922 boc
982 861 1310 921 imitatione
1369 859 1730 920 Graecorum
1788 867 2105 929 mutatum,
2164 859 2319 938 apud
2374 877 2522 938 quos
2577 858 2826 937 simplex
2892 856 3131 936 quidem

557 963 806 1025 verbum
863 962 1305 1024 circumflexum
1362 953 1545 1041 ὁρκῶ
1601 954 1830 1041 ὁρκοῖς
1887 963 2131 1029 tertiae,
2190 962 2583 1040 compositum
2628 967 2826 1020 autem
2872 953 3132 1037 εὐορκῶ
3160 972 3186 1012 ⁵

561 1059 861 1146 εὐορκεῖς
906 1061 1197 1144 ἐπιορκῶ
1244 1058 1577 1143 ἐπιορκεῖς
1619 1066 1847 1142 primae
1893 1071 2015 1131 est,
2064 1062 2313 1141 simplex
2357 1080 2637 1141 graecum
2684 1060 2870 1122 συλῶ
2924 1058 3135 1140 συλᾷς

559 1168 889 1236 secundae,
936 1169 1329 1246 compositum
1376 1184 1515 1225 vero
1561 1160 1893 1244 ἰεροσυλῶ
1940 1161 2311 1245 ἱεροσυλεῖς
2353 1167 2584 1244 primae
2617 1163 3132 1223 circumflexorum

561 1277 651 1330 est
703 1271 1155 1347 coniugationiS.
1245 1268 1400 1347 quod
1458 1269 1929 1347 perspicaciores
1995 1268 2354 1327 Graecorum
2424 1268 2754 1327 refutantes
2822 1266 3136 1326 adfirmant

558 1371 737 1433 huius
791 1371 948 1432 modi
1003 1369 1320 1430 verborum
1377 1369 1804 1430 declinationes
1862 1388 1980 1430 non
2040 1388 2072 1429 a
2127 1367 2329 1430 verbis
2385 1367 2757 1448 simplicibus
2811 1385 2973 1437 esse,
3029 1365 3132 1426 sed

559 1476 748 1551 magis
792 1492 823 1533 a
872 1472 1212 1533 nominibus
1259 1474 1602 1551 compositis
1648 1463 1930 1551 εὔορκος
1978 1467 2289 1550 ἐπίορκος
2348 1466 2724 1550 ἱερόσυλος,
2772 1469 2927 1529 unde
2973 1484 3212 1528 com-10

559 1578 752 1656 posita
808 1574 987 1636 verba
1045 1575 1196 1635 sacta
1255 1573 1454 1634 verbis
1498 1575 1561 1634 in
1619 1572 2013 1633 declinatione
2059 1591 2176 1633 non
2222 1572 2584 1652 respondere
2630 1574 2972 1651 primitivis,
3062 1590 3130 1631 ex

559 1697 676 1758 quo
721 1678 867 1737 mihi
911 1695 1143 1757 quoque
1190 1676 1423 1737 videtur
1480 1675 1554 1735 do
1610 1675 1856 1735 verbum
1912 1678 1973 1735 in
2018 1674 2394 1754 simplicitate
2439 1682 2680 1753 praeter
2723 1673 2987 1751 regulam
3032 1672 3132 1732 de-

560 1780 842 1842 clinatum
896 1797 1062 1840 suam
1117 1781 1181 1839 in
1238 1779 1663 1857 compositione
1720 1779 1952 1856 cepisse
2012 1779 2459 1856 proprietatem.
2548 1778 2917 1855 primitivum
2975 1776 3133 1835 enim

560 1886 822 1942 existens
877 1884 1088 1942 tertiae
1151 1880 1357 1941 debuit
1411 1898 1541 1939 esse
1599 1881 2065 1957 coniugationiS,
2123 1881 2263 1958 quia
2320 1881 2383 1977 ip
2440 1879 2514 1939 do
2570 1878 2901 1938 desinentia
2957 1876 3133 1937 verba

559 1992 701 2044 tunc
744 1990 971 2043 tantum
1015 1982 1189 2043 modo
1233 1984 1458 2062 primae
1504 1989 1642 2041 sunt
1686 1983 2153 2059 coniugationis,
2214 2000 2347 2042 cum
2393 2000 2425 2040 a
2471 1979 2814 2041 nominibus
2858 1980 3131 2039 derivan-
3159 1992 3211 2032 15

563 2094 688 2155 tur,
755 2086 1057 2164 primitiva
1117 2103 1258 2145 vero
1323 2086 1533 2144 tertiae
1600 2083 1808 2152 soliuS,
1878 2091 1944 2142 ut
2000 2090 2135 2143 ante
2193 2083 2309 2143 lata
2374 2082 2780 2142 demonstrant
2847 2081 3131 2161 exempla.

559 2188 714 2268 quod
761 2189 968 2265 igitur,
1017 2205 1154 2248 cum
1196 2194 1355 2247 esset
1398 2184 1895 2264 monosyllabum,
1944 2184 2225 2263 perdidit,
2272 2193 2337 2245 ut
2379 2204 2497 2246 non
2544 2193 2703 2245 esset
2749 2187 2981 2253 tertiae,
3030 2184 3133 2244 sed

560 2292 786 2370 primae
832 2290 1293 2366 coniugationiS,
1340 2306 1503 2348 more
1536 2287 1768 2347 scilicet
1810 2287 2060 2348 aliorum
2092 2285 2661 2366 monosyllaborum,
2709 2289 2865 2346 sicut
2908 2305 2985 2346 no
3028 2304 3136 2345 nas

561 2401 687 2463 nat,
735 2392 840 2460 sso,
889 2399 1006 2461 sto,
1055 2392 1147 2451 sor
1193 2385 1200 2464 Ι
1249 2392 1394 2451 saris
1439 2391 1629 2457 satur,
1690 2390 1751 2449 id
1796 2391 1859 2449 in
1906 2390 2331 2468 compositione
2377 2390 2619 2468 recipit,
2666 2396 2733 2448 ut
2776 2389 2847 2449 ad
2895 2391 3135 2448 tertiam

560 2494 741 2554 solam
787 2495 1083 2572 pertineat
1126 2494 1629 2569 coniugationem,
1678 2489 1902 2570 absque
1935 2490 2163 2551 duabus
2194 2489 2754 2569 compositionibuS‚
2804 2490 2862 2550 id
2895 2499 2988 2551 est
3015 2493 3133 2550 eir·
3160 2504 3216 2545 20

562 2596 773 2656 cumdo
818 2595 1181 2663 circumdaS,
1229 2592 1547 2672 pessumdo
1593 2593 1970 2671 pessumdaS,
2019 2596 2080 2655 in
2124 2592 2345 2673 quibus
2388 2593 2623 2653 videtur
2666 2595 2964 2670 integrum
3010 2610 3136 2653 ser-

560 2700 714 2766 vari,
762 2715 897 2758 cum
942 2694 1293 2757 naturaliter
1336 2695 1432 2755 his
1477 2697 1537 2755 in
1584 2696 1870 2754 unitatem
1914 2713 2031 2755 non
2079 2698 2166 2755 sic
2211 2696 2506 2756 cohaeret.
2594 2697 2658 2755 in
2704 2695 2813 2755 dor
2858 2695 3134 2755 desinen-

561 2803 640 2862 tia
685 2802 911 2880 primae
958 2807 1096 2860 sunt
1141 2794 1170 2880 Η
1217 2800 1678 2876 coniugationiS,
1727 2805 1794 2857 ut
1836 2798 2016 2858 vador
2060 2798 2315 2877 praedor
2358 2798 2747 2859 verecundor.

731 2902 795 2963 In
855 2919 929 2980 go
984 2900 1078 2961 vel
1136 2902 1197 2960 in
1253 2917 1360 2977 gor
1405 2900 1737 2960 desinentia
1795 2898 1974 2959 verba
2020 2919 2092 2960 ex
2137 2901 2628 2961 antecedentibus
2673 2901 2890 2961 litteris
2936 2900 3135 2960 (linos-

562 3013 796 3067 cuntur.
886 3023 918 3063 a
964 3005 1147 3081 igitur
1191 3008 1325 3063 ante
1372 3001 1603 3082 finalem
1648 2999 1926 3061 habentia
1982 3000 2266 3080 syllabam
2308 3006 2536 3082 primae
2584 3010 2720 3064 sunt
2765 3004 3133 3079 coniugatio·
3160 3016 3215 3059 25

561 3110 685 3176 nis,
732 3114 797 3167 ut
840 3122 1101 3185 propago
1146 3121 1466 3183 propagaS,
1516 3120 1691 3180 vagor
1736 3106 1998 3180 vagariS,
2045 3104 2295 3182 indagor
2340 3105 2674 3183 indagariS,
2723 3106 2993 3182 refragor
3038 3122 3133 3164 re-

523 3209 833 3286 ‘sragaris
923 3214 1201 3268 notantur
1258 3207 1471 3266 tertiae
1531 3223 1638 3282 ago
1683 3208 1841 3283 agiS,
1900 3213 1965 3265 ut
2007 3207 2404 3284 primitivum,
2453 3215 2511 3267 et
2557 3207 2630 3267 ab
2675 3226 2746 3266 eo
2791 3209 3134 3285 composita,

561 3314 686 3372 sive
744 3318 984 3372 servent
1036 3328 1067 3369 a
1125 3311 1187 3369 in
1245 3308 1699 3386 compositione,
1758 3315 1823 3367 ut
1867 3325 2088 3386 perago
2132 3310 2501 3386 circumagO,
2562 3328 2666 3369 seu
2712 3315 2942 3368 mutent
2986 3326 3133 3376 eam,

560 3421 627 3474 ut
671 3413 843 3488 exigo
889 3409 1138 3488 subigo,
1197 3428 1302 3470 seu
1346 3411 1585 3488 penitus
1630 3409 1972 3476 excludant,
2032 3417 2095 3470 ut
2140 3409 2289 3486 dego
2333 3429 2499 3488 cogo.
2590 3430 2621 3468 e
2668 3418 2803 3471 ante
2847 3428 2920 3487 go
2965 3427 3136 3488 prae-

564 3515 810 3576 cedente
857 3513 1070 3572 tertiae
1117 3519 1285 3581 sunt,
1332 3519 1397 3571 ut
1438 3511 1569 3587 lego
1615 3511 1794 3588 legiS,
1843 3511 1992 3588 dego
2037 3511 2206 3588 degis
2246 3514 2424 3572 etiam
2458 3512 2531 3571 ab
2564 3530 2672 3590 ago
2716 3514 3128 3591 compositum.
3160 3527 3214 3566 ao

563 3617 942 3694 excipiuntur
987 3631 1138 3690 nego
1184 3631 1381 3691 negas,
1430 3613 1561 3690 lego
1607 3613 1768 3690 legas
1815 3632 1846 3672 e
1904 3613 2135 3689 longam
2181 3612 2405 3673 habens
2450 3614 2521 3674 ad
2569 3614 2964 3674 differentiam
3011 3616 3135 3692 pri-

700 3806 734 3853 4
766 3800 1090 3867 Graecorum]
1116 3816 1300 3867 graeca
1321 3801 1420 3850 BP
1485 3800 1518 3850 9
1537 3815 1649 3848 esse
1673 3800 1908 3861 om,Bts'
1977 3799 2037 3850 10
2058 3798 2368 3849 ΙιιεΡοεΥΛοε
2387 3800 2503 3849 inde
2533 3803 2794 3867 conposita
2820 3801 2978 3851 uerba
3002 3799 3138 3850 sacta

564 3874 735 3925 uerbis
764 3873 814 3923 B
849 3886 1123 3922 inrocvaoe
1169 3872 1249 3920 ide·
1290 3870 1422 3919 unde
1457 3871 1722 3936 conposita
1755 3870 1911 3919 uerba
1948 3870 2081 3919 sacta
2114 3878 2229 3918 sunt
2266 3870 2432 3919 uerbis
2470 3871 2521 3919 P
2555 3887 2826 3922 terocmwe
2855 3871 3141 3920 immolator

564 3944 698 3995 unde
734 3945 972 3992 uidentur
1006 3943 1285 4006 composita
1304 3955 1486 4005 graeca
1506 3941 1659 3989 uerba
1697 3939 1831 3990 faeta
1864 3940 2034 3989 uerbis
2070 3947 2091 3988 t
2192 3940 2254 3989 12
2286 3955 2493 4003 guoque
2514 3956 2607 3994 om.
2636 3941 2687 3990 B
2797 3940 2860 3991 13
2888 3942 3019 3990 enim
3041 3957 3134 3994 om.

563 4014 615 4063 B
723 4013 787 4064 15
816 4012 1095 4062 diriuentur
1128 4012 1178 4060 P
1279 4011 1340 4062 17
1375 4010 1509 4072 quod
1547 4010 1703 4075 igitur
1733 4026 1847 4059 cum
1878 4019 2016 4059 esset
2050 4009 2454 4075 monossllabum
2494 4018 2513 4059 t
2549 4013 2683 4073 quod
2723 4012 2876 4077 igitur
2906 4011 2971 4060 do
3005 4020 3141 4060 esset

566 4082 967 4148 monosyllabum
1005 4081 1055 4131 P
1088 4081 1222 4145 quod
1260 4081 1417 4146 igitur
1441 4095 1553 4128 cum
1586 4080 1967 4130 circumflexum
2007 4090 2145 4129 esset
2182 4090 2230 4128 et
2268 4081 2669 4144 monosyllzibum
2701 4081 2753 4130 B
2893 4082 2962 4131 20
2988 4081 3137 4145 perti—

566 4164 651 4203 net
685 4154 735 4202 P
868 4153 933 4203 21
974 4151 1208 4201 uidentur
1242 4152 1440 4216 integra
1476 4150 1673 4198 seruari
1708 4150 1858 4200 BPt
1890 4149 2090 4198 uidetur
2126 4151 2325 4215 integra
2365 4151 2654 4215 coniugatio
2689 4150 2949 4202 obseruari
2982 4153 3019 4214 f

561 4225 628 4273 22
667 4225 716 4272 in
753 4223 1062 4272 unanitatem
1101 4221 1151 4269 P
1252 4221 1324 4271 sie
1361 4223 1430 4273 al.
1460 4236 1524 4268 m.
1559 4220 1682 4272 add.
1714 4221 1766 4270 B
1880 4218 1948 4269 26
1989 4234 2150 4284 nagor
2185 4221 2391 4285 ungaris
2417 4220 2635 4286 indagor
2673 4219 2905 4286 refragor
2942 4230 3140 4270 notatur

565 4294 615 4343 P
648 4307 807 4359 nagor
850 4291 1056 4357 ungaris
1093 4292 1377 4358 (super-aer.
1418 4292 1486 4339 αἱ.
1522 4306 1583 4339 m.
1621 4290 1839 4356 indagor
1878 4288 2006 4354 aris)
2046 4289 2276 4355 refragor
2315 4291 2452 4354 garis
2491 4300 2689 4340 notatur
2723 4289 2775 4337 B
2801 4306 2866 4340 ua
2907 4306 2964 4341 or
3000 4291 3139 4356 garis

561 4363 788 4430 refragor
823 4363 962 4428 garis
998 4362 1212 4425 indagor
1240 4362 1379 4427 garis
1416 4359 1662 4408 Notantur
1689 4367 1736 4410 t.-
1773 4360 1842 4423 es.
1875 4376 1931 4424 p.
1953 4359 2072 4423 459,
2098 4361 2166 4409 32
2261 4359 2329 4410 28
2363 4375 2553 4425 perago
2590 4306 2903 4425 circumage}
2946 4374 3138 4425 perago

560 4448 696 4486 corr.
736 4434 1027 4496 circumage
1061 4431 1113 4480 B
1140 4432 1431 4496 circumage
1468 4430 1518 4478 P
1653 4429 1721 4480 29
1748 4439 1802 4479 ut
1833 4445 1962 4495 cogo
1997 4436 2277 4495 (super-scr.
2308 4431 2380 4480 al.
2413 4446 2474 4480 m.
2512 4429 2666 4494 dego)
2706 4429 2756 4478 B
2895 4428 2957 4479 31
2999 4431 3138 4480 exci—

563 4503 770 4568 piuntur
805 4517 937 4567 nego
976 4516 1031 4550 as
1073 4501 1190 4568 lego
1228 4516 1285 4551 as
1326 4501 1442 4566 lego
1479 4501 1609 4548 enim
1647 4501 1840 4564 primae
1887 4509 1963 4549 est
1999 4516 2026 4548 e
2069 4498 2273 4566 longam
2311 4498 2505 4549 habens
2541 4500 2606 4548 ad
2653 4498 2994 4550 differenciam
3031 4502 3138 4566 pri·

563 4573 724 4622 mitiui
762 4581 811 4621 et
846 4588 876 4622 a
907 4572 1108 4621 nomine
1146 4573 1281 4635 quod
1307 4580 1384 4620 est
1412 4571 1494 4618 lex
1528 4569 1804 4619 diriuaturn
1842 4570 1954 4633 lego
1986 4570 2116 4618 enim
2153 4585 2182 4618 e
2216 4570 2441 4636 legitime
2478 4578 2527 4618 et
2575 4569 2682 4617 inre
2720 4585 2932 4621 seruans
2967 4586 2994 4618 e
3031 4570 3139 4619 lon·

561 4657 679 4708 gam
721 4643 938 4692 nominis
982 4642 1174 4707 primae
1218 4648 1295 4690 est
1346 4639 1718 4704 coniugationis
1754 4648 1777 4688 ε
1823 4640 2074 4704 excipitur
2123 4653 2255 4705 nego
2293 4654 2350 4688 as
2389 4639 2503 4706 lego
2540 4653 2597 4687 as
2636 4654 2663 4686 e
2702 4637 2907 4706 longam
2944 4640 3136 4689 habens

560 4713 627 4762 ad
653 4712 970 4762 diferentiam
997 4712 1240 4776 primitiui
1276 4719 1326 4761 et
1361 4726 1390 4760 a
1423 4709 1624 4760 nomine
1654 4709 1791 4772 quod
1829 4718 1906 4759 est
1934 4709 2014 4758 lex
2045 4712 2088 4758 is
2123 4710 2407 4759 deriuatum
2441 4709 2666 4775 legitime
2704 4716 2753 4757 et
2780 4711 2887 4759 iure
2923 4725 3137 4760 seruans

560 4799 589 4831 e
619 4781 822 4848 longam
861 4781 1083 4831 nominis
1123 4783 1314 4846 primae
1351 4780 1723 4844 coniugationis
1762 4789 1839 4828 est
1863 4780 1900 4841 f
1990 4781 2104 4844 lego
2140 4779 2271 4828 euim
2312 4779 2454 4844 legas
2474 4779 2696 4843 (primae
2729 4789 2808 4828 est
2834 4784 2904 4833 al.
2925 4797 2985 4829 m.
3006 4780 3132 4832 add.

561 4853 635 4912 P)
672 4868 701 4901 e
737 4852 845 4901 PB
