3541 5564
1282 366 1318 385 ἡ

578 395 701 459 628
1518 390 1527 401 “
1663 395 2035 479 ,ΜΑΟΒΟΒΠ

628 518 669 557 p.
698 507 811 545 276⁷.
838 507 890 546 ss
916 503 960 543 r.

576 580 801 664 ψάμην
844 586 998 663 quod
1043 579 1411 665 ήλείφθην;
1470 585 1581 644 hoc
1635 592 1724 644 est
1781 577 2049 663 ἡσάμην
2104 584 2261 663 quod
2318 576 2564 662 ἥσθην.
2615 586 2797 644 item
2846 578 3146 662 ἐγραψά-

575 706 706 765 μην
753 682 1019 767 ἐφάμην
1067 682 1314 766 ἐδόμην
1357 682 1524 768 μέσα
1571 685 1897 765 appellant,
1946 703 2079 744 eum
2111 686 2259 745 nihil
2291 686 2626 762 significant
2656 692 2896 763 praeter
2927 693 3142 746 aetum.

574 789 686 848 hoc
743 795 833 848 est
887 791 1044 849 enim
1094 784 1486 869 ἐγραψάμην
1530 788 1683 867 quod
1732 785 2025 866 ἔγραψα,
2084 806 2194 847 nee
2253 805 2528 865 umquam
2574 786 2796 846 dieitur
2839 779 2972 846 ὑπὸ
3019 786 3146 846 σοῦ

577 887 1000 970 ἐγραψάμην,
1064 899 1122 951 et
1175 891 1285 950 hoc
1344 885 1611 971 ἐφάμην
1664 890 1821 969 quod
1881 887 2087 968 ἔφην,
2144 890 2256 949 hoc
2314 896 2402 947 est
2449 883 2700 967 ἐδόμην
2745 889 2900 968 quod
2947 885 3141 948 ἔδων.

574 1012 717 1069 ergo
763 1001 822 1052 et
866 990 962 1053 illa
1008 1012 1157 1071 quae
1205 996 1479 1072 superius
1524 993 1808 1061 diximuS,
1855 988 2176 1072 φείδομαί
2214 1003 2363 1068 σου,
2412 987 2704 1070 κήδομαί
2742 1004 2892 1069 σου,
2941 985 3141 1050 ἱππά-
3174 1006 3200 1043 5

572 1090 759 1175 ζομαι
802 1088 1091 1174 μάχομαι
1137 1092 1524 1173 διαλέγομαι
1568 1091 2050 1174 περιβλέπομαι
2095 1087 2436 1171 δωροῦμαι
2482 1091 2821 1172 χαρίζομαι
2867 1085 3147 1172 εὔχομαι

571 1191 845 1276 ἄγαμαι,
891 1215 1024 1256 eum
1071 1205 1263 1257 aetum
1310 1198 1496 1257 solum
1543 1198 1912 1274 significent,
1960 1191 2126 1274 μέσα
2179 1202 2372 1255 tamen
2419 1194 2819 1274 appellantur:
2868 1196 3008 1255 lieet
3050 1196 3146 1255 his

573 1299 790 1359 similia
853 1298 1042 1358 Latini
1112 1318 1226 1358 non
1294 1302 1655 1367 eommunia,
1727 1299 1831 1359 sed
1899 1298 2249 1376 deponentia
2318 1298 2640 1357 nominent.
2731 1305 2820 1357 est
2875 1305 2934 1357 et
2999 1298 3146 1357 haee

573 1402 933 1461 Graecorum
993 1421 1023 1460 a
1080 1401 1367 1460 latinitate
1426 1402 1746 1468 dissensio,
1809 1400 2002 1479 quod,
2063 1418 2196 1459 cum
2251 1399 2443 1459 Latini
2513 1391 2839 1478 numquam
2898 1399 3144 1459 verbum

573 1522 881 1563 commune
928 1502 1156 1572 dicant,
1217 1506 1331 1562 nisi
1378 1503 1534 1582 quod
1582 1505 1658 1562 sit
1702 1501 1892 1562 simile
1938 1502 2202 1581 passivo,
2252 1501 2461 1561 Graeci
2512 1509 2705 1561 tamen
2751 1502 3036 1580 quaedam
3083 1511 3144 1560 et
3176 1516 3224 1553 10

571 1606 776 1664 activis
832 1605 1049 1665 similia
1103 1599 1269 1683 μέσα
1327 1605 1630 1673 dixerunt,
1691 1613 1754 1663 ut
1808 1597 2104 1683 πέπηγα,
2159 1603 2314 1681 quod
2371 1597 2577 1681 μέσον
2641 1603 2858 1663 dieitur
2917 1612 2976 1661 et
3031 1602 3142 1664 sub

573 1709 762 1766 activo
820 1725 962 1767 sono
1018 1706 1200 1766 solam
1256 1708 1548 1784 signifieat
1593 1708 1955 1785 passionem:
2017 1705 2128 1764 hoe
2174 1713 2266 1765 est
2309 1707 2467 1765 enim
2514 1699 2776 1784 πέπηγα
2821 1706 2977 1783 quod
3022 1701 3142 1765 πέ-

571 1826 842 1887 πηγμαι.
934 1803 1237 1887 πέπληγα
1281 1828 1452 1886 vero,
1499 1802 1618 1888 ἀφ’
1666 1794 1751 1868 οὗ
1795 1800 1870 1867 τὸ
1917 1800 2300 1885 “πεπληγώς
2344 1799 2745 1886 άγορῆθεν’,
2793 1803 2904 1866 καὶ
2949 1805 3138 1867 κέκο-

571 1928 697 1988 πα,
755 1904 874 1990 ἀφ’
923 1898 1008 1970 οὖ
1053 1904 1124 1970 τὸ
1172 1904 1558 1990 τἀμφοτέρω
1616 1903 1979 1986 κεκοπως’,
2039 1918 2155 1968 tam
2214 1908 2285 1967 de
2342 1916 2476 1968 actu
2531 1927 2706 1988 quam
2753 1910 2824 1969 de
2872 1911 3144 1988 passione

571 2013 866 2073 dicuntur.
958 2014 1174 2072 lectum
1232 2021 1321 2072 est
1375 2016 1533 2073 enim
1591 2022 1649 2072 et
1706 2005 2058 2090 πεπληγώς
2124 2023 2199 2071 σε
2266 2019 2322 2070 et
2390 2006 2744 2090 πεπληγώς
2798 2002 2933 2070 ὑπὸ
2993 2009 3143 2088 σοῦ,
3180 2024 3226 2061 15·

571 2112 955 2194 “πεπληγώς
998 2111 1371 2194 άγορῆθεν’
1418 2110 1527 2173 καὶ
1574 2109 1837 2194 ’ῥάβδῳ
1882 2112 2318 2191 πεπληγυῐα’.
2382 2114 2658 2174 similiter
2703 2113 2858 2193 apud
2899 2112 3148 2173 Latinos

569 2218 857 2295 quaedam
917 2218 1087 2277 modo
1146 2227 1383 2285 neutra,
1442 2216 1614 2277 modo
1672 2218 1821 2275 fiunt
1877 2215 2259 2293 deponentia,
2321 2224 2384 2274 ut
2437 2214 2569 2274 labo
2628 2213 2822 2283 labor,
2885 2213 3146 2274 sabrieor

570 2319 831 2387 fabrico,
894 2328 1062 2379 rneto
1118 2327 1177 2378 et
1233 2327 1460 2378 ructor:
1521 2318 1676 2397 quod
1733 2320 1913 2377 etiam
1961 2317 2173 2376 Graeci
2222 2335 2334 2375 non
2383 2319 2688 2393 ignorant,
2735 2311 3148 2396 βουλεύομαι

570 2416 902 2499 βουλεύω,
949 2416 1382 2500 πολιτεύομαι
1426 2415 1778 2480 πολιτεύω.

1528 2602 1597 2642 DE
1634 2601 1946 2643 DEFECI'lVlS
1987 2601 2183 2643 VERBIS
3175 2603 3227 2639 20

274 2718 567 2767 102.175v.
741 2710 886 2770 Tam
941 2709 1094 2789 apud
1150 2709 1407 2769 Graecos
1460 2727 1636 2788 quam
1694 2709 1847 2789 apud
1904 2707 2144 2768 Latinos
2200 2709 2482 2770 deficiunt
2540 2707 2716 2768 verba
2778 2711 2837 2768 in
2883 2708 3143 2769 deelina-

540 2814 749 2872 .tione.
800 2810 809 2894 Ι
858 2811 1049 2871 tribus
1094 2813 1252 2871 enim
1298 2811 1486 2871 modis
1531 2812 1736 2872 dicunt
1782 2810 2094 2872 verborum
2153 2806 2393 2872 evenire
2441 2812 2765 2879 desectum,
2825 2821 2925 2870 aut
2970 2811 3144 2871 intel-

572 2912 725 2975 lectu
772 2916 1043 2991 exigente
1092 2922 1189 2973 aut
1236 2913 1453 2972 litteris
1500 2932 1615 2973 non
1660 2913 2151 2974 convenientibus
2197 2922 2297 2974 aut
2342 2932 2450 2974 usu
2497 2914 2843 2973 desistente.
2912 2915 2974 2973 in
3020 2916 3144 2993 pri·

570 3018 683 3075 mis
741 3015 971 3076 duobus
1028 3016 1394 3083 necessitati,
1455 3018 1514 3074 in
1565 3017 1739 3074 tertio
1787 3034 1925 3074 vero
1972 3019 2340 3076 reverentiae
2385 3015 2772 3094 obsequimur
2817 3017 3142 3076 vetustatis.

572 3117 873 3178 intellectu
921 3118 1201 3177 deficiunt
1244 3117 1341 3177 illa
1387 3137 1535 3196 quae
1583 3118 1859 3177 dicuntur
1903 3114 2336 3199 πεποιημένα,
2383 3118 2440 3177 id
2489 3126 2579 3178 est
2622 3137 2770 3196 quae
2819 3118 2890 3177 ad
2935 3117 3146 3178 simili·
3175 3131 3226 3170 2⁵

573 3219 836 3278 tudinem
894 3222 1019 3279 soni
1078 3220 1326 3279 alieuius
1381 3238 1656 3298 expressa
1714 3228 1880 3288 sunt,
1939 3227 2003 3279 ut
2061 3216 2242 3299 λίγξε
2285 3215 2463 3297 βιός,
2511 3218 2642 3294 σίζε
2688 3214 3043 3298 ὀφθαλμός
3088 3228 3148 3278 et

570 3322 805 3380 similia.
896 3324 955 3381 in
1017 3322 1107 3381 his
1165 3324 1323 3382 enim
1379 3320 1578 3380 verbis
1646 3340 1755 3380 nec-
1812 3321 1928 3381 ulla
1983 3341 2240 3401 persona
2297 3341 2406 3381 nee
2463 3322 2672 3383 modus
2728 3322 3148 3382 declinationis

570 3426 896 3502 quaeritur.
988 3425 1321 3484 litterarum
1390 3426 1862 3484 inconvenientia
1935 3424 2250 3492 deliciunt,
2317 3427 2591 3504 quotiens
2653 3422 2899 3482 verbum
2966 3423 3148 3483 habet

571 3533 704 3583 ante
753 3543 804 3584 ω
858 3545 903 3603 μ
963 3526 1051 3584 vel
1107 3545 1233 3604 μνε
1291 3526 1438 3586 haee
1484 3528 1641 3585 enim
1690 3527 2013 3587 seeundum
2071 3526 2337 3604 regulam
2394 3545 2558 3586 snam
2611 3527 2873 3606 proferri
2936 3524 3024 3585 vel
3085 3528 3146 3585 in

570 3622 1034 3708 παρακειμένῳ
1102 3647 1205 3687 seu
1262 3621 1812 3710 ὑπερσυντελικῷ
1869 3628 1953 3686 vel
2016 3631 2073 3688 in
2144 3621 2431 3709 ἀορίστῳ
2497 3646 2602 3687 seu
2657 3623 2970 3707 μέλλοντι
3028 3644 3227 3686 nonno

568 3737 841 3807 possunt,
902 3735 965 3788 ut
1020 3724 1196 3810 νέμω
1256 3749 1389 3789 eum
1447 3729 1803 3807 regulariter
1859 3732 1988 3789 fieri
2046 3728 2350 3790 debuisset
2404 3724 2691 3808 νένεμκα
2736 3725 3147 3808 ἐνενέμκειν,

568 3833 705 3910 qnia
752 3850 867 3890 non
914 3840 1235 3910 potnerunt
1283 3833 1390 3891 liae
1437 3832 1671 3892 litterae
1717 3833 2066 3899 convenire,
2117 3833 2456 3891 intercessit
2500 3851 2540 3910 η
2554 3875 2572 3907 ‚
2619 3828 2951 3911 νενέμηκα
2999 3827 3148 3891 ἐνε-

570 3929 913 4012 νεμήκειν;
989 3936 1132 3992 item
1202 3928 1498 4012 ἐνέμθην
1564 3933 1653 3993 vel
1717 3930 2140 4013 νεμκθήσομαι
2205 3934 2450 3994 eandem
2512 3951 2820 4012 sumpsere
2887 3933 3147 3993 litteram

567 4043 812 4113 propter
858 4035 1239 4114 euphoniam,
1291 4031 1634 4116 ἐνεμήθην
1676 4031 2162 4115 νεμηθήσομαι.
2236 4038 2379 4095 item
2428 4038 2600 4095 tertia
2645 4053 2895 4113 persona
2942 4036 3147 4113 singn-

568 4136 728 4204 laris‚
777 4155 925 4215 quae
972 4158 1008 4196 τ
1041 4137 1230 4197 'habet
1276 4140 1332 4198 in
1381 4138 1583 4198 ultima
1630 4137 1882 4216 syllaba,
1942 4146 2181 4217 aeeepta
2226 4157 2267 4196 ν
2311 4140 2455 4197 facit
2511 4136 2828 4215 pluralem,
2887 4132 3146 4214 λέγεται
3176 4152 3227 4190 35

570 4233 899 4316 λέγονται,
945 4236 1221 4319 μάχεται
1266 4236 1621 4320 μάχονται;
1672 4257 1875 4299 verum
1924 4235 2241 4319 κέκαρται
2285 4242 2343 4299 in
2401 4237 2631 4318 plurali
2660 4238 3060 4299 declinatione
3107 4258 3149 4297 ν

570 4359 684 4399 non
729 4342 921 4420 potuit
966 4342 1308 4410 admittere,
1356 4343 1607 4423 ideoque
1640 4342 1891 4403 defecit:
1941 4343 2026 4402 sic
2072 4339 2404 4420 ἔσταλται,
2451 4343 2534 4401 sie
2566 4336 2883 4402 κέκοπται
2928 4349 2988 4399 et
3033 4340 3145 4400 alia

703 4616 735 4663 3
756 4603 870 4664 ὑπὸ
895 4611 996 4664 σοῦ
1023 4606 1365 4680 ἐγραψάμην
1392 4615 1607 4665 Zeunius
1641 4628 2093 4689 προεγραφαμην
2107 4614 2168 4661 Ρ
2301 4615 2333 4662 5
2359 4610 2634 4677 φείδομαι
2663 4612 2880 4662 Zeunius
2907 4614 3149 4676 φιλομαι

572 4683 619 4729 P
750 4683 781 4731 6
818 4673 1056 4760 εὔχομαι
1092 4683 1253 4732 Ictum
1288 4698 1521 4748 ερχομαι
1550 4685 1599 4732 Ρ
1735 4686 1798 4732 13
1831 4673 2177 4765 πεπληγώς]
2195 4680 2345 4731 Hom.
2372 4680 2441 4730 ΙΙ.
2467 4681 2509 4730 Β
2535 4682 2636 4729 264
2774 4697 2812 4730 α
2816 4680 3080 4746 γορηθην
3107 4681 3154 4728 Ρ

707 4752 768 4799 14
801 4741 1123 4815 ἀμφοτέρω]
1155 4751 1217 4800 11.
1248 4749 1309 4801 N
1329 4753 1394 4800 60
1533 4755 1595 4802 16
1631 4749 1935 4815 αγορηθην
1959 4750 2009 4797 Ρ
2144 4740 2358 4813 ῤ’άβδῳ]
2394 4748 2544 4798 Hom.
2571 4747 2664 4798 od.
2691 4748 2742 4798 Κ
2767 4750 2882 4800 238.
2913 4751 3012 4798 319

567 4819 633 4866 26
672 4815 845 4881 λίγξε]
880 4819 1029 4870 Ηοηι.
1057 4819 1125 4870 Il.
1156 4821 1205 4868 Δ
1237 4821 1329 4868 125
1467 4818 1603 4881 οίζε]
1640 4820 1791 4868 Hom.
1831 4817 1921 4867 od.
1951 4818 2106 4866 1394
2242 4820 2309 4867 30
2343 4832 2434 4866 seu
2470 4816 2706 4865 mellonte
2740 4818 2795 4867 P
2929 4820 2995 4867 33
3028 4817 3149 4865 item

570 4885 874 4950 ενεμφθην
898 4887 979 4935 nel
1005 4885 1419 4951 νεμφθησομαι
1446 4887 1495 4935 Ρ
1628 4889 1692 4937 34
1720 4888 1839 4936 item
1866 4887 1914 4934 in
1940 4885 2084 4933 tertia
2109 4899 2328 4951 peisona
2353 4885 2601 4948 singulari
2626 4885 2673 4933 P
