3541 5564
606 1152 975 1209 pwlffledMai.
2729 1151 3058 1203 [hemlffieb

630 1253 795 1346 Ans
850 1250 1147 1345 SANCTI
1200 1250 1647 1345 Avflvs'rlm
1703 1250 1878 1345 Plio
1934 1250 2351 1404 FRATRYM
2403 1248 3049 1344 Mnnlocssl'm'ffl

1619 1403 2061 1499 BREVIATA

722 1780 1008 1839 Latinitas
1050 1786 1140 1839 ast
1183 1778 1519 1838 observatio
1563 1781 1912 1858 incorrupte
1958 1778 2236 1859 loquendi
2282 1779 2605 1840 secundum
2649 1779 2970 1840 Romanam
3014 1778 3127 1838 lin-

553 1882 745 1943 guam.
837 1870 1064 1924 constat
1119 1872 1314 1924 autem
1372 1864 1566 1924 modis
1607 1863 1837 1933 tribuS,
1895 1863 1957 1924 id
2002 1871 2093 1924 est
2138 1866 2367 1924 ratione
2415 1867 2767 1925 auctoritate
2813 1872 3126 1925 consuetu-

553 1950 721 2010 dine:
768 1950 993 2009 ratione
1039 1948 1364 2009 secundum
1410 1958 1627 2018 artem,
1676 1951 2027 2010 auctoritate
2073 1950 2397 2010 secundum
2444 1969 2649 2011 eorum
2694 1952 2948 2029 scripta,
2996 1951 3127 2029 qui·
3157 1956 3184 1993 ⁵

550 2033 661 2094 bus
706 2037 832 2113 ipsa
865 2041 954 2094 est
985 2036 1306 2095 auctoritas
1337 2034 1651 2103 attributa,
1698 2035 2126 2095 consuetudine
2172 2036 2494 2096 secundum
2541 2054 2608 2096 ea
2654 2054 2803 2114 quae
2848 2034 3126 2115 loquendi

551 2138 660 2180 usu
705 2119 919 2199 placita
968 2119 1419 2238 adsumptaque*
1443 2128 1600 2180 sunt.
1831 2200 1865 2238 ’k
2275 2201 2309 2239 *

1547 2390 1644 2451 DE
1691 2390 2135 2453 PRONOMINE

598 2488 639 2528 p.
672 2476 745 2515 172
772 2473 828 2516 Μ.
1622 2478 1630 2494 ·
2855 2487 2896 2526 p.
2926 2477 2975 2516 ιε
3002 2474 3077 2517 w.

715 2547 899 2607 Cuius
942 2562 1271 2624 pronomen
1319 2546 1618 2605 infinitum
1649 2561 1939 2624 personae
1968 2545 2312 2607 indefinitae
2358 2547 2783 2625 possessivum,
2832 2554 3129 2625 tamquam

546 2651 679 2692 cum
725 2631 973 2691 dicimus
1019 2631 1224 2690 ‘cuius
1269 2647 1475 2690 servus
1518 2632 1661 2699 est’,
1709 2632 1933 2708 figurae
1964 2630 2250 2709 simplicis
2281 2631 2519 2709 generis
2548 2632 2860 2693 masculini
2895 2635 3130 2692 numeri
3163 2647 3210 2684 10

548 2715 898 2795 singulariS,
946 2714 1101 2796 quod
1147 2716 1232 2774 ita
1278 2713 1702 2785 declinabitur,
1751 2716 1924 2775 cuius
1969 2717 2065 2776 cui
2112 2717 2246 2776 cuio
2291 2719 2490 2777 cuium
2536 2735 2568 2776 a
2614 2717 2776 2787 cuio,
2826 2724 2886 2776 et
2928 2717 3127 2798 plura-

548 2804 684 2864 liter
728 2803 823 2863 cui
869 2803 1140 2861 cuiorum
1186 2802 1342 2861 cuiis
1387 2803 1554 2861 cuios
1597 2820 1630 2860 a
1676 2802 1851 2861 cuiis.
1914 2802 2014 2861 sed
2047 2802 2192 2862 haec
2224 2801 2542 2863 declinatio
2583 2802 2717 2882 plus
2761 2804 2910 2864 artis
2954 2823 3127 2883 quam

549 2888 833 2968 ponderis
875 2888 1052 2965 gerit.
1143 2905 1279 2946 nam
1325 2886 1505 2947 nimis
1548 2893 1719 2946 vetus
1764 2892 1855 2946 est
1898 2894 1959 2946 et
2002 2906 2035 2946 a
2078 2894 2282 2947 nostra
2325 2887 2750 2948 consuetudine
2797 2888 3127 2967 repudiata.

549 2977 630 3035 ita
685 2981 745 3033 et
795 2974 857 3033 in
912 2989 1132 3050 genere
1188 2972 1476 3031 feminino
1533 2972 1667 3031 cuia
1723 2969 2055 3031 declinatur
2110 2979 2177 3031 ut
2230 2972 2461 3041 tabula,
2522 2974 2723 3033 cuium
2769 2981 2837 3033 ut
2879 2973 3125 3052 lignum.

549 3058 652 3119 sed
685 3058 865 3118 etiam
895 3059 1030 3126 ista,
1077 3059 1347 3136 quamvis
1377 3058 1440 3116 in
1471 3058 1564 3116 eis
1607 3054 1952 3117 auctoribus
1997 3058 2374 3136 reperiantur
2418 3059 2521 3137 qui
2567 3064 2704 3118 sunt
2746 3060 2808 3119 in
2855 3058 3129 3120 manibus
3160 3072 3208 3110 15

550 3152 611 3204 et
654 3145 716 3204 in
762 3161 863 3203 ore
921 3144 1213 3211 omnium,
1273 3149 1470 3202 tamen
1528 3141 1898 3201 consuetudo
1942 3145 2318 3222 contempsit.
2407 3161 2516 3223 per
2558 3160 2743 3203 unum
2787 3146 2947 3204 enim
2992 3163 3128 3223 pro-

550 3246 797 3297 nomen,
858 3228 916 3287 id
961 3235 1055 3289 est
1097 3230 1272 3288 cuius
1316 3226 1406 3287 vel
1452 3244 1738 3305 quorum,
1798 3229 1993 3287 omnia
2047 3228 2278 3288 infinita
2322 3229 2650 3307 possessiva
2695 3229 3127 3307 significantur.

550 3314 801 3374 dicimus
854 3314 1015 3373 enim
1072 3315 1243 3372 cuius
1297 3311 1388 3372 vel
1445 3329 1698 3392 quorum
1752 3330 1958 3373 servus
2015 3315 2138 3373 sive
2196 3313 2406 3375 ancilla
2464 3314 2583 3373 sive
2630 3313 2942 3392 templum,
3001 3314 3127 3383 sed,

550 3398 705 3479 quod
762 3398 1067 3459 fatendum
1125 3404 1242 3466 est,
1303 3415 1438 3456 cum
1496 3397 1761 3458 molestia
1818 3398 2246 3459 discernendae
2302 3398 2706 3477 ambiguitatis
2763 3401 2826 3459 in
2870 3401 3129 3477 genitivo

549 3484 868 3562 singulari,
932 3482 1168 3562 quando
1222 3483 1392 3543 cuius
1449 3481 1733 3552 dicimuS,
1791 3491 1854 3543 et
1905 3485 1969 3544 in
2022 3484 2266 3563 plurali,
2322 3485 2559 3563 quando
2602 3502 2873 3563 quorum.
2963 3487 3209 3547 cuius²⁰

551 3571 711 3630 enim
757 3576 818 3630 et
861 3587 1115 3649 quorum
1161 3566 1398 3647 quando
1443 3570 1777 3646 possessiva
1823 3577 1989 3637 sunt,
2046 3587 2155 3648 per
2199 3587 2370 3631 casus
2413 3588 2531 3630 non
2577 3569 2916 3630 flectuntur.

1375 3664 1409 3703 *
1820 3666 1854 3703 ιιι
2264 3667 2298 3705 a

1649 3856 1747 3916 DE
1793 3855 2043 3917 VERBO

602 3952 646 3992 p.
677 3941 754 3980 17⁷
781 3936 840 3978 M.
2862 3952 2904 3994 p.
2934 3941 2986 3980 24
3004 3940 3077 3980 W.

717 4009 891 4070 Modo
933 4009 1222 4069 infinitivo
1265 4010 1532 4069 numeris
1576 4016 1636 4069 et
1679 4011 1955 4087 personis
1997 4028 2156 4080 esse,
2204 4010 2327 4070 solo
2372 4017 2640 4090 tempore
2684 4012 2850 4072 finito
2895 4019 3127 4091 praete·

551 4099 668 4157 rito
722 4096 938 4163 fuisse,
999 4094 1200 4155 futuro
1255 4094 1402 4155 fore.
1493 4097 1553 4154 in
1609 4101 1820 4174 quarta
1873 4097 2072 4174 specie
2130 4095 2329 4155 deficit
2383 4104 2444 4156 et
2489 4099 2549 4158 in
2594 4097 2911 4176 participio
2956 4116 3126 4177 prae-

550 4183 735 4242 sentis
797 4180 1106 4258 temporis.
1180 4179 1299 4255 ‚sed
1359 4179 1515 4239 docti
1569 4178 1812 4259 quidam
1867 4183 2152 4260 temporis
2205 4182 2585 4251 recentioris,
2647 4200 2781 4243 cum
2836 4181 3126 4243 haberent
3154 4200 3207 4237 25

551 4268 964 4328 necessitatem
1009 4282 1218 4343 magna
1265 4271 1324 4324 et
1368 4264 1567 4324 divina
1600 4264 1890 4343 quaedam
1934 4265 2370 4345 interpretandi
2416 4267 2885 4347 explicandique,
2932 4275 2992 4328 et
3036 4286 3127 4328 es·

1677 4368 1690 4391 Ι

721 4456 775 4510 Β
821 4458 1008 4512 codex
1052 4455 1460 4512 Bruxeliensis

734 4540 787 4597 V
825 4543 987 4598 editio
1018 4541 1164 4597 Maii
1205 4557 1282 4596 ex
1325 4543 1521 4597 codice
1563 4540 1845 4600 Vaticano
1891 4544 2263 4599 bibliothecae
2290 4543 2599 4599 Palatinae
2643 4540 2805 4600 1746
2838 4558 3125 4615 expressa

690 4744 722 4794 5
756 4739 966 4808 scripta]
1010 4742 1326 4807 praescripta
1372 4742 1420 4790 V
1591 4740 1655 4793 13
1690 4742 1935 4808 ponderis
1982 4742 2233 4794 Weberm
2274 4742 2486 4809 pudoris
2524 4743 2574 4793 B
2597 4744 2648 4791 V
2784 4742 2854 4795 26
2889 4758 3128 4810 magnam

553 4820 601 4862 et
628 4812 802 4863 diuina
837 4811 1200 4877 interpretandi
1235 4810 1527 4875 explicandi
1565 4810 1615 4860 B
