3541 5564
539 282 622 345 70
1651 278 2002 341 CLEDONII

587 404 627 443 p.
658 393 769 431 1926.
796 392 845 430 27
874 389 917 429 ι’.

842 471 1130 530 interea
1177 467 1445 528 mulier
1490 466 1840 545 quaedam
1887 465 1973 525 ab
2016 465 2183 526 hinc
2229 468 2669 553 triennium,

539 580 597 633 et
643 569 929 649 Vergilius
975 570 1263 631 ‘Siculo
1310 569 1707 648 prospexit
1750 566 1837 627 ab
1884 586 2109 648 usque
2156 567 2555 646 l'achyno'.
2646 567 2750 628 sed
2797 566 2909 627 boc
2960 567 3114 642 lob·

541 672 892 733 servandum
939 671 1264 734 secundum
1311 681 1507 731 certos
1551 690 1749 739 sonos,
1802 689 1951 749 quos
1980 678 2190 750 poetae
2223 678 2586 749 usurparunt
2617 667 3116 750 [praepositiones

303 788 510 846 387,14
540 774 673 835 addi
720 793 837 835 non
884 773 1220 855 oportere}
1258 808 1330 818 —
1377 773 1719 845 Quamvis
1762 769 2169 850 legerimus
2213 771 2298 832 de
2343 790 2664 842 sursum,
2712 771 2796 832 de
2840 770 3115 841 subito,

540 876 836 937 exinde
882 882 948 935 et
994 875 1079 936 ab
1124 894 1351 956 usque
1398 882 1466 934 et
1508 873 1594 935 de
1638 873 1828 934 hinc.
1889 872 2013 934 sed
2060 872 2239 935 haec
2286 881 2646 952 tamquam
2695 892 2903 934 unam
2947 890 3165 954 par-5

541 989 679 1039 tem
726 978 1093 1038 orationis
1138 976 1269 1038 suh
1315 995 1455 1036 uno
1500 984 1809 1037 accentu
1855 974 2531 1054 pronuntiabimus:
2583 975 2887 1036 ‘deinde
2931 977 3118 1036 satis

539 1079 846 1141 fluvium
890 1078 1234 1139 inducit’.
1283 1078 1499 1139 deinde
1544 1085 1601 1137 ct
1644 1078 1955 1138 desursum
2013 1087 2070 1137 et
2115 1077 2386 1138 desubito
2442 1096 2559 1137 nou
2606 1086 2744 1139 sunt
2789 1077 2937 1138 duae
2982 1097 3118 1157 par-

540 1191 627 1242 tes
674 1181 985 1251 orationiS,
1034 1180 1137 1240 sed
1184 1199 1297 1241 uua
1343 1177 1700 1260 conposissta.
1793 1180 1841 1239 si
1887 1178 2142 1248 dividas,
2184 1180 2542 1259 praepositio
2588 1188 2701 1249 est,
2750 1199 2971 1240 conexa
3017 1179 3120 1239 ad-

540 1284 806 1344 verbium
863 1283 1019 1342 facit.
1096 1282 1228 1342 ideo
1274 1282 1699 1361 praeiudicium
1747 1300 1865 1341 nou
1913 1281 2159 1350 faciunt,
2218 1282 2355 1360 quia
2401 1300 2519 1342 uno
2565 1290 2809 1342 accentu
2857 1301 3117 1361 pronun-

541 1387 787 1455 tiantur,
837 1393 1129 1463 tamquam
1177 1382 1443 1461 singulae
1488 1391 1687 1463 partes
1732 1384 2045 1453 orationis,
2096 1401 2212 1443 non
2260 1390 2553 1463 tamquam
2600 1383 2835 1445 divisae.
3149 1400 3197 1439 ιο

1559 1552 1656 1614 DE
1697 1552 2116 1614 PARTIClPto

458 1690 517 1738 18
711 1672 1201 1753 Participium
1249 1679 1361 1733 est
1403 1666 1583 1752 parsx
1616 1673 1989 1734 orationis
2034 1672 2258 1741 dicta,
2306 1673 2494 1750 quod
2542 1681 2828 1752 partem
2876 1676 3122 1752 capiat

543 1777 895 1848 nominiS‚
942 1782 1221 1853 partem
1256 1773 1481 1835 verbi.
1541 1774 1813 1852 recipit
1857 1775 2045 1834 euim
2076 1792 2107 1833 a
2141 1775 2433 1834 nomine
2478 1793 2744 1852 genera
2793 1784 2864 1836 et
2907 1794 3122 1835 casus

542 1876 908 1957 [qualitatem
956 1885 1013 1936 et
1062 1877 1353 1955 tempus]‚
1405 1876 1411 1956 Ι
1474 1895 1504 1936 a
1573 1875 1796 1937 verbo
1842 1883 2172 1954 tempora
2221 1883 2290 1934 et
2344 1877 2986 1953 significationes,
3035 1876 3120 1937 ab

543 1989 860 2058 utroque
905 1996 1279 2039 numerum
1326 1984 1395 2037 et
1439 1979 1785 2055 figuram:
1834 1977 2070 2056 quando
2115 1972 2326 2038 similia
2373 1985 2511 2037 sunt
2555 1979 2790 2038 nomina
2837 1986 2896 2038 et
2939 1980 3200 2058 parti-15.
3293 1992 3310 1999 ·

541 2082 723 2159 cipia,
772 2081 879 2140 hac
926 2099 992 2141 re
1037 2079 1342 2141 discernis
1408 2081 1459 2140 si
1501 2081 1774 2157 genetivo
1818 2080 2026 2149 servit,
2074 2097 2288 2140 nomen
2336 2087 2449 2147 est;
2495 2080 2544 2140 si
2590 2081 2940 2150 accusativo,
2986 2099 3121 2160 par-

541 2184 834 2261 ticipium,
884 2191 947 2242 ut
989 2181 1252 2261 prudens
1296 2179 1454 2242 illius
1484 2183 1600 2250 rei,
1646 2181 1908 2261 prudens
1938 2181 2012 2241 ad
2042 2180 2204 2241 illam
2236 2200 2392 2243 rem:
2442 2181 2539 2242 hic
2571 2189 2801 2259 tempus
2832 2181 3120 2261 designat,

543 2283 698 2344 unde
742 2285 1117 2364 participium
1165 2283 1493 2352 credimus,
1541 2282 1679 2343 licet
1723 2284 2011 2362 privatum
2057 2285 2131 2343 sit
2174 2284 2624 2363 significatione.
2689 2285 2997 2363 participia
3043 2286 3122 2344 ita

542 2404 607 2445 se
652 2387 902 2446 invicem
946 2394 1182 2463 regunt.
1256 2404 1391 2446 nam
1436 2386 1486 2445 si
1531 2386 1864 2464 praesentis
1911 2388 2195 2465 temporis
2239 2385 2547 2466 participio
2593 2384 2868 2445 detrahas
2910 2405 2939 2445 s
2985 2383 3121 2445 ulti-

542 2506 694 2547 mam
740 2486 997 2548 litteram
1055 2495 1113 2548 et
1165 2485 1346 2547 addas
1401 2485 1512 2547 dus
1555 2484 1867 2567 syllabam,
1927 2488 2071 2548 sacis
2115 2487 2488 2567 participium
2534 2487 2717 2547 futuri
2760 2489 3046 2566 temporis
3090 2509 3122 2549 a
3151 2508 3203 2546 eo

540 2590 800 2668 passivo,
850 2596 915 2648 ut
957 2608 1160 2650 amans
1203 2587 1507 2649 amandus
1595 2590 1735 2648 item
1785 2590 1834 2648 si
1878 2591 2192 2669 participio
2237 2590 2542 2669 praeteriti
2587 2590 2873 2668 temporis
2916 2609 2947 2649 a
2994 2609 3125 2670 pas-

542 2691 667 2751 sivo
714 2689 991 2751 detrahas
1048 2710 1076 2749 s
1131 2691 1394 2751 ultimam
1453 2688 1706 2750 litteram
1766 2698 1826 2749 ct
1881 2690 2061 2751 addas
2105 2711 2236 2762 rus,
2293 2693 2473 2752 facies
2516 2691 2894 2771 participium
2940 2692 3124 2753 futuri

543 2795 829 2873 temporis
875 2793 948 2853 ab
994 2795 1209 2864 activo,
1259 2801 1322 2854 ut
1365 2791 1557 2853 lectus
1600 2790 1882 2853 lecturus,
1946 2792 1953 2871 Ι
2013 2796 2207 2854 omnia
2253 2794 2561 2874 participia
2607 2796 2933 2873 praesentis
2977 2803 3123 2856 tem-

542 2896 706 2973 poris
751 2893 826 2954 ab
872 2897 1032 2966 omui
1080 2898 1491 2974 coniugatione
1538 2915 1607 2955 ns
1652 2893 1864 2956 litteris
1909 2897 2318 2967 terminantur,
2366 2906 2429 2957 ut
2455 2915 2700 2965 amans:
2747 2898 3125 2977 participium

542 2997 845 3074 praeteriti
890 3000 1175 3076 temporis
1220 3000 1280 3059 in
1329 3017 1395 3058 us
1442 2998 1643 3065 mittit,
1705 3005 1768 3057 ut
1813 3004 2080 3064 amatus:
2141 2998 2319 3059 futuri
2366 2999 2651 3077 temporis
2693 3000 3002 3079 participia
3049 2999 3124 3061 ab
3152 3020 3205 3058 25

541 3107 790 3176 utroque
849 3097 1028 3158 verbo
1083 3101 1144 3160 in
1200 3099 1308 3160 dus
1364 3108 1422 3159 et
1478 3100 1539 3159 iu
1584 3117 1687 3159 rus
1730 3098 2015 3180 syllabam
2062 3108 2304 3168 exeunt,
2362 3109 2426 3161 ut
2469 3099 2758 3162 amandus
2802 3110 3122 3163 amaturus,

451 3219 515 3264 :23
549 3233 615 3242 -
670 3201 1097 3269 Commune,
1146 3210 1223 3262 ut
1276 3201 1565 3278 legens:
1626 3203 1807 3261 trium
1862 3218 2146 3278 generum
2205 3201 2302 3261 hic
2348 3211 2406 3263 et
2449 3201 2596 3262 baec
2641 3209 2699 3262 et
2741 3201 2855 3262 hoc
2900 3202 3125 3281 legens.

448 3318 616 3365 24-—
679 3301 847 3361 Nam
911 3304 1151 3363 omnia
1208 3305 1637 3383 praesentis
1692 3304 2052 3382 temporis
2107 3305 2514 3382 participia
2581 3305 2884 3381 generis
2949 3315 3126 3366 sunt

543 3405 963 3467 communis,
1055 3423 1268 3466 casus
1314 3404 1623 3465 totidem
1669 3412 1842 3465 sunt
1886 3405 2494 3484 participiorum,
2552 3413 2733 3484 quot
2777 3413 2847 3465 et
2892 3407 3125 3466 nomi-

543 3525 739 3566 num:
816 3525 970 3566 nam
1046 3526 1172 3584 per
1244 3525 1492 3567 omnes
1565 3526 1782 3567 casus
1857 3507 2074 3567 etiam
2149 3507 2553 3585 participia
2617 3505 3206 3570 declinantur.ao

543 3615 875 3686 tempora
936 3609 1363 3687 participiis
1418 3608 1772 3669 accidunt
1828 3608 1994 3674 tria,
2055 3626 2419 3687 praesens
2463 3609 2967 3688 praeteritum
3013 3609 3122 3668 [υ-

540 3718 809 3778 turum,
872 3719 946 3770 ut
992 3710 1284 3772 luctans
1339 3711 1668 3772 luctatus
1727 3709 2185 3769 luctaturus:
2235 3709 2313 3770 ita
2360 3717 2446 3770 tot
2489 3717 2629 3770 sunt
2672 3728 2841 3770 casus
2887 3711 3123 3791 partici-

543 3814 808 3891 piorum,
867 3821 1008 3893 quot
1060 3822 1119 3873 et
1176 3816 1508 3883 nominum,
1564 3820 1629 3872 ut
1689 3819 1748 3872 et
1802 3811 2116 3888 septimum
2163 3828 2363 3871 casum
2409 3809 2664 3871 habeant
2708 3813 3020 3891 participia
3066 3823 3127 3872 et

448 3933 512 3980 27
539 3923 825 3975 octavum.
888 3911 897 3996 Ι
960 3948 1027 3958 —-
1092 3915 1720 3994 significationes
1765 3932 1795 3972 a
1855 3911 2260 3991 generibus
2305 3923 2723 3974 sumuntur:
2801 3912 2916 3973 boc
2961 3922 3049 3974 est
3091 3934 3125 3975 a

677 4118 800 4171 eod.
841 4119 998 4169 Bern.
1030 4118 1120 4167 ΧΗ
1155 4116 1393 4169 3*-5*.
1540 4118 1561 4166 1
1605 4113 1819 4182 interea]
1856 4118 2013 4165 intere
2152 4114 2363 4181 abhinc]
2398 4116 2515 4166 adin
2551 4115 2709 4178 (corr.
2747 4118 2837 4183 ad)
2875 4117 2990 4167 hinc

502 4185 503 4188 ’
540 4191 569 4237 2
600 4203 793 4254 pocynu
932 4189 965 4240 3
1003 4203 1157 4238 sonae
1186 4204 1312 4252 quos
1350 4197 1531 4255 poetae
1566 4195 1907 4252 susurparuut
2048 4188 2450 4251 praepositiones
2483 4187 2544 4234 ud
2581 4188 2654 4251 (in
2691 4189 2815 4238 cedd.
2854 4191 2923 4242 αΙ.
2963 4190 3125 4253 man.)

539 4268 777 4322 oportere¹
910 4259 943 4309 5
982 4258 1239 4322 abusquae
1366 4259 1526 4324 partis
1666 4257 1700 4307 9
1738 4253 1952 4321 faciunt]
1998 4257 2186 4320 patitur
2327 4254 2449 4322 uno]
2484 4272 2587 4306 unu
2735 4259 2797 4309 10
2825 4260 2985 4325 partis

542 4329 605 4379 15
633 4337 845 4391 utruque
993 4329 1057 4379 lt)
1094 4345 1208 4378 nam
1254 4330 1317 4378 dc
1370 4328 1634 4393 participio
1678 4328 1965 4392 praesentis
2010 4327 2251 4392 temporis
2289 4342 2318 4375 a
2357 4326 2566 4390 passiuo
2605 4342 2717 4376 nam
2757 4328 2799 4380 si
2839 4331 3125 4394 praesentis

540 4399 782 4463 temporis
810 4396 1049 4447 detrahas
1153 4400 1219 4448 20
1248 4396 1365 4464 dus]
1400 4398 1451 4446 di
1554 4396 1621 4446 23
1652 4396 1870 4446 lecturus
1902 4406 2019 4445 sunt
2052 4398 2295 4460 temporis
2323 4407 2376 4444 ut
2407 4395 2547 4446 soleo
2574 4397 2746 4448 solens
2777 4398 2958 4448 solitus
2983 4400 3123 4448 soleo

539 4480 765 4533 tempore
797 4467 807 4532 Ι
840 4469 1108 4533 praeterito
1150 4468 1357 4532 perfecti
1399 4484 1489 4518 nec
1524 4466 1655 4517 solui
1695 4467 1812 4516 l'acit
1849 4477 1896 4515 et
1938 4465 2106 4516 futuro
2152 4478 2377 4530 tempore
2416 4478 2551 4515 caret
2587 4483 2686 4516 nou
2724 4467 2845 4516 facit
2880 4467 3123 4519 solendus

539 4540 737 4587 omnia:
776 4539 844 4600 cf.
880 4538 1020 4600 insra
1045 4552 1099 4600 p.
1129 4539 1213 4596 71,
1241 4538 1303 4589 21
1410 4540 1475 4589 24
1507 4538 1862 4588 coniunctione
1888 4553 1914 4588 s
1946 4537 2126 4585 litteris
2234 4536 2301 4588 29
2329 4537 2461 4599 quod
2491 4545 2539 4585 et
2643 4537 2706 4588 31
2744 4539 2989 4587 accedunt
3025 4540 3122 4589 tria

538 4624 656 4674 pres
688 4609 931 4674 praesstur
962 4618 1014 4657 ut
1050 4608 1243 4657 luctans
1384 4608 1451 4659 33
1491 4608 1626 4672 qnod
1664 4615 1714 4656 et
1753 4607 2011 4657 nominum
2053 4616 2104 4656 ut
2141 4622 2203 4655 ex
2243 4608 2516 4671 septimum
2555 4622 2704 4657 casus
2738 4623 2874 4658 corr.
2914 4624 3049 4657 -sum

674 4783 707 4831 2
744 4777 1019 4846 Vergilius]
1063 4779 1190 4830 Aen.
1229 4781 1316 4828 v11
1354 4780 1454 4832 289
1596 4781 1629 4830 ὅ
1663 4778 1872 4846 deiude]
1922 4782 2078 4843 Vera.
2106 4793 2283 4842 year-9.
2322 4779 2337 4826 Ι
2373 4778 2471 4830 106
