3541 5564
439 330 567 395 278
1585 335 1890 396 POMPEI!

494 455 536 495 p.
564 400 739 483 405⁵-07
769 442 810 481 L.

442 526 534 592 fit,
582 524 867 601 suscipio:
916 523 1027 583 sub
1073 524 1269 602 capio,
1318 523 1436 583 duo
1481 530 1619 583 sunt
1661 524 1770 583 ista
1818 525 2075 600 integra,
2125 522 2227 583 sed
2260 529 2575 599 utrumque
2606 525 3026 602 corrumpitur,

444 624 679 704 quando
737 644 916 685 unum
973 627 1214 685 faciunt.
1305 627 1354 684 si
1408 624 1568 685 dicas
1611 625 1719 685 suh
1765 627 1967 704 capio,
2025 625 2115 684 sac
2160 623 2298 684 inde
2342 643 2557 693 unum,
2616 626 2902 704 suscipio:
2972 634 3031 685 et

444 727 588 788 illud
635 735 984 806 corruptum
1034 733 1151 796 est,
1202 737 1258 786 et
1304 726 1448 787 illud
1494 734 1843 806 corruptum
1890 736 1994 786 est.
2089 744 2229 804 ergo
2286 728 2478 787 omnis
2521 728 2884 806 praepositio
2930 734 3032 787 aut

444 832 568 909 ipsa
615 832 945 908 corrumpit
989 829 1264 898 verbum,
1325 837 1426 889 aut
1480 831 1606 909 ipsa
1664 849 1694 887 a
1741 827 1924 888 verbo
1971 830 2403 906 corrumpitur,
2449 837 2551 889 aut
2595 836 2759 890 certe
2807 836 2864 889 et
2906 831 3029 909 ipsa

444 933 769 1010 corrumpit
814 941 871 991 et
913 933 1043 1011 ipsa
1089 932 1505 1009 corrumpitur.
3054 949 3082 989 5

614 1034 863 1094 Maiores
911 1035 1098 1094 nostri
1142 1034 1612 1113 praepositiones
1657 1034 1831 1092 etiam
1878 1034 2167 1110 genetivis
2212 1032 2449 1092 casibus
2495 1032 2837 1111 iungebant.
2927 1033 3029 1093 sed

447 1135 622 1195 hodie
668 1154 806 1195 non.
889 1134 1093 1195 ubiubi
1141 1135 1348 1203 suerit,
1397 1137 1641 1213 figurata
1688 1133 1942 1194 elocutio
1989 1142 2096 1194 est.
2192 1133 2378 1195 babes
2422 1136 2577 1215 apud
2624 1136 2947 1214 Vergilium

751 1244 820 1297 et
862 1256 1155 1297 crurum
1202 1244 1416 1297 tenus
1461 1256 1490 1297 a
1539 1243 1789 1298 mento
1835 1236 2166 1316 palearia
2214 1236 2560 1316 pendent.

446 1359 682 1401 crurum
731 1342 1038 1417 genetivus
1083 1338 1325 1417 pluralis
1370 1345 1484 1404 est;
1530 1346 1731 1407 tenus,
1782 1346 1844 1398 ut
1887 1342 2133 1409 scimus,
2181 1341 2544 1418 praepositio
2576 1347 2682 1399 est.
2745 1339 2845 1399 sed
2878 1342 3031 1401 scire

446 1442 628 1503 debes
674 1444 953 1522 quoniam
1001 1440 1145 1502 haec
1190 1442 1382 1502 omnia
1441 1442 1682 1517 figurata
1730 1450 1885 1501 sunt.
1979 1450 2243 1501 ceterum
2292 1440 2575 1502 debemus
2619 1440 2818 1502 dicere
2865 1445 3030 1502 ‘cru·
3062 1465 3110 1503 10

445 1545 614 1605 ribus
662 1549 888 1613 tenus’,
938 1563 1111 1622 quem
1158 1543 1228 1602 ad
1277 1541 1516 1602 modum
1563 1547 1582 1575 ‘
1599 1541 1757 1621 pube
1805 1548 2012 1603 tenus'
2060 1552 2118 1603 et
2162 1548 2372 1605 ‘tenus
2416 1542 2625 1620 pube'.
2718 1537 2831 1603 hoc
2876 1546 3029 1603 enim

445 1648 888 1723 significationis
933 1646 1114 1706 habet
1155 1644 1249 1705 illa
1303 1643 1308 1723 1
1358 1646 1749 1723 praepositio,
1799 1654 1862 1704 ut
1896 1643 1980 1703 vel
2027 1647 2312 1724 praeponi
2360 1647 2549 1724 possit
2594 1645 2681 1704 vel
2727 1647 3031 1725 postponi:

448 1757 618 1828 potes
663 1748 861 1808 dicere
908 1753 1116 1808 ‘tenus
1160 1745 1373 1826 pube’,
1432 1754 1602 1824 potes
1659 1746 1860 1806 dicere
1906 1746 2099 1826 ‘pube
2159 1749 2384 1808 tenus’.
2473 1754 2541 1807 ut
2584 1758 2776 1808 autem
2823 1750 3034 1826 iungas

448 1851 608 1911 illam
654 1852 926 1928 genetivo
974 1868 1091 1910 uon
1137 1857 1333 1928 potes,
1382 1850 1495 1907 nisi
1540 1849 1693 1908 forte
1739 1847 1993 1908 volueris
2039 1868 2331 1927 usurpare
2377 1857 2437 1908 et
2479 1850 2727 1926 figuram
2774 1851 2986 1911 facere.

618 1952 933 2013 Praeterea
992 1959 1127 2012 ante
1185 1957 1242 2009 et
1299 1960 1435 2029 post
1489 1962 1546 2011 et
1601 1958 1848 2029 propter
1904 1960 1962 2011 et
2005 1962 2270 2031 praeter,
2330 1969 2464 2011 cum
2510 1953 2627 2011 sint
2670 1955 3034 2013 accusativae
3062 1973 3112 2012 15

450 2055 923 2135 praepositiones
981 2053 1136 2133 (ante
1192 2052 1478 2132 templum
1532 2052 1783 2113 dicimus
1840 2061 1899 2113 et
1951 2061 2087 2133 post
2140 2052 2426 2141 templum
2486 2052 2544 2112 et
2598 2062 2843 2133 propter
2885 2062 3037 2114 tem-

449 2157 610 2236 plum
671 2163 728 2217 et
783 2163 1019 2236 praeter
1076 2154 1410 2234 templum),
1475 2173 1610 2215 cum
1667 2156 1787 2215 sint
1840 2157 2201 2216 accusativae
2268 2157 2765 2235 praepositioneS,
2835 2164 3034 2217 tamen

450 2258 601 2339 apud
650 2261 906 2318 maiores
940 2246 1189 2318 'nostros
1234 2258 1617 2317 inveniuntur
1662 2259 1839 2317 etiam
1888 2277 2021 2318 cum
2070 2256 2356 2318 ablativis,
2431 2267 2566 2318 ante
2610 2266 2748 2337 post
2790 2266 3038 2338 propter

451 2369 686 2442 praeter
731 2379 866 2420 cum
914 2362 1031 2419 sint
1092 2361 1454 2420 accusativae
1498 2360 1996 2438 praepositioneS,
2046 2378 2156 2420 nec
2203 2359 2446 2420 dubium
2492 2361 2567 2421 sit
2611 2362 2752 2439 quin
2799 2379 3038 2421 accusa-

452 2466 598 2524 tivae
642 2465 787 2531 sint,
835 2472 1034 2523 tamen
1079 2461 1232 2540 apud
1280 2463 1537 2522 maiores
1581 2469 1817 2522 nostros
1861 2464 2243 2523 inveniuntur
2290 2464 2467 2522 etiam
2512 2462 2817 2524 ablativae.
2896 2471 3032 2543 puta
3062 2485 3112 2524 20

451 2585 568 2627 non
638 2564 864 2625 dubitat
931 2563 1218 2624 Pacuvius
1275 2564 1476 2624 dicere
1536 2568 1706 2625 ‘ante
1763 2564 2044 2644 templo’,
2104 2584 2223 2625 non
2280 2564 2510 2626 dubitat
2565 2564 2764 2625 dicere
2823 2568 3035 2645 ‘prop-

450 2676 543 2729 ter
597 2668 902 2741 homine',
961 2683 1079 2726 non
1147 2665 1373 2726 dubitat
1427 2666 1654 2735 dicere,
1727 2666 1883 2746 quod
1952 2666 2099 2726 dixit
2169 2668 2342 2727 etiam
2400 2666 2739 2743 SallustiuS,
2797 2676 3036 2746 praeter

453 2770 892 2833 condemnatis:
949 2769 1065 2829 iste
1121 2769 1278 2829 enim
1324 2767 1473 2828 dixit
1528 2767 1864 2849 ‘praeter
1920 2787 2164 2830 rerum
2211 2768 2640 2850 capitalium
2687 2769 3034 2831 condem·

458 2876 710 2936 natis'.
802 2872 1136 2932 invenimus
1177 2872 1288 2931 ista
1337 2873 1551 2931 omnia.
1643 2871 1781 2952 quid
1832 2872 2010 2950 ergo?
2077 2871 2340 2933 dicemus
2384 2871 2519 2932 illos
2563 2871 2800 2933 licentia
2846 2871 3035 2952 aliqua

453 2995 593 3037 usos
650 2994 779 3036 esse
837 2980 935 3034 aut
991 2975 1251 3033 nescisse
1309 2975 1534 3034 artem?
1604 2976 1686 3034 ait
1729 2973 2017 3043 DonatuS,
2075 2992 2224 3042 non;
2284 2975 2386 3035 sed
2442 2976 2594 3035 scire
2651 2973 2835 3035 debes
2880 2975 3035 3054 quod
3062 2997 3114 3037 25

456 3078 601 3138 haec
658 3095 808 3158 quae
862 3077 1051 3155 posita
1110 3083 1251 3137 sunt
1304 3077 1382 3136 ita
1421 3083 1538 3147 ,aut
1591 3077 2080 3154 significationem
2137 3075 2359 3137 habent
2401 3076 2574 3137 aliam
2622 3084 2722 3136 aut
2766 3075 3038 3137 ordinem

454 3179 649 3241 alium.
740 3180 1069 3240 invenimus
1128 3197 1270 3257 ergo
1327 3185 1464 3237 ante
1520 3187 1655 3257 post
1709 3186 1954 3256 propter
2012 3184 2071 3237 et
2122 3188 2388 3257 praeter,
2448 3197 2597 3258 quae
2650 3185 2789 3239 sunt
2833 3180 3035 3256 utique

455 3283 814 3343 accusativae
859 3282 1329 3361 praepositiones
1358 3280 1488 3339 sine
1519 3278 1730 3349 dubio,
1778 3288 1974 3341 tamen
2019 3279 2125 3340 has
2170 3281 2639 3359 praepositiones
2682 3282 2812 3341 sine
2857 3279 3038 3341 dubio

456 3387 686 3444 iunctas
732 3381 1023 3451 ablativis,
1072 3390 1131 3441 et
1175 3400 1293 3442 non
1341 3381 1494 3461 apud
1540 3400 1754 3452 unum,
1801 3381 1903 3441 sed
1950 3381 2105 3460 apud
2151 3382 2634 3443 innumerabiles
2711 3382 2849 3461 quid
2896 3400 3038 3460 ergo

458 3483 794 3566 facie1mus?
843 3483 1104 3544 dicemus
1148 3483 1280 3544 illos
1325 3492 1428 3544 aut
1470 3491 1657 3543 artem
1705 3485 1965 3543 nescisse
2011 3492 2111 3543 aut
2155 3484 2387 3545 licentia
2436 3484 2681 3545 secisse?
2727 3484 2884 3554 dicit,
2932 3484 3037 3545 sal·
3064 3508 3115 3547 30

456 3606 584 3648 sum
633 3595 750 3654 est:
809 3584 909 3646 sed
970 3604 1215 3646 necesse
1271 3594 1362 3646 est
1420 3593 1483 3644 ut
1539 3586 1888 3662 significatio
1935 3585 2046 3645 alia
2091 3588 2166 3646 sit
2211 3588 2272 3645 in
2317 3584 2436 3645 illis
2481 3588 2777 3665 partibus,
2824 3595 2922 3646 aut
2965 3590 3041 3647 sit

458 3689 604 3750 alius
649 3686 815 3749 ordo.
906 3688 1052 3748 ordo
1097 3686 1245 3747 alter
1290 3696 1377 3747 est
1421 3696 1480 3747 et
1524 3685 1749 3746 ordinis
1797 3688 2143 3765 significatio
2188 3686 2317 3748 alia.
2381 3706 2523 3766 ergo
2568 3689 2784 3750 tradito
2830 3689 3038 3749 ordine

460 3789 611 3851 tollit
651 3789 780 3849 illas
835 3811 866 3850 a
912 3791 1158 3850 crimine
1217 3788 1456 3851 alterius
1511 3807 1711 3856 casus,
1773 3807 1848 3848 ne
1906 3789 2213 3850 videantur
2269 3789 2534 3851 ablativis
2591 3810 2720 3852 esse
2786 3793 3037 3853 iunctae.

457 3895 610 3973 siqui
661 3894 740 3952 ita
797 3879 1314 3970 dicat,“praeter
1368 3909 1573 3951 verum
1638 3892 1976 3971 capitalium
2025 3892 2487 3962 condemnatis',
2545 3892 2685 3972 quid
2731 3901 2820 3954 est
2864 3893 3038 3954 modo

599 4067 630 4113 2
674 4063 873 4127 quando
923 4078 1077 4111 unum
1127 4062 1317 4111 faciunt
1352 4061 1721 4112 Lindemannus
1767 4063 1969 4128 quando
2008 4072 2275 4126 utrumque
2312 4061 2504 4112 faciunt
2536 4062 2704 4114 ABG
2875 4063 2909 4113 6
2950 4064 3041 4114 sed

462 4134 610 4184 hodie
660 4135 785 4197 (non
834 4133 956 4186 add.
997 4135 1053 4191 α)
1099 4133 1274 4182 ubiubi
1325 4131 1477 4182 fuerit
1523 4132 1741 4198 figurata
1777 4134 1990 4183 elocutio
2029 4133 2129 4198 (est
2165 4134 2286 4186 add.
2326 4134 2382 4197 α)
2430 4132 2585 4183 habes
2622 4132 2787 4197 (apud
2824 4134 2946 4183 add.
2981 4133 3040 4196 a)

462 4205 717 4269 uit-gilium
754 4201 804 4251 A
975 4202 1008 4252 8
1042 4211 1090 4251 et
1131 4199 1355 4266 crurum]
1407 4204 1565 4268 Ver-9.
1598 4219 1772 4268 yeory.
1814 4202 1978 4254 {1193
2148 4202 2212 4253 16
2238 4210 2354 4252 ante
2393 4204 2636 4268 templum
2673 4203 2892 4253 dicimus
2928 4214 3044 4270 post
3072 4217 3085 4230 ·

462 4275 702 4339 templum
743 4274 957 4322 dicimus
993 4284 1200 4338 propter
1237 4272 1476 4337 templum
1514 4273 1730 4323 dicimus
1763 4283 1962 4337 praeter
1999 4273 2242 4339 templum
2283 4274 2498 4323 dicimus
2522 4273 2627 4323 BG
2727 4275 2791 4324 21
2829 4275 3042 4338 pacuius

463 4347 508 4393 A
616 4346 682 4393 22
719 4344 870 4392 etiam
900 4358 993 4392 om.
1034 4341 1156 4406 Ac,
1194 4344 1319 4392 add.
1362 4360 1395 4392 α
1499 4343 1565 4394 23
1603 4345 1698 4393 iste
1733 4371 1804 4379 —
1830 4343 2178 4392 condemnatis
2216 4360 2307 4395 om.
2346 4343 2473 4406 AC,
2511 4343 2633 4392 add.
2670 4358 2703 4391 a
2817 4341 3036 4410 praeter]

461 4417 591 4467 Sall.
628 4415 771 4464 Catil.
814 4413 882 4464 3ss
1022 4414 1089 4463 ’26
1124 4415 1318 4477 positae
1359 4425 1478 4465 sunt
1511 4414 1560 4463 A
1700 4415 1766 4465 27
1811 4414 2098 4463 inuenimus
2135 4414 2268 4462 enim
2302 4423 2419 4463 ante
2452 4413 2493 4463 G
2629 4412 2697 4463 28
2733 4415 2844 4463 siue
2885 4414 3039 4463 dubio

459 4487 742 4548 posteriore
772 4488 880 4534 loco
916 4497 1010 4535 om.
1044 4483 1182 4547 AB,
1215 4483 1335 4536 add.
1371 4484 1444 4533 ab
1628 4483 1694 4533 29
1736 4484 1859 4547 quid
1902 4499 2024 4549 ergo
2074 4482 2320 4534 faciemus
2367 4484 2593 4533 dicemus
2629 4483 2709 4533 ch
2755 4483 2877 4548 quid
2918 4497 3040 4548 ergo

463 4556 676 4605 facimus
714 4555 933 4603 dicimus
969 4554 1078 4604 AB
1253 4553 1318 4603 32
1357 4565 1433 4603 est
1467 4552 1536 4620 et]
1583 4565 1633 4605 ct
1673 4563 1748 4603 est
1784 4554 1953 4605 ABG
2122 4553 2188 4605 33
2227 4553 2340 4604 tulit
2378 4554 2492 4604 illas
2529 4553 2703 4605 ABG
2838 4568 2929 4603 nec
2963 4553 3040 4604 ui-

464 4626 678 4675 deantur
709 4625 758 4674 A
899 4624 966 4674 34
1013 4634 1213 4689 praeter
1261 4639 1316 4673 re
1363 4626 1654 4691 capitalium
1687 4622 1737 4672 B
1774 4635 1975 4689 praeter
2011 4625 2080 4672 rei
2118 4624 2414 4689 capitalium
2453 4624 2494 4674 G
2526 4637 2617 4690 pro
2654 4640 2709 4673 re
2745 4622 3038 4689 capitalium

464 4697 511 4745 A
652 4695 999 4747 condemnatis
1027 4710 1143 4744 ecce
1174 4695 1236 4743 de
1275 4694 1370 4743 ista
1399 4696 1512 4760 ipsa
1549 4711 1603 4745 re
1634 4694 1757 4758 quid
1789 4705 1863 4745 est
1898 4695 2045 4744 modo
2082 4703 2280 4760 praeter
2314 4695 2435 4744 BG:
2475 4693 2834 4747 condemnatus
2870 4694 3036 4761 (corr.

467 4764 560 4828 -is)
595 4781 712 4814 ecce
749 4765 811 4815 de
847 4766 943 4814 ista
973 4768 1082 4831 ipsa
1112 4779 1163 4814 re
1201 4766 1347 4829 (quid
1384 4775 1461 4816 est
1495 4766 1644 4814 modo
1683 4775 1882 4830 praeter
1908 4794 1975 4803 —-
2006 4765 2352 4814 condemnatis
2388 4766 2437 4813 in
2472 4779 2633 4829 marg.
2675 4765 2799 4818 add.
2828 4767 2885 4829 a)
2916 4764 3039 4827 quid

465 4845 540 4885 cst
576 4837 724 4885 modo
761 4844 961 4901 praeter
998 4836 1131 4897 (sine
1164 4835 1288 4884 add.
1324 4837 1381 4899 a)
1417 4837 1527 4886 sine
1564 4835 1719 4885 dubio
1758 4835 1883 4898 quid
1919 4835 2143 4885 diximus
2184 4834 2336 4900 paulo
2373 4845 2489 4899 post
2530 4835 2578 4884 A
