3541 5564
535 265 655 330 136
1669 265 1971 328 POMPEI}

580 390 621 429 p.
650 378 800 416 87—oe
830 376 873 415 L.

530 477 600 517 eo
646 458 802 537 quod
849 464 935 518 est
978 458 1179 518 ‘torve
1224 456 1492 526 clamat',
1552 455 1954 517 ‘horrendum
2000 461 2274 519 resonat’
2323 475 2433 536 pro
2480 475 2551 517 eo
2596 456 2752 536 quod
2802 464 2891 518 est
2934 457 3104 517 ‘hor-

530 559 715 619 rende
771 560 1063 620 resonat’.
1141 577 1281 620 ecce
1339 561 1576 620 nomina
1635 560 1809 638 ponis
1865 578 1972 638 pro
2029 558 2340 620 adverbiis.
2417 561 2555 620 item
2612 558 2890 621 adverbia
2944 561 3110 640 ponis

530 679 639 741 pro
671 660 1011 722 nominibus
1043 681 1075 723 e
1104 663 1422 730 contrariO,
1471 663 1521 720 si
1566 660 1725 721 dicas
1756 679 1890 722 cras
1936 680 2126 722 mane.
2187 662 2331 722 dicit
2362 660 2652 740 Vergilius
2682 662 2749 721 ‘d
2769 681 2880 723 um
2910 680 3061 722 man
3081 682 3109 720 e

532 767 856 825 novum':
915 766 1030 825 iam
1089 783 1261 825 mane
1317 782 1433 824 non
1481 763 1600 824 vult
1644 783 1773 824 esse
1818 764 2191 834 adverbium,
2253 764 2354 825 sed
2405 783 2647 824 nomen:
2723 783 2913 843 genus
2960 766 3109 824 enim

531 886 649 928 non
698 867 913 927 accidit
957 866 1268 936 adverbi0,
1316 865 1420 926 sed
1454 867 1701 926 nomini.
1763 884 1834 925 ex
1868 885 1937 926 eo
1971 866 2127 943 quod
2158 866 2305 926 dixit
2335 866 2544 926 ‘mane
2577 871 2829 928 novum’
2862 866 3114 928 ostendit
3135 882 3160 920 5

531 988 753 1048 genus:
820 971 870 1029 si
924 968 1206 1029 ostendit*
1245 986 1461 1045 genus,
1530 969 1670 1028 lecit
1729 985 1965 1028 nomen.
2053 969 2195 1028 item
2262 988 2377 1048 quo
2433 969 2609 1029 modo
2677 969 2816 1029 dicit
2879 970 3116 1029 Persius

533 1071 766 1131 ‘aliud
826 1075 1055 1131 cras':
1133 1070 1291 1130 aliud
1351 1089 1481 1131 cras
1536 1071 1585 1129 si
1632 1068 1812 1130 babet
1855 1088 2072 1148 genuS,
2119 1071 2248 1131 sine
2293 1070 2475 1131 dubio
2522 1091 2736 1133 nomen
2784 1080 2893 1133 est.
2979 1075 3114 1132 item

533 1192 709 1253 quem
757 1173 828 1233 ad
875 1171 1113 1233 modum
1162 1172 1305 1233 «licit
1349 1173 1665 1233 Terentius

2174 1301 2571 1371 praeterea

838 1396 995 1473 ipso
1040 1394 1348 1454 meridie
1394 1394 1655 1455 faciam
1713 1402 1794 1456 ut
1849 1391 2169 1473 stipulas
2227 1394 2570 1472 colligat:
2966 1412 2972 1420 ’
3147 1433 3197 1470 10

533 1517 663 1594 ipso
711 1513 980 1581 meridie,
1034 1531 1222 1591 genus
1266 1515 1494 1593 posuit,
1541 1515 1669 1573 sine
1715 1511 1896 1573 dubio
1942 1532 2158 1574 nomen
2207 1521 2314 1574 est.
2386 1515 2525 1594 quid
2574 1517 2752 1592 ergo?
2800 1515 2973 1595 [ergo
3021 1535 3120 1575 no-

538 1618 696 1677 mina
743 1614 980 1696 quando
1024 1624 1162 1676 sunt
1207 1614 1512 1686 adverbia,
1560 1617 1678 1676 iam
1725 1616 2016 1695 incipiunt
2060 1635 2229 1677 casus
2274 1615 2549 1698 habere].
2595 1617 2707 1677 hoc
2753 1618 2920 1678 scito.
2983 1636 3122 1696 ergo

538 1720 777 1779 nomina
825 1718 1062 1797 quando
1106 1725 1243 1779 sunt
1285 1717 1591 1788 adverbia,
1640 1719 1932 1797 incipiunt
1975 1719 2149 1780 casus
2193 1736 2310 1778 non
2359 1717 2599 1778 habere.
2691 1738 2802 1799 qua
2862 1721 3126 1780 ratione?

537 1822 694 1898 quia,
743 1822 793 1880 si
841 1821 1074 1880 nomina
1124 1820 1299 1881 modo
1347 1840 1465 1881 non
1507 1840 1618 1900 pro
1665 1819 2005 1880 nominibus
2048 1821 2239 1899 posita
2284 1828 2440 1889 sunt,
2487 1820 2590 1881 sed
2635 1840 2745 1899 pro
2790 1821 3124 1904 adverlbiiS,

538 1922 813 1984 adverbia
859 1930 1055 1985 autem
1102 1942 1272 1984 casus
1317 1942 1437 1983 uon
1483 1923 1731 1992 habent,
1783 1921 2002 1982 debent
2032 1923 2206 1984 etiam
2239 1921 2334 1983 illa
2382 1924 2639 1992 nomina,
2688 1943 2840 2003 quae
2871 1924 3201 2002 lungun-15

535 2034 634 2085 tur
682 2025 865 2084 vicem
912 2025 1357 2094 adverbiorum,
1406 2044 1574 2085 casus
1619 2043 1736 2085 non
1784 2023 2023 2084 habere.
2099 2025 2238 2084 item
2285 2024 2614 2094 videamus,
2662 2034 2860 2087 utrum
2910 2045 2942 2086 e
2988 2046 3126 2086 con·

538 2129 728 2187 trario
775 2127 887 2187 boc
932 2128 1126 2206 ipsum
1171 2128 1357 2207 possit
1405 2127 1553 2194 lieri,
1600 2132 1795 2187 utrum
1842 2125 2119 2188 adverbia
2164 2128 2387 2203 possint
2430 2146 2539 2206 pro
2586 2127 2923 2189 nominibus
2969 2131 3129 2207 poni.

538 2248 660 2290 non
707 2236 903 2308 potest
947 2229 1103 2288 fieri:
1154 2232 1390 2290 nomina
1439 2230 1595 2289 enim
1642 2247 1814 2288 casus
1857 2230 2175 2307 recipiunt.
2235 2231 2412 2307 nequi
2449 2229 2553 2289 tibi
2585 2229 2742 2289 dicat
2787 2233 2870 2291 ‘si
2901 2231 3125 2310 aliquo-

540 2334 694 2392 tiens
738 2332 1039 2408 sungimur
1084 2329 1364 2391 adverbio
1410 2349 1518 2410 pro
1564 2332 1834 2399 nominc,
1882 2329 2166 2390 debemus
2211 2332 2385 2392 etiam
2431 2331 2730 2393 declinare
2776 2332 2889 2392 hoc
2934 2334 3127 2412 ipsum

543 2433 946 2495 adverbium'.
1012 2437 1139 2492 non‘
1175 2440 1387 2511 potest.
1449 2451 1584 2493 nam
1631 2451 1846 2493 nomen
1894 2432 2129 2512 quando
2174 2451 2283 2510 pro
2328 2431 2606 2493 adverbio
2653 2436 2920 2512 ponitur,
2970 2442 3206 2495 teneteo

542 2555 741 2602 casus;
789 2533 1135 2594 adverbium
1184 2554 1323 2595 vero
1370 2534 1605 2613 quando
1651 2535 1866 2594 transit
1910 2536 1970 2593 in
2018 2553 2268 2603 nomen,
2319 2553 2689 2616 nequaquam
2734 2544 2932 2616 potest
2976 2539 3127 2597 acci-

541 2657 685 2717 pere
741 2655 964 2698 casum.
1042 2655 1115 2696 ne
1172 2635 1335 2696 dicas
1391 2635 1565 2704 mibi,
1623 2636 1774 2695 ‘hoc
1817 2654 2019 2697 mane:
2083 2655 2224 2715 ergo
2281 2639 2330 2697 si
2377 2637 2489 2697 hoc
2535 2655 2708 2699 mane
2754 2628 2974 2699 nomen
3023 2648 3128 2708 est,

542 2738 727 2800 debes
772 2737 1071 2800 declinare
1117 2738 1288 2799 huius
1334 2740 1524 2799 manis
1570 2737 1709 2799 huic
1768 2739 1980 2799 mani'.
2059 2758 2177 2800 non
2224 2740 2556 2801 invenimus
2601 2742 2891 2802 rationem
2938 2742 3128 2807 istam,

544 2862 661 2904 non
719 2848 914 2922 potest
968 2843 1134 2917 sequi
1194 2849 1256 2901 ut
1302 2840 1652 2901 declinetur.
1730 2849 1923 2901 tamen
1970 2841 2222 2919 legimus
2268 2842 2420 2922 apud
2467 2843 2740 2904 Plautum
2787 2841 3128 2904 declinatio-

544 2964 682 3005 nem
737 2946 956 3022 ipsam,
1017 2948 1083 3000 ‘a
1141 2944 1376 3023 primo
1432 2944 1680 3003 mani’.
1761 2942 1916 3002 unde
1975 2944 2134 3004 venit
2187 2963 2219 3003 a
2279 2946 2463 3013 mani,
2525 2946 2636 3003 nisi
2695 2946 2772 3005 sit
2815 2944 3204 3005 declinationi·

545 3065 716 3107 mane
764 3048 954 3107 manis
1003 3047 1195 3120 mani?
1240 3064 1442 3115 mane,
1492 3044 1650 3104 unde
1696 3046 1856 3104 venit
1900 3063 1930 3103 a
1978 3046 2171 3124 primo
2217 3047 2406 3114 mani,
2469 3047 2607 3106 fecit
2652 3046 3127 3107 declinationem.

542 3136 644 3209 sed
695 3155 890 3208 tamen
940 3167 1046 3207 nos
1092 3167 1207 3207 non
1257 3146 1539 3207 debemus
1584 3146 1903 3205 declinare.
1971 3167 2083 3226 qua
2132 3149 2396 3207 ratione?
2464 3149 2548 3208 vis
2593 3149 2782 3208 scire?
2855 3150 3131 3227 quoniam

543 3251 891 3313 adverbium
938 3250 1173 3329 penitus
1219 3268 1338 3309 non
1383 3256 1578 3328 potest
1621 3247 1937 3317 declinari,
1984 3267 2096 3309 nec
2141 3248 2241 3309 ille
2285 3248 2570 3319 declinat,
2619 3252 2719 3329 qui
2767 3269 2982 3310 nomen
3032 3250 3131 3309 ad-

546 3354 746 3413 sumit.
812 3351 1048 3430 quando
1095 3351 1345 3410 dicimus
1391 3348 1656 3410 ‘torvum
1702 3349 1971 3419 clamat',
2023 3359 2252 3412 torvum
2300 3351 2475 3412 modo
2521 3351 2866 3413 adverbium
2914 3363 3029 3420 est,
3080 3361 3136 3412 et

546 3456 805 3535 positum
853 3461 942 3513 est
987 3460 1216 3514 torvum
1265 3460 1603 3530 protorve.
1668 3446 1951 3532 numquid
1999 3452 2138 3512 licet
2168 3454 2311 3513 mibi
2357 3454 2556 3513 dicere
2603 3461 2736 3532 puta
2782 3455 2967 3514 ‘torvi
3015 3454 3129 3515 cla·
3159 3477 3206 3515 εει)

547 3561 724 3625 mat’,
771 3556 972 3615 ‘torvo
1019 3554 1287 3623 clamat’,
1334 3552 1402 3613 ‘a
1449 3563 1616 3614 torvo
1663 3554 1945 3614 clamat’?
2002 3574 2121 3615 non
2170 3553 2331 3625 licet,
2389 3556 2490 3616 sed
2540 3555 2548 3637 Ι
2598 3554 2762 3615 illum
2808 3574 2990 3617 unum
3037 3576 3135 3617 ca-

546 3678 675 3720 sum
729 3677 900 3718 sumo
957 3656 1030 3716 ad
1092 3658 1560 3735 usurpationem.
1633 3657 1681 3715 si
1740 3657 1883 3735 ergo
1943 3675 2124 3717 unum
2184 3676 2385 3718 casum
2443 3676 2639 3727 sumo,
2700 3658 2936 3737 quando
2983 3660 3134 3719 facio

549 3759 922 3829 adverbium,
972 3765 1031 3818 et
1077 3776 1307 3836 nequeo
1355 3757 1499 3818 alios
1545 3777 1717 3819 casus
1763 3758 2105 3827 adsumere,
2154 3760 2240 3818 sic
2286 3761 2462 3820 etiam
2510 3760 2853 3820 adverbium
2901 3761 3135 3840 quando

550 3864 845 3924 transfero
891 3863 952 3920 in
1000 3879 1244 3930 nomen,
1294 3879 1412 3920 non
1460 3861 1604 3920 mihi
1648 3860 1850 3921 licebit
1881 3860 2207 3930 declinare,
2255 3861 2358 3921 scd
2406 3860 2519 3921 hoc
2564 3863 2756 3941 ipsum
2788 3862 3133 3924 adverbium

550 3985 657 4046 pro
703 3964 943 4026 nomine
987 3981 1231 4041 ponere.
3163 3986 3212 4023 35

688 4222 722 4271 3
759 4222 879 4270 dum
918 4216 1087 4283 mane]
1138 4220 1296 4284 Very.
1326 4234 1506 4283 geor-9.
1541 4218 1603 4268 lll
1643 4218 1744 4269 325
1883 4220 1913 4267 4
1954 4218 2044 4267 sed
2090 4233 2268 4267 nomen
2304 4234 2395 4268 om.
2434 4219 2500 4278 A,
2535 4220 2657 4272 mid.
2697 4236 2729 4268 α
2871 4222 3006 4269 enim
3043 4236 3135 4272 om.

552 4293 620 4352 A,
659 4294 780 4342 add.
819 4308 851 4339 a
909 4320 917 4332 ·
990 4290 1023 4340 6
1062 4285 1287 4354 Persius]
1330 4300 1428 4342 sac.
1463 4289 1515 4350 5,
1548 4287 1618 4339 68
1758 4288 1793 4337 8
1826 4286 2114 4353 Terentius]
2152 4287 2368 4353 Adelph.
2409 4290 2445 4336 V
2477 4288 2527 4350 3,
2561 4290 2622 4339 61
2773 4290 2836 4341 10
2875 4290 3057 4339 faciam
3088 4300 3140 4338 ut

553 4364 769 4426 stipulas
808 4357 979 4411 BCa*
1017 4359 1199 4408 faciam
1235 4398 1411 4412 .....
1441 4358 1652 4424 stipulas
1680 4358 1729 4407 A
1840 4358 1900 4409 11
1941 4357 2061 4420 quid
2102 4374 2225 4422 ergo
2263 4361 2465 4407 nomina
2504 4360 2706 4423 quando
2745 4368 2865 4409 snut
2898 4361 3141 4409 aduerbia

554 4434 651 4482 iam
692 4433 942 4497 incipiunt
979 4446 1129 4479 casus
1166 4444 1264 4477 non
1307 4428 1492 4478 habere
1528 4446 1628 4493 qua
1661 4430 1857 4483 ratione
1895 4427 1997 4477 BC
2113 4429 2178 4478 14
2212 4429 2358 4491 quasi
2396 4430 2601 4477 nomina
2632 4429 2747 4479 AB
2783 4430 2905 4493 quia
2934 4430 3139 4480 uomina

554 4502 634 4551 Cb
776 4502 841 4553 16
878 4502 1041 4550 uicem
1080 4499 1187 4549 AC
1220 4514 1346 4549 uoce
1382 4500 1433 4548 B
1469 4500 1580 4548 uice
1618 4500 1646 4548 b
1792 4498 1854 4550 17
1886 4498 2005 4563 poni
2035 4505 2085 4545 et
2119 4513 2267 4547 casus
2307 4498 2492 4547 habere
2527 4499 2557 4547 b
2700 4500 2768 4549 20
2805 4501 3012 4564 ponitur
3040 4514 3138 4548 non

554 4578 689 4621 tenet
724 4573 775 4622 B
912 4573 979 4621 24
1018 4570 1154 4635 apud
1195 4567 1446 4636 Plautum]
1493 4570 1718 4622 Mostell.
1765 4570 1832 4618 lli
1868 4569 1918 4628 2,
1959 4566 2028 4617 80
2066 4568 2193 4631 (767
2223 4568 2318 4630 R):
2355 4569 2424 4630 cs.
2465 4569 2606 4631 infra
2636 4585 2690 4632 p.
2724 4569 2826 4619 358
2860 4571 2942 4624 ed.
2982 4570 3138 4623 Lina.

693 4691 760 4743 25
796 4692 894 4740 nisi
933 4692 1000 4741 sit
1031 4691 1110 4741 Cb
1163 4691 1258 4739 nisi
1294 4692 1337 4740 si
1370 4692 1435 4741 sit
1470 4691 1521 4739 A
1563 4692 1657 4739 nisi
1699 4731 1710 4742 .
1736 4732 1747 4742 .
1792 4690 1858 4740 sit
1895 4690 1946 4739 B
2085 4689 2153 4739 26
2191 4704 2337 4738 mane
2367 4690 2530 4738 manis
2570 4689 2718 4739 BCa
2757 4706 2902 4740 mane
2941 4668 3140 4743 manigs

558 4761 605 4810 A
745 4776 776 4809 a
810 4763 975 4827 primo
1015 4762 1150 4810 mani
1184 4759 1365 4812 Bca*
1403 4778 1429 4810 a
1462 4762 1627 4828 primo
1665 4775 1811 4809 mane
1847 4760 1896 4809 A
2002 4760 2067 4808 27
2106 4759 2404 4809 adverbium
2438 4774 2529 4811 om.
2559 4759 2727 4811 ABG
