<?xml version="1.0" encoding="UTF-8"?>
<!DOCTYPE html PUBLIC "-//W3C//DTD XHTML 1.0 Transitional//EN"
    "http://www.w3.org/TR/xhtml1/DTD/xhtml1-transitional.dtd">
<html xmlns="http://www.w3.org/1999/xhtml" xml:lang="en" lang="en">
 <head>
  <title>
</title>
<meta http-equiv="Content-Type" content="text/html;charset=utf-8" />
  <meta name='ocr-system' content='tesseract 3.04.00' />
  <meta name='ocr-capabilities' content='ocr_page ocr_carea ocr_par ocr_line ocrx_word'/>
</head>
<body>
  <div class='ocr_page' id='page_1' title='image "./grammaticilatin10keilgoog_0230.png"; bbox 0 0 3541 5564; ppageno 0'>
   <div class='ocr_carea' id='block_1_1' title="bbox 647 318 2091 482">
    <p class='ocr_par' dir='ltr' id='par_1_1' title="bbox 647 318 2091 482">
     <span class='ocr_line' id='line_1_1' title="bbox 647 318 2091 386; baseline 0.002 -5"><span class='ocrx_word' id='word_1_1' title='bbox 647 318 772 382; x_wconf 87' lang='grc'><strong>222</strong></span> <span class='ocrx_word' id='word_1_2' title='bbox 1785 324 2091 386; x_wconf 85' lang='grc' dir='ltr'><strong>ΡΟΜΡΕΠ</strong></span> 
     </span>
     <span class='ocr_line' id='line_1_2' title="bbox 697 428 1017 482; baseline 0.003 -13"><span class='ocrx_word' id='word_1_3' title='bbox 697 442 739 482; x_wconf 78' lang='lat' dir='ltr'><strong>p.</strong></span> <span class='ocrx_word' id='word_1_4' title='bbox 767 430 946 470; x_wconf 75' lang='lat'>282-84</span> <span class='ocrx_word' id='word_1_5' title='bbox 974 428 1017 469; x_wconf 60' lang='lat'><strong>1„</strong></span> 
     </span>
    </p>
   </div>
   <div class='ocr_carea' id='block_1_2' title="bbox 401 509 3295 4171">
    <p class='ocr_par' dir='ltr' id='par_1_2' title="bbox 401 509 3295 4171">
     <span class='ocr_line' id='line_1_3' title="bbox 645 509 3230 593; baseline 0.002 -24"><span class='ocrx_word' id='word_1_6' title='bbox 645 509 746 569; x_wconf 92' lang='lat' dir='ltr'><strong>sed</strong></span> <span class='ocrx_word' id='word_1_7' title='bbox 793 517 987 570; x_wconf 90' lang='lat' dir='ltr'><strong>tamen</strong></span> <span class='ocrx_word' id='word_1_8' title='bbox 1036 510 1330 588; x_wconf 89' lang='lat' dir='ltr'><strong>recipiunt</strong></span> <span class='ocrx_word' id='word_1_9' title='bbox 1375 516 1604 589; x_wconf 88' lang='lat' dir='ltr'><strong>tempus</strong></span> <span class='ocrx_word' id='word_1_10' title='bbox 1648 511 2001 590; x_wconf 75' lang='lat' dir='ltr'><strong>perfectum.</strong></span> <span class='ocrx_word' id='word_1_11' title='bbox 2090 530 2337 572; x_wconf 89' lang='lat' dir='ltr'><strong>senesco</strong></span> <span class='ocrx_word' id='word_1_12' title='bbox 2379 513 2522 573; x_wconf 84' lang='lat' dir='ltr'><strong>facit</strong></span> <span class='ocrx_word' id='word_1_13' title='bbox 2564 515 2753 583; x_wconf 90' lang='lat' dir='ltr'><strong>senui,</strong></span> <span class='ocrx_word' id='word_1_14' title='bbox 2803 514 3044 593; x_wconf 82' lang='lat' dir='ltr'><strong>quiesco</strong></span> <span class='ocrx_word' id='word_1_15' title='bbox 3091 514 3230 575; x_wconf 83' lang='lat' dir='ltr'><strong>facit</strong></span> 
     </span>
     <span class='ocr_line' id='line_1_4' title="bbox 645 593 3231 694; baseline 0.002 -22"><span class='ocrx_word' id='word_1_16' title='bbox 645 613 856 689; x_wconf 83' lang='lat' dir='ltr'><strong>quievi.</strong></span> <span class='ocrx_word' id='word_1_17' title='bbox 941 593 1083 673; x_wconf 74' lang='lat' dir='ltr'><strong>&#39;cum</strong></span> <span class='ocrx_word' id='word_1_18' title='bbox 1154 629 1294 689; x_wconf 83' lang='lat' dir='ltr'><strong>ergo</strong></span> <span class='ocrx_word' id='word_1_19' title='bbox 1351 612 1641 692; x_wconf 75' lang='lat' dir='ltr'><strong>recipiant</strong></span> <span class='ocrx_word' id='word_1_20' title='bbox 1696 620 1930 692; x_wconf 88' lang='lat' dir='ltr'><strong>tempus</strong></span> <span class='ocrx_word' id='word_1_21' title='bbox 1984 613 2346 694; x_wconf 79' lang='lat' dir='ltr'><strong>perlectum,</strong></span> <span class='ocrx_word' id='word_1_22' title='bbox 2407 634 2649 676; x_wconf 90' lang='lat' dir='ltr'><strong>necesse</strong></span> <span class='ocrx_word' id='word_1_23' title='bbox 2706 623 2794 676; x_wconf 87' lang='lat' dir='ltr'><strong>est</strong></span> <span class='ocrx_word' id='word_1_24' title='bbox 2838 626 2901 678; x_wconf 91' lang='lat' dir='ltr'><strong>ut</strong></span> <span class='ocrx_word' id='word_1_25' title='bbox 2944 636 3066 678; x_wconf 89' lang='lat' dir='ltr'><strong>non</strong></span> <span class='ocrx_word' id='word_1_26' title='bbox 3113 620 3231 677; x_wconf 86' lang='lat' dir='ltr'><strong>sint</strong></span> 
     </span>
     <span class='ocr_line' id='line_1_5' title="bbox 643 713 3227 797; baseline 0.003 -24"><span class='ocrx_word' id='word_1_27' title='bbox 643 713 1040 783; x_wconf 77' lang='lat' dir='ltr'><strong>inchoativae,</strong></span> <span class='ocrx_word' id='word_1_28' title='bbox 1092 714 1194 775; x_wconf 87' lang='lat' dir='ltr'><strong>sed</strong></span> <span class='ocrx_word' id='word_1_29' title='bbox 1241 716 1358 774; x_wconf 87' lang='lat' dir='ltr'><strong>sint</strong></span> <span class='ocrx_word' id='word_1_30' title='bbox 1399 717 1595 794; x_wconf 88' lang='lat' dir='ltr'><strong>potius</strong></span> <span class='ocrx_word' id='word_1_31' title='bbox 1639 714 1957 795; x_wconf 78' lang='lat' dir='ltr'><strong>perfectae.</strong></span> <span class='ocrx_word' id='word_1_32' title='bbox 2048 716 2152 777; x_wconf 85' lang='lat' dir='ltr'><strong>sed</strong></span> <span class='ocrx_word' id='word_1_33' title='bbox 2199 719 2249 777; x_wconf 91' lang='lat' dir='ltr'><strong>si</strong></span> <span class='ocrx_word' id='word_1_34' title='bbox 2294 736 2500 779; x_wconf 87' lang='lat' dir='ltr'><strong>verum</strong></span> <span class='ocrx_word' id='word_1_35' title='bbox 2545 737 2813 797; x_wconf 52' lang='lat' dir='ltr'><strong>quaeras</strong></span> <span class='ocrx_word' id='word_1_36' title='bbox 2862 718 3227 780; x_wconf 81' lang='lat' dir='ltr'><strong>inchoativae</strong></span> 
     </span>
     <span class='ocr_line' id='line_1_6' title="bbox 639 816 3226 898; baseline 0.002 -21"><span class='ocrx_word' id='word_1_37' title='bbox 639 823 795 877; x_wconf 89' lang='lat' dir='ltr'><strong>sunt.</strong></span> <span class='ocrx_word' id='word_1_38' title='bbox 897 817 1211 878; x_wconf 82' lang='lat' dir='ltr'><strong>redeamus</strong></span> <span class='ocrx_word' id='word_1_39' title='bbox 1264 816 1337 876; x_wconf 93' lang='lat' dir='ltr'><strong>ad</strong></span> <span class='ocrx_word' id='word_1_40' title='bbox 1395 820 1697 898; x_wconf 87' lang='lat' dir='ltr'><strong>antiquam</strong></span> <span class='ocrx_word' id='word_1_41' title='bbox 1752 817 2070 880; x_wconf 88' lang='lat' dir='ltr'><strong>lectionem</strong></span> <span class='ocrx_word' id='word_1_42' title='bbox 2128 826 2188 879; x_wconf 88' lang='lat' dir='ltr'><strong>et</strong></span> <span class='ocrx_word' id='word_1_43' title='bbox 2240 821 2608 881; x_wconf 88' lang='lat' dir='ltr'><strong>inveniemus</strong></span> <span class='ocrx_word' id='word_1_44' title='bbox 2665 840 2797 883; x_wconf 89' lang='lat' dir='ltr'><strong>esse</strong></span> <span class='ocrx_word' id='word_1_45' title='bbox 2862 821 3226 888; x_wconf 87' lang='lat' dir='ltr'><strong>inchoativa;</strong></span> 
     </span>
     <span class='ocr_line' id='line_1_7' title="bbox 641 917 3277 1002; baseline 0.001 -23"><span class='ocrx_word' id='word_1_46' title='bbox 641 919 745 980; x_wconf 91' lang='lat' dir='ltr'><strong>sed</strong></span> <span class='ocrx_word' id='word_1_47' title='bbox 803 919 978 980; x_wconf 91' lang='lat' dir='ltr'><strong>modo</strong></span> <span class='ocrx_word' id='word_1_48' title='bbox 1035 920 1121 979; x_wconf 92' lang='lat' dir='ltr'><strong>sic</strong></span> <span class='ocrx_word' id='word_1_49' title='bbox 1170 917 1176 999; x_wconf 89' lang='grc' dir='ltr'>Ι</span> <span class='ocrx_word' id='word_1_50' title='bbox 1224 920 1367 998; x_wconf 89' lang='lat' dir='ltr'><strong>ipsis</strong></span> <span class='ocrx_word' id='word_1_51' title='bbox 1423 921 1673 990; x_wconf 88' lang='lat' dir='ltr'><strong>utimur,</strong></span> <span class='ocrx_word' id='word_1_52' title='bbox 1739 923 1907 1000; x_wconf 81' lang='lat' dir='ltr'><strong>quasi</strong></span> <span class='ocrx_word' id='word_1_53' title='bbox 1961 923 2077 982; x_wconf 90' lang='lat' dir='ltr'><strong>sint</strong></span> <span class='ocrx_word' id='word_1_54' title='bbox 2142 921 2425 1001; x_wconf 79' lang='lat' dir='ltr'><strong>perfecta.</strong></span> <span class='ocrx_word' id='word_1_55' title='bbox 2526 921 2678 1002; x_wconf 87' lang='lat' dir='ltr'><strong>apud</strong></span> <span class='ocrx_word' id='word_1_56' title='bbox 2749 924 3004 985; x_wconf 89' lang='lat' dir='ltr'><strong>maiores</strong></span> <span class='ocrx_word' id='word_1_57' title='bbox 3070 926 3277 985; x_wconf 72' lang='lat' dir='ltr'><strong>enims</strong></span> 
     </span>
     <span class='ocr_line' id='line_1_8' title="bbox 638 1020 3227 1104; baseline 0.002 -22"><span class='ocrx_word' id='word_1_58' title='bbox 638 1029 873 1082; x_wconf 89' lang='lat' dir='ltr'><strong>nostros</strong></span> <span class='ocrx_word' id='word_1_59' title='bbox 930 1020 1301 1082; x_wconf 79' lang='lat' dir='ltr'><strong>habebantur</strong></span> <span class='ocrx_word' id='word_1_60' title='bbox 1357 1020 1711 1091; x_wconf 85' lang='lat' dir='ltr'><strong>inchoativa;</strong></span> <span class='ocrx_word' id='word_1_61' title='bbox 1774 1021 2047 1084; x_wconf 82' lang='lat' dir='ltr'><strong>dicebant</strong></span> <span class='ocrx_word' id='word_1_62' title='bbox 2102 1026 2277 1104; x_wconf 89' lang='lat' dir='ltr'><strong>quieo</strong></span> <span class='ocrx_word' id='word_1_63' title='bbox 2336 1033 2396 1086; x_wconf 91' lang='lat' dir='ltr'><strong>et</strong></span> <span class='ocrx_word' id='word_1_64' title='bbox 2447 1043 2648 1087; x_wconf 89' lang='lat' dir='ltr'><strong>seneo.</strong></span> <span class='ocrx_word' id='word_1_65' title='bbox 2740 1026 2900 1086; x_wconf 91' lang='lat' dir='ltr'><strong>unde</strong></span> <span class='ocrx_word' id='word_1_66' title='bbox 2956 1034 3015 1087; x_wconf 91' lang='lat' dir='ltr'><strong>et</strong></span> <span class='ocrx_word' id='word_1_67' title='bbox 3058 1045 3227 1088; x_wconf 80' lang='lat' dir='ltr'><strong>anea.</strong></span> 
     </span>
     <span class='ocr_line' id='line_1_9' title="bbox 638 1121 3227 1204; baseline 0.002 -21"><span class='ocrx_word' id='word_1_68' title='bbox 638 1121 888 1202; x_wconf 88' lang='lat' dir='ltr'><strong>legimus</strong></span> <span class='ocrx_word' id='word_1_69' title='bbox 935 1126 1092 1185; x_wconf 86' lang='lat' dir='ltr'><strong>enim</strong></span> <span class='ocrx_word' id='word_1_70' title='bbox 1140 1129 1313 1183; x_wconf 77' lang='lat' dir='ltr'><strong>‘anet</strong></span> <span class='ocrx_word' id='word_1_71' title='bbox 1356 1122 1508 1190; x_wconf 86' lang='lat' dir='ltr'><strong>ille’,</strong></span> <span class='ocrx_word' id='word_1_72' title='bbox 1554 1123 1614 1184; x_wconf 91' lang='lat' dir='ltr'><strong>id</strong></span> <span class='ocrx_word' id='word_1_73' title='bbox 1673 1130 1762 1184; x_wconf 89' lang='lat' dir='ltr'><strong>est</strong></span> <span class='ocrx_word' id='word_1_74' title='bbox 1807 1126 1968 1204; x_wconf 86' lang='lat' dir='ltr'><strong>quasi</strong></span> <span class='ocrx_word' id='word_1_75' title='bbox 2025 1124 2254 1186; x_wconf 86' lang='lat' dir='ltr'><strong>anicula</strong></span> <span class='ocrx_word' id='word_1_76' title='bbox 2314 1128 2748 1188; x_wconf 86' lang='lat' dir='ltr'><strong>contremescit.</strong></span> <span class='ocrx_word' id='word_1_77' title='bbox 2838 1128 2996 1190; x_wconf 90' lang='lat' dir='ltr'><strong>unde</strong></span> <span class='ocrx_word' id='word_1_78' title='bbox 3052 1131 3227 1190; x_wconf 87' lang='lat' dir='ltr'><strong>etiam</strong></span> 
     </span>
     <span class='ocr_line' id='line_1_10' title="bbox 637 1222 3225 1311; baseline 0.002 -25"><span class='ocrx_word' id='word_1_79' title='bbox 637 1235 840 1286; x_wconf 88' lang='lat' dir='ltr'><strong>anates</strong></span> <span class='ocrx_word' id='word_1_80' title='bbox 883 1226 1178 1293; x_wconf 91' lang='lat' dir='ltr'><strong>dicuntur,</strong></span> <span class='ocrx_word' id='word_1_81' title='bbox 1226 1224 1384 1306; x_wconf 91' lang='lat' dir='ltr'><strong>quod</strong></span> <span class='ocrx_word' id='word_1_82' title='bbox 1427 1227 1486 1285; x_wconf 89' lang='lat' dir='ltr'><strong>in</strong></span> <span class='ocrx_word' id='word_1_83' title='bbox 1533 1228 1755 1305; x_wconf 82' lang='lat' dir='ltr'><strong>frigore</strong></span> <span class='ocrx_word' id='word_1_84' title='bbox 1800 1246 2037 1306; x_wconf 88' lang='lat' dir='ltr'><strong>semper</strong></span> <span class='ocrx_word' id='word_1_85' title='bbox 2082 1222 2281 1289; x_wconf 73' lang='lat' dir='ltr'><strong>vivant</strong></span> <span class='ocrx_word' id='word_1_86' title='bbox 2320 1236 2381 1289; x_wconf 92' lang='lat' dir='ltr'><strong>et</strong></span> <span class='ocrx_word' id='word_1_87' title='bbox 2425 1235 2710 1291; x_wconf 89' lang='lat' dir='ltr'><strong>tremant:</strong></span> <span class='ocrx_word' id='word_1_88' title='bbox 2758 1231 2817 1290; x_wconf 93' lang='lat' dir='ltr'><strong>in</strong></span> <span class='ocrx_word' id='word_1_89' title='bbox 2872 1250 3021 1311; x_wconf 90' lang='lat' dir='ltr'><strong>aqua</strong></span> <span class='ocrx_word' id='word_1_90' title='bbox 3070 1233 3225 1291; x_wconf 87' lang='lat' dir='ltr'><strong>enim</strong></span> 
     </span>
     <span class='ocr_line' id='line_1_11' title="bbox 639 1329 3226 1414; baseline 0.003 -28"><span class='ocrx_word' id='word_1_91' title='bbox 639 1330 854 1388; x_wconf 86' lang='lat' dir='ltr'><strong>vivunt.</strong></span> <span class='ocrx_word' id='word_1_92' title='bbox 948 1345 1088 1405; x_wconf 85' lang='lat' dir='ltr'><strong>ergo</strong></span> <span class='ocrx_word' id='word_1_93' title='bbox 1133 1329 1463 1388; x_wconf 88' lang='lat' dir='ltr'><strong>invenimus</strong></span> <span class='ocrx_word' id='word_1_94' title='bbox 1509 1330 1676 1390; x_wconf 89' lang='lat' dir='ltr'><strong>istam</strong></span> <span class='ocrx_word' id='word_1_95' title='bbox 1723 1330 1907 1390; x_wconf 76' lang='lat' dir='ltr'><strong>fuisse</strong></span> <span class='ocrx_word' id='word_1_96' title='bbox 1952 1329 2289 1402; x_wconf 90' lang='lat' dir='ltr'><strong>lectionem,</strong></span> <span class='ocrx_word' id='word_1_97' title='bbox 2340 1339 2403 1392; x_wconf 90' lang='lat' dir='ltr'><strong>ut</strong></span> <span class='ocrx_word' id='word_1_98' title='bbox 2446 1332 2716 1394; x_wconf 90' lang='lat' dir='ltr'><strong>dicerent</strong></span> <span class='ocrx_word' id='word_1_99' title='bbox 2760 1351 2909 1394; x_wconf 90' lang='lat' dir='ltr'><strong>aneo</strong></span> <span class='ocrx_word' id='word_1_100' title='bbox 2944 1342 3001 1394; x_wconf 93' lang='lat' dir='ltr'><strong>et</strong></span> <span class='ocrx_word' id='word_1_101' title='bbox 3046 1336 3226 1414; x_wconf 91' lang='lat' dir='ltr'><strong>quieo</strong></span> 
     </span>
     <span class='ocr_line' id='line_1_12' title="bbox 639 1429 3295 1516; baseline 0.001 -27"><span class='ocrx_word' id='word_1_102' title='bbox 639 1437 698 1489; x_wconf 90' lang='lat' dir='ltr'><strong>et</strong></span> <span class='ocrx_word' id='word_1_103' title='bbox 742 1448 944 1490; x_wconf 84' lang='lat' dir='ltr'><strong>senec.</strong></span> <span class='ocrx_word' id='word_1_104' title='bbox 1014 1429 1117 1490; x_wconf 88' lang='lat' dir='ltr'><strong>sed</strong></span> <span class='ocrx_word' id='word_1_105' title='bbox 1168 1430 1342 1490; x_wconf 89' lang='lat' dir='ltr'><strong>verba</strong></span> <span class='ocrx_word' id='word_1_106' title='bbox 1387 1432 1517 1511; x_wconf 88' lang='lat' dir='ltr'><strong>ipsa</strong></span> <span class='ocrx_word' id='word_1_107' title='bbox 1560 1431 1788 1492; x_wconf 88' lang='lat' dir='ltr'><strong>sublata</strong></span> <span class='ocrx_word' id='word_1_108' title='bbox 1834 1438 1971 1493; x_wconf 87' lang='lat' dir='ltr'><strong>sunt</strong></span> <span class='ocrx_word' id='word_1_109' title='bbox 2014 1433 2089 1493; x_wconf 90' lang='lat' dir='ltr'><strong>de</strong></span> <span class='ocrx_word' id='word_1_110' title='bbox 2134 1452 2265 1503; x_wconf 89' lang='lat' dir='ltr'><strong>usu,</strong></span> <span class='ocrx_word' id='word_1_111' title='bbox 2315 1442 2374 1494; x_wconf 89' lang='lat' dir='ltr'><strong>et</strong></span> <span class='ocrx_word' id='word_1_112' title='bbox 2416 1443 2832 1495; x_wconf 90' lang='lat' dir='ltr'><strong>remanserunt</strong></span> <span class='ocrx_word' id='word_1_113' title='bbox 2875 1445 3074 1516; x_wconf 88' lang='lat' dir='ltr'><strong>partes</strong></span> <span class='ocrx_word' id='word_1_114' title='bbox 3119 1436 3222 1496; x_wconf 89' lang='lat' dir='ltr'><strong>ali·</strong></span> <span class='ocrx_word' id='word_1_115' title='bbox 3251 1454 3295 1491; x_wconf 86' lang='grc' dir='ltr'><strong>ιο</strong></span> 
     </span>
     <span class='ocr_line' id='line_1_13' title="bbox 639 1531 3225 1617; baseline 0.003 -25"><span class='ocrx_word' id='word_1_116' title='bbox 639 1550 791 1611; x_wconf 89' lang='lat' dir='ltr'><strong>quae</strong></span> <span class='ocrx_word' id='word_1_117' title='bbox 837 1531 911 1591; x_wconf 91' lang='lat' dir='ltr'><strong>de</strong></span> <span class='ocrx_word' id='word_1_118' title='bbox 956 1532 1143 1592; x_wconf 79' lang='lat' dir='ltr'><strong>forma</strong></span> <span class='ocrx_word' id='word_1_119' title='bbox 1189 1532 1548 1602; x_wconf 86' lang='lat' dir='ltr'><strong>inchoativa,</strong></span> <span class='ocrx_word' id='word_1_120' title='bbox 1606 1541 1807 1612; x_wconf 89' lang='lat' dir='ltr'><strong>partes</strong></span> <span class='ocrx_word' id='word_1_121' title='bbox 1849 1533 2079 1613; x_wconf 87' lang='lat' dir='ltr'><strong>aliquae</strong></span> <span class='ocrx_word' id='word_1_122' title='bbox 2137 1535 2209 1596; x_wconf 91' lang='lat' dir='ltr'><strong>dc</strong></span> <span class='ocrx_word' id='word_1_123' title='bbox 2265 1536 2452 1596; x_wconf 79' lang='lat' dir='ltr'><strong>forma</strong></span> <span class='ocrx_word' id='word_1_124' title='bbox 2510 1538 2790 1616; x_wconf 80' lang='lat' dir='ltr'><strong>perfecta.</strong></span> <span class='ocrx_word' id='word_1_125' title='bbox 2883 1537 3037 1617; x_wconf 90' lang='lat' dir='ltr'><strong>quod</strong></span> <span class='ocrx_word' id='word_1_126' title='bbox 3086 1557 3225 1617; x_wconf 82' lang='lat' dir='ltr'><strong>ergo</strong></span> 
     </span>
     <span class='ocr_line' id='line_1_14' title="bbox 639 1633 3225 1720; baseline 0.003 -27"><span class='ocrx_word' id='word_1_127' title='bbox 639 1633 889 1695; x_wconf 90' lang='lat' dir='ltr'><strong>dicimus</strong></span> <span class='ocrx_word' id='word_1_128' title='bbox 945 1635 1138 1714; x_wconf 86' lang='lat' dir='ltr'><strong>quievi</strong></span> <span class='ocrx_word' id='word_1_129' title='bbox 1195 1636 1396 1704; x_wconf 89' lang='lat' dir='ltr'><strong>senui,</strong></span> <span class='ocrx_word' id='word_1_130' title='bbox 1456 1643 1642 1697; x_wconf 90' lang='lat' dir='ltr'><strong>totum</strong></span> <span class='ocrx_word' id='word_1_131' title='bbox 1699 1636 1815 1697; x_wconf 91' lang='lat' dir='ltr'><strong>hoc</strong></span> <span class='ocrx_word' id='word_1_132' title='bbox 1861 1634 1935 1696; x_wconf 90' lang='lat' dir='ltr'><strong>de</strong></span> <span class='ocrx_word' id='word_1_133' title='bbox 1992 1637 2255 1716; x_wconf 77' lang='lat' dir='ltr'><strong>perfecta</strong></span> <span class='ocrx_word' id='word_1_134' title='bbox 2310 1645 2440 1705; x_wconf 81' lang='lat' dir='ltr'><strong>est..</strong></span> <span class='ocrx_word' id='word_1_135' title='bbox 2507 1641 2639 1719; x_wconf 90' lang='lat' dir='ltr'><strong>quia</strong></span> <span class='ocrx_word' id='word_1_136' title='bbox 2686 1639 2939 1701; x_wconf 86' lang='lat' dir='ltr'><strong>dicimus</strong></span> <span class='ocrx_word' id='word_1_137' title='bbox 2984 1643 3225 1720; x_wconf 89' lang='lat' dir='ltr'><strong>quiesco</strong></span> 
     </span>
     <span class='ocr_line' id='line_1_15' title="bbox 637 1736 3223 1819; baseline 0.003 -23"><span class='ocrx_word' id='word_1_138' title='bbox 637 1755 899 1807; x_wconf 81' lang='lat' dir='ltr'><strong>senesce,</strong></span> <span class='ocrx_word' id='word_1_139' title='bbox 944 1744 1140 1816; x_wconf 90' lang='lat' dir='ltr'><strong>partes</strong></span> <span class='ocrx_word' id='word_1_140' title='bbox 1183 1744 1321 1797; x_wconf 90' lang='lat' dir='ltr'><strong>sunt</strong></span> <span class='ocrx_word' id='word_1_141' title='bbox 1364 1736 1750 1799; x_wconf 84' lang='lat' dir='ltr'><strong>inchoativae.</strong></span> <span class='ocrx_word' id='word_1_142' title='bbox 1816 1755 1959 1815; x_wconf 85' lang='lat' dir='ltr'><strong>ergo</strong></span> <span class='ocrx_word' id='word_1_143' title='bbox 2006 1747 2202 1818; x_wconf 90' lang='lat' dir='ltr'><strong>partes</strong></span> <span class='ocrx_word' id='word_1_144' title='bbox 2233 1746 2371 1800; x_wconf 88' lang='lat' dir='ltr'><strong>sunt</strong></span> <span class='ocrx_word' id='word_1_145' title='bbox 2414 1747 2723 1819; x_wconf 89' lang='lat' dir='ltr'><strong>quattuor;</strong></span> <span class='ocrx_word' id='word_1_146' title='bbox 2772 1741 2846 1802; x_wconf 91' lang='lat' dir='ltr'><strong>ab</strong></span> <span class='ocrx_word' id='word_1_147' title='bbox 2892 1743 3223 1804; x_wconf 83' lang='lat' dir='ltr'><strong>inchoativa</strong></span> 
     </span>
     <span class='ocr_line' id='line_1_16' title="bbox 640 1838 2086 1920; baseline 0.002 -21"><span class='ocrx_word' id='word_1_148' title='bbox 640 1845 841 1917; x_wconf 86' lang='lat' dir='ltr'><strong>partes</strong></span> <span class='ocrx_word' id='word_1_149' title='bbox 886 1838 1041 1900; x_wconf 89' lang='lat' dir='ltr'><strong>duae</strong></span> <span class='ocrx_word' id='word_1_150' title='bbox 1087 1847 1242 1909; x_wconf 90' lang='lat' dir='ltr'><strong>sunt,</strong></span> <span class='ocrx_word' id='word_1_151' title='bbox 1292 1860 1325 1901; x_wconf 92' lang='lat' dir='ltr'><strong>a</strong></span> <span class='ocrx_word' id='word_1_152' title='bbox 1367 1840 1632 1920; x_wconf 83' lang='lat' dir='ltr'><strong>perfecta</strong></span> <span class='ocrx_word' id='word_1_153' title='bbox 1676 1840 1864 1900; x_wconf 81' lang='lat' dir='ltr'><strong>forma</strong></span> <span class='ocrx_word' id='word_1_154' title='bbox 1912 1840 2086 1902; x_wconf 88' lang='lat' dir='ltr'><strong>duae.</strong></span> 
     </span>
     <span class='ocr_line' id='line_1_17' title="bbox 402 1941 3289 2022; baseline 0.005 -27"><span class='ocrx_word' id='word_1_155' title='bbox 402 1950 519 2005; x_wconf 82' lang='lat'><strong>413,</strong></span> <span class='ocrx_word' id='word_1_156' title='bbox 549 1949 612 1997; x_wconf 87' lang='lat'><strong>14</strong></span> <span class='ocrx_word' id='word_1_157' title='bbox 805 1941 933 2013; x_wconf 89' lang='lat' dir='ltr'><strong>Quo</strong></span> <span class='ocrx_word' id='word_1_158' title='bbox 978 1941 1153 2001; x_wconf 89' lang='lat' dir='ltr'><strong>modo</strong></span> <span class='ocrx_word' id='word_1_159' title='bbox 1187 1943 1446 2022; x_wconf 89' lang='lat' dir='ltr'><strong>quinque</strong></span> <span class='ocrx_word' id='word_1_160' title='bbox 1477 1950 1614 2002; x_wconf 88' lang='lat' dir='ltr'><strong>sunt</strong></span> <span class='ocrx_word' id='word_1_161' title='bbox 1643 1943 1950 2003; x_wconf 88' lang='lat' dir='ltr'><strong>nominum</strong></span> <span class='ocrx_word' id='word_1_162' title='bbox 1981 1943 2421 2019; x_wconf 77' lang='lat' dir='ltr'><strong>declinationeS,</strong></span> <span class='ocrx_word' id='word_1_163' title='bbox 2470 1947 2551 2006; x_wconf 91' lang='lat' dir='ltr'><strong>ita</strong></span> <span class='ocrx_word' id='word_1_164' title='bbox 2581 1953 2703 2006; x_wconf 89' lang='lat' dir='ltr'><strong>tres</strong></span> <span class='ocrx_word' id='word_1_165' title='bbox 2731 1954 2871 2007; x_wconf 89' lang='lat' dir='ltr'><strong>sunt</strong></span> <span class='ocrx_word' id='word_1_166' title='bbox 2899 1946 3219 2008; x_wconf 88' lang='lat' dir='ltr'><strong>verborum</strong></span> <span class='ocrx_word' id='word_1_167' title='bbox 3246 1963 3289 2002; x_wconf 82' lang='lat'><strong>15</strong></span> 
     </span>
     <span class='ocr_line' id='line_1_18' title="bbox 401 2016 3220 2127; baseline 0.003 -26"><span class='ocrx_word' id='word_1_168' title='bbox 401 2016 515 2078; x_wconf 44' lang='grc' dir='ltr'><strong>ὄπ’</strong></span> <span class='ocrx_word' id='word_1_169' title='bbox 547 2018 610 2065; x_wconf 85' lang='lat'><strong>19</strong></span> <span class='ocrx_word' id='word_1_170' title='bbox 636 2044 1096 2121; x_wconf 83' lang='lat' dir='ltr'><strong>coniugationes.</strong></span> <span class='ocrx_word' id='word_1_171' title='bbox 1158 2062 1294 2104; x_wconf 90' lang='lat' dir='ltr'><strong>nam</strong></span> <span class='ocrx_word' id='word_1_172' title='bbox 1338 2062 1512 2122; x_wconf 87' lang='lat' dir='ltr'><strong>quem</strong></span> <span class='ocrx_word' id='word_1_173' title='bbox 1541 2044 1613 2105; x_wconf 88' lang='lat' dir='ltr'><strong>ad</strong></span> <span class='ocrx_word' id='word_1_174' title='bbox 1659 2044 1901 2106; x_wconf 88' lang='lat' dir='ltr'><strong>modum</strong></span> <span class='ocrx_word' id='word_1_175' title='bbox 1946 2065 2054 2126; x_wconf 89' lang='lat' dir='ltr'><strong>per</strong></span> <span class='ocrx_word' id='word_1_176' title='bbox 2097 2044 2226 2108; x_wconf 90' lang='lat' dir='ltr'><strong>illas</strong></span> <span class='ocrx_word' id='word_1_177' title='bbox 2271 2049 2530 2127; x_wconf 86' lang='lat' dir='ltr'><strong>quinque</strong></span> <span class='ocrx_word' id='word_1_178' title='bbox 2566 2047 2994 2110; x_wconf 87' lang='lat' dir='ltr'><strong>declinationes</strong></span> <span class='ocrx_word' id='word_1_179' title='bbox 3025 2052 3220 2110; x_wconf 88' lang='lat' dir='ltr'><strong>omnia</strong></span> 
     </span>
     <span class='ocr_line' id='line_1_19' title="bbox 635 2145 3222 2229; baseline 0.004 -26"><span class='ocrx_word' id='word_1_180' title='bbox 635 2146 871 2206; x_wconf 90' lang='lat' dir='ltr'><strong>nomina</strong></span> <span class='ocrx_word' id='word_1_181' title='bbox 918 2145 1300 2221; x_wconf 88' lang='lat' dir='ltr'><strong>declinamus,</strong></span> <span class='ocrx_word' id='word_1_182' title='bbox 1347 2153 1412 2206; x_wconf 91' lang='lat' dir='ltr'><strong>ut</strong></span> <span class='ocrx_word' id='word_1_183' title='bbox 1455 2146 1726 2217; x_wconf 82' lang='lat' dir='ltr'><strong>diximuS,</strong></span> <span class='ocrx_word' id='word_1_184' title='bbox 1774 2149 1859 2208; x_wconf 91' lang='lat' dir='ltr'><strong>sic</strong></span> <span class='ocrx_word' id='word_1_185' title='bbox 1904 2148 2090 2209; x_wconf 88' lang='lat' dir='ltr'><strong>verba</strong></span> <span class='ocrx_word' id='word_1_186' title='bbox 2135 2151 2331 2210; x_wconf 89' lang='lat' dir='ltr'><strong>omnia</strong></span> <span class='ocrx_word' id='word_1_187' title='bbox 2387 2169 2419 2210; x_wconf 92' lang='lat' dir='ltr'><strong>a</strong></span> <span class='ocrx_word' id='word_1_188' title='bbox 2475 2150 2665 2211; x_wconf 87' lang='lat' dir='ltr'><strong>tribus</strong></span> <span class='ocrx_word' id='word_1_189' title='bbox 2710 2151 3222 2229; x_wconf 86' lang='lat' dir='ltr'><strong>coniugationibus</strong></span> 
     </span>
     <span class='ocr_line' id='line_1_20' title="bbox 636 2246 3222 2332; baseline 0.002 -26"><span class='ocrx_word' id='word_1_190' title='bbox 636 2246 1026 2319; x_wconf 85' lang='lat' dir='ltr'><strong>declinamuS,</strong></span> <span class='ocrx_word' id='word_1_191' title='bbox 1084 2266 1197 2309; x_wconf 89' lang='lat' dir='ltr'><strong>nec</strong></span> <span class='ocrx_word' id='word_1_192' title='bbox 1255 2249 1526 2329; x_wconf 81' lang='lat' dir='ltr'><strong>amplius,</strong></span> <span class='ocrx_word' id='word_1_193' title='bbox 1618 2267 1759 2327; x_wconf 85' lang='lat' dir='ltr'><strong>ergo</strong></span> <span class='ocrx_word' id='word_1_194' title='bbox 1815 2251 1964 2311; x_wconf 87' lang='lat' dir='ltr'><strong>istae</strong></span> <span class='ocrx_word' id='word_1_195' title='bbox 2023 2253 2468 2330; x_wconf 87' lang='lat' dir='ltr'><strong>coniugationes</strong></span> <span class='ocrx_word' id='word_1_196' title='bbox 2524 2253 2693 2332; x_wconf 87' lang='lat' dir='ltr'><strong>quasi</strong></span> <span class='ocrx_word' id='word_1_197' title='bbox 2750 2253 3038 2330; x_wconf 88' lang='lat' dir='ltr'><strong>quaedam</strong></span> <span class='ocrx_word' id='word_1_198' title='bbox 3086 2262 3222 2314; x_wconf 89' lang='lat' dir='ltr'><strong>sunt</strong></span> 
     </span>
     <span class='ocr_line' id='line_1_21' title="bbox 633 2350 3215 2434; baseline 0.003 -25"><span class='ocrx_word' id='word_1_199' title='bbox 633 2350 873 2429; x_wconf 83' lang='lat' dir='ltr'><strong>regulae</strong></span> <span class='ocrx_word' id='word_1_200' title='bbox 919 2359 977 2412; x_wconf 90' lang='lat' dir='ltr'><strong>et</strong></span> <span class='ocrx_word' id='word_1_201' title='bbox 1021 2350 1256 2430; x_wconf 89' lang='lat' dir='ltr'><strong>quidam</strong></span> <span class='ocrx_word' id='word_1_202' title='bbox 1301 2353 1447 2412; x_wconf 81' lang='lat' dir='ltr'><strong>fines</strong></span> <span class='ocrx_word' id='word_1_203' title='bbox 1487 2351 1948 2413; x_wconf 86' lang='lat' dir='ltr'><strong>declinationum</strong></span> <span class='ocrx_word' id='word_1_204' title='bbox 1980 2354 2136 2414; x_wconf 89' lang='lat' dir='ltr'><strong>circa</strong></span> <span class='ocrx_word' id='word_1_205' title='bbox 2166 2353 2362 2415; x_wconf 87' lang='lat' dir='ltr'><strong>verba.</strong></span> <span class='ocrx_word' id='word_1_206' title='bbox 2424 2362 2564 2415; x_wconf 87' lang='lat' dir='ltr'><strong>sunt</strong></span> <span class='ocrx_word' id='word_1_207' title='bbox 2593 2362 2788 2415; x_wconf 88' lang='lat' dir='ltr'><strong>autem</strong></span> <span class='ocrx_word' id='word_1_208' title='bbox 2817 2357 2981 2434; x_wconf 90' lang='lat' dir='ltr'><strong>ipsae</strong></span> <span class='ocrx_word' id='word_1_209' title='bbox 3013 2358 3215 2416; x_wconf 89' lang='lat' dir='ltr'><strong>coniu-</strong></span> 
     </span>
     <span class='ocr_line' id='line_1_22' title="bbox 629 2446 3288 2536; baseline 0.001 -24"><span class='ocrx_word' id='word_1_210' title='bbox 629 2454 897 2529; x_wconf 87' lang='lat' dir='ltr'><strong>gationes</strong></span> <span class='ocrx_word' id='word_1_211' title='bbox 940 2460 1081 2522; x_wconf 91' lang='lat' dir='ltr'><strong>tres,</strong></span> <span class='ocrx_word' id='word_1_212' title='bbox 1132 2452 1140 2536; x_wconf 78' lang='grc' dir='ltr'>Ι</span> <span class='ocrx_word' id='word_1_213' title='bbox 1188 2446 1566 2514; x_wconf 81' lang='lat' dir='ltr'><strong>inveniuntur</strong></span> <span class='ocrx_word' id='word_1_214' title='bbox 1611 2455 1672 2513; x_wconf 92' lang='lat' dir='ltr'><strong>in</strong></span> <span class='ocrx_word' id='word_1_215' title='bbox 1719 2455 1979 2535; x_wconf 87' lang='lat' dir='ltr'><strong>quinque</strong></span> <span class='ocrx_word' id='word_1_216' title='bbox 2037 2455 2238 2516; x_wconf 89' lang='lat' dir='ltr'><strong>rebus.</strong></span> <span class='ocrx_word' id='word_1_217' title='bbox 2329 2458 2377 2516; x_wconf 90' lang='lat' dir='ltr'><strong>si</strong></span> <span class='ocrx_word' id='word_1_218' title='bbox 2432 2475 2545 2517; x_wconf 89' lang='lat' dir='ltr'><strong>una</strong></span> <span class='ocrx_word' id='word_1_219' title='bbox 2602 2457 2888 2525; x_wconf 82' lang='lat' dir='ltr'><strong>desuerit,</strong></span> <span class='ocrx_word' id='word_1_220' title='bbox 2951 2476 3074 2518; x_wconf 90' lang='lat' dir='ltr'><strong>non</strong></span> <span class='ocrx_word' id='word_1_221' title='bbox 3132 2466 3288 2518; x_wconf 67' lang='lat' dir='ltr'><strong>estse</strong></span> 
     </span>
     <span class='ocr_line' id='line_1_23' title="bbox 629 2555 3220 2640; baseline 0.003 -27"><span class='ocrx_word' id='word_1_222' title='bbox 629 2555 862 2632; x_wconf 84' lang='lat' dir='ltr'><strong>integra</strong></span> <span class='ocrx_word' id='word_1_223' title='bbox 918 2557 1068 2615; x_wconf 91' lang='lat' dir='ltr'><strong>ratio</strong></span> <span class='ocrx_word' id='word_1_224' title='bbox 1125 2557 1571 2634; x_wconf 83' lang='lat' dir='ltr'><strong>coniugationis.</strong></span> <span class='ocrx_word' id='word_1_225' title='bbox 1668 2557 1905 2633; x_wconf 90' lang='lat' dir='ltr'><strong>quando</strong></span> <span class='ocrx_word' id='word_1_226' title='bbox 1960 2559 2045 2618; x_wconf 82' lang='lat' dir='ltr'><strong>vis</strong></span> <span class='ocrx_word' id='word_1_227' title='bbox 2101 2559 2366 2627; x_wconf 80' lang='lat' dir='ltr'><strong>invenire</strong></span> <span class='ocrx_word' id='word_1_228' title='bbox 2422 2560 2893 2638; x_wconf 81' lang='lat' dir='ltr'><strong>coniugationeS,</strong></span> <span class='ocrx_word' id='word_1_229' title='bbox 2955 2562 3220 2640; x_wconf 87' lang='lat' dir='ltr'><strong>quinque</strong></span> 
     </span>
     <span class='ocr_line' id='line_1_24' title="bbox 628 2657 3218 2739; baseline 0.002 -22"><span class='ocrx_word' id='word_1_230' title='bbox 628 2675 726 2717; x_wconf 90' lang='lat' dir='ltr'><strong>res</strong></span> <span class='ocrx_word' id='word_1_231' title='bbox 769 2658 1041 2733; x_wconf 87' lang='lat' dir='ltr'><strong>require;</strong></span> <span class='ocrx_word' id='word_1_232' title='bbox 1100 2659 1151 2718; x_wconf 91' lang='lat' dir='ltr'><strong>si</strong></span> <span class='ocrx_word' id='word_1_233' title='bbox 1195 2677 1312 2719; x_wconf 90' lang='lat' dir='ltr'><strong>una</strong></span> <span class='ocrx_word' id='word_1_234' title='bbox 1359 2658 1644 2727; x_wconf 86' lang='lat' dir='ltr'><strong>defuerit,</strong></span> <span class='ocrx_word' id='word_1_235' title='bbox 1693 2678 1813 2720; x_wconf 91' lang='lat' dir='ltr'><strong>non</strong></span> <span class='ocrx_word' id='word_1_236' title='bbox 1860 2661 1973 2721; x_wconf 88' lang='lat' dir='ltr'><strong>erit</strong></span> <span class='ocrx_word' id='word_1_237' title='bbox 2017 2661 2246 2738; x_wconf 89' lang='lat' dir='ltr'><strong>integra</strong></span> <span class='ocrx_word' id='word_1_238' title='bbox 2291 2657 2633 2731; x_wconf 84' lang='lat' dir='ltr'><strong>declinatio,</strong></span> <span class='ocrx_word' id='word_1_239' title='bbox 2681 2680 2793 2722; x_wconf 89' lang='lat' dir='ltr'><strong>nec</strong></span> <span class='ocrx_word' id='word_1_240' title='bbox 2835 2664 3218 2739; x_wconf 89' lang='lat' dir='ltr'><strong>cognoscitur</strong></span> 
     </span>
     <span class='ocr_line' id='line_1_25' title="bbox 628 2760 3216 2844; baseline 0.003 -25"><span class='ocrx_word' id='word_1_241' title='bbox 628 2777 780 2839; x_wconf 87' lang='lat' dir='ltr'><strong>quae</strong></span> <span class='ocrx_word' id='word_1_242' title='bbox 828 2761 919 2828; x_wconf 91' lang='lat' dir='ltr'><strong>sit,</strong></span> <span class='ocrx_word' id='word_1_243' title='bbox 967 2760 1078 2821; x_wconf 90' lang='lat' dir='ltr'><strong>nisi</strong></span> <span class='ocrx_word' id='word_1_244' title='bbox 1123 2779 1330 2823; x_wconf 91' lang='lat' dir='ltr'><strong>omnes</strong></span> <span class='ocrx_word' id='word_1_245' title='bbox 1377 2763 1633 2842; x_wconf 90' lang='lat' dir='ltr'><strong>quinque</strong></span> <span class='ocrx_word' id='word_1_246' title='bbox 1663 2781 1774 2824; x_wconf 86' lang='lat' dir='ltr'><strong>res</strong></span> <span class='ocrx_word' id='word_1_247' title='bbox 1820 2761 2323 2824; x_wconf 88' lang='lat' dir='ltr'><strong>animadverteris.</strong></span> <span class='ocrx_word' id='word_1_248' title='bbox 2405 2762 2591 2824; x_wconf 90' lang='lat' dir='ltr'><strong>debes</strong></span> <span class='ocrx_word' id='word_1_249' title='bbox 2636 2781 2926 2844; x_wconf 88' lang='lat' dir='ltr'><strong>quaerere</strong></span> <span class='ocrx_word' id='word_1_250' title='bbox 2971 2764 3216 2826; x_wconf 89' lang='lat' dir='ltr'><strong>modum</strong></span> 
     </span>
     <span class='ocr_line' id='line_1_26' title="bbox 627 2863 3213 2946; baseline 0.002 -24"><span class='ocrx_word' id='word_1_251' title='bbox 627 2869 862 2942; x_wconf 86' lang='lat' dir='ltr'><strong>tempus</strong></span> <span class='ocrx_word' id='word_1_252' title='bbox 907 2881 1221 2924; x_wconf 89' lang='lat' dir='ltr'><strong>numerum</strong></span> <span class='ocrx_word' id='word_1_253' title='bbox 1265 2883 1579 2944; x_wconf 87' lang='lat' dir='ltr'><strong>personam</strong></span> <span class='ocrx_word' id='word_1_254' title='bbox 1626 2874 1685 2926; x_wconf 87' lang='lat' dir='ltr'><strong>et</strong></span> <span class='ocrx_word' id='word_1_255' title='bbox 1728 2866 1949 2927; x_wconf 86' lang='lat' dir='ltr'><strong>exitum</strong></span> <span class='ocrx_word' id='word_1_256' title='bbox 1994 2863 2368 2946; x_wconf 78' lang='lat' dir='ltr'><strong>syllabarum.</strong></span> <span class='ocrx_word' id='word_1_257' title='bbox 2426 2868 2575 2926; x_wconf 91' lang='lat' dir='ltr'><strong>istae</strong></span> <span class='ocrx_word' id='word_1_258' title='bbox 2622 2873 2762 2926; x_wconf 89' lang='lat' dir='ltr'><strong>sunt</strong></span> <span class='ocrx_word' id='word_1_259' title='bbox 2803 2867 3066 2946; x_wconf 88' lang='lat' dir='ltr'><strong>quinque</strong></span> <span class='ocrx_word' id='word_1_260' title='bbox 3098 2886 3213 2936; x_wconf 91' lang='lat' dir='ltr'><strong>res,</strong></span> 
     </span>
     <span class='ocr_line' id='line_1_27' title="bbox 629 2965 3279 3049; baseline 0.002 -26"><span class='ocrx_word' id='word_1_261' title='bbox 629 2982 777 3042; x_wconf 89' lang='lat' dir='ltr'><strong>quae</strong></span> <span class='ocrx_word' id='word_1_262' title='bbox 817 2966 880 3024; x_wconf 90' lang='lat' dir='ltr'><strong>in</strong></span> <span class='ocrx_word' id='word_1_263' title='bbox 912 2965 1329 3042; x_wconf 88' lang='lat' dir='ltr'><strong>coniugatione</strong></span> <span class='ocrx_word' id='word_1_264' title='bbox 1375 2969 1799 3046; x_wconf 87' lang='lat' dir='ltr'><strong>requiruntur;</strong></span> <span class='ocrx_word' id='word_1_265' title='bbox 1846 2966 2028 3028; x_wconf 91' lang='lat' dir='ltr'><strong>debes</strong></span> <span class='ocrx_word' id='word_1_266' title='bbox 2074 2968 2314 3034; x_wconf 89' lang='lat' dir='ltr'><strong>modum</strong></span> <span class='ocrx_word' id='word_1_267' title='bbox 2360 2987 2678 3048; x_wconf 88' lang='lat' dir='ltr'><strong>quaerere,</strong></span> <span class='ocrx_word' id='word_1_268' title='bbox 2727 2967 2908 3030; x_wconf 91' lang='lat' dir='ltr'><strong>debes</strong></span> <span class='ocrx_word' id='word_1_269' title='bbox 2952 2977 3207 3049; x_wconf 77' lang='lat' dir='ltr'><strong>tempuS,</strong></span> <span class='ocrx_word' id='word_1_270' title='bbox 3237 2986 3279 3027; x_wconf 78' lang='lat'><strong>25</strong></span> 
     </span>
     <span class='ocr_line' id='line_1_28' title="bbox 627 3065 3212 3151; baseline 0.002 -25"><span class='ocrx_word' id='word_1_271' title='bbox 627 3065 808 3127; x_wconf 89' lang='lat' dir='ltr'><strong>debes</strong></span> <span class='ocrx_word' id='word_1_272' title='bbox 850 3084 1186 3137; x_wconf 91' lang='lat' dir='ltr'><strong>numerum,</strong></span> <span class='ocrx_word' id='word_1_273' title='bbox 1234 3068 1449 3129; x_wconf 89' lang='lat' dir='ltr'><strong>deinde</strong></span> <span class='ocrx_word' id='word_1_274' title='bbox 1493 3088 1828 3148; x_wconf 86' lang='lat' dir='ltr'><strong>personam,</strong></span> <span class='ocrx_word' id='word_1_275' title='bbox 1875 3069 2016 3131; x_wconf 89' lang='lat' dir='ltr'><strong>inde</strong></span> <span class='ocrx_word' id='word_1_276' title='bbox 2062 3072 2282 3131; x_wconf 85' lang='lat' dir='ltr'><strong>exitum</strong></span> <span class='ocrx_word' id='word_1_277' title='bbox 2326 3068 2701 3151; x_wconf 89' lang='lat' dir='ltr'><strong>syllabarum.</strong></span> <span class='ocrx_word' id='word_1_278' title='bbox 2761 3089 2938 3149; x_wconf 90' lang='lat' dir='ltr'><strong>quem</strong></span> <span class='ocrx_word' id='word_1_279' title='bbox 2972 3072 3212 3133; x_wconf 88' lang='lat' dir='ltr'><strong>modum</strong></span> 
     </span>
     <span class='ocr_line' id='line_1_29' title="bbox 626 3169 3211 3253; baseline 0.004 -28"><span class='ocrx_word' id='word_1_280' title='bbox 626 3169 918 3244; x_wconf 78' lang='lat' dir='ltr'><strong>requiris?</strong></span> <span class='ocrx_word' id='word_1_281' title='bbox 962 3169 1363 3230; x_wconf 85' lang='lat' dir='ltr'><strong>indicativum.</strong></span> <span class='ocrx_word' id='word_1_282' title='bbox 1453 3174 1647 3232; x_wconf 85' lang='lat' dir='ltr'><strong>omnis</strong></span> <span class='ocrx_word' id='word_1_283' title='bbox 1692 3173 2025 3250; x_wconf 83' lang='lat' dir='ltr'><strong>coniugatio</strong></span> <span class='ocrx_word' id='word_1_284' title='bbox 2082 3191 2200 3233; x_wconf 91' lang='lat' dir='ltr'><strong>non</strong></span> <span class='ocrx_word' id='word_1_285' title='bbox 2254 3173 2315 3231; x_wconf 90' lang='lat' dir='ltr'><strong>in</strong></span> <span class='ocrx_word' id='word_1_286' title='bbox 2359 3174 2736 3253; x_wconf 80' lang='lat' dir='ltr'><strong>imperative,</strong></span> <span class='ocrx_word' id='word_1_287' title='bbox 2796 3192 2918 3234; x_wconf 90' lang='lat' dir='ltr'><strong>non</strong></span> <span class='ocrx_word' id='word_1_288' title='bbox 2961 3176 3026 3234; x_wconf 89' lang='lat' dir='ltr'><strong>in</strong></span> <span class='ocrx_word' id='word_1_289' title='bbox 3072 3193 3211 3236; x_wconf 90' lang='lat' dir='ltr'><strong>con-</strong></span> 
     </span>
     <span class='ocr_line' id='line_1_30' title="bbox 625 3271 3211 3354; baseline 0.003 -25"><span class='ocrx_word' id='word_1_290' title='bbox 625 3271 881 3330; x_wconf 87' lang='lat' dir='ltr'><strong>iunctivo</strong></span> <span class='ocrx_word' id='word_1_291' title='bbox 926 3272 1242 3342; x_wconf 88' lang='lat' dir='ltr'><strong>invenitur,</strong></span> <span class='ocrx_word' id='word_1_292' title='bbox 1290 3273 1393 3333; x_wconf 90' lang='lat' dir='ltr'><strong>sed</strong></span> <span class='ocrx_word' id='word_1_293' title='bbox 1439 3275 1498 3334; x_wconf 92' lang='lat' dir='ltr'><strong>in</strong></span> <span class='ocrx_word' id='word_1_294' title='bbox 1545 3273 1879 3335; x_wconf 88' lang='lat' dir='ltr'><strong>indicativo.</strong></span> <span class='ocrx_word' id='word_1_295' title='bbox 1972 3274 2184 3335; x_wconf 91' lang='lat' dir='ltr'><strong>deinde</strong></span> <span class='ocrx_word' id='word_1_296' title='bbox 2237 3275 2537 3336; x_wconf 90' lang='lat' dir='ltr'><strong>invenitur</strong></span> <span class='ocrx_word' id='word_1_297' title='bbox 2593 3276 2654 3334; x_wconf 93' lang='lat' dir='ltr'><strong>in</strong></span> <span class='ocrx_word' id='word_1_298' title='bbox 2707 3277 3010 3354; x_wconf 88' lang='lat' dir='ltr'><strong>praesenti</strong></span> <span class='ocrx_word' id='word_1_299' title='bbox 3063 3287 3211 3337; x_wconf 86' lang='lat' dir='ltr'><strong>tem·</strong></span> 
     </span>
     <span class='ocr_line' id='line_1_31' title="bbox 623 3374 3213 3456; baseline 0.003 -24"><span class='ocrx_word' id='word_1_300' title='bbox 623 3390 799 3451; x_wconf 89' lang='lat' dir='ltr'><strong>pore;</strong></span> <span class='ocrx_word' id='word_1_301' title='bbox 868 3374 1168 3434; x_wconf 89' lang='lat' dir='ltr'><strong>invenitur</strong></span> <span class='ocrx_word' id='word_1_302' title='bbox 1220 3376 1283 3434; x_wconf 89' lang='lat' dir='ltr'><strong>in</strong></span> <span class='ocrx_word' id='word_1_303' title='bbox 1339 3394 1589 3437; x_wconf 90' lang='lat' dir='ltr'><strong>numero</strong></span> <span class='ocrx_word' id='word_1_304' title='bbox 1642 3375 1957 3455; x_wconf 87' lang='lat' dir='ltr'><strong>singulari;</strong></span> <span class='ocrx_word' id='word_1_305' title='bbox 2023 3377 2319 3437; x_wconf 89' lang='lat' dir='ltr'><strong>invenitur</strong></span> <span class='ocrx_word' id='word_1_306' title='bbox 2373 3379 2435 3436; x_wconf 91' lang='lat' dir='ltr'><strong>in</strong></span> <span class='ocrx_word' id='word_1_307' title='bbox 2490 3376 2750 3437; x_wconf 90' lang='lat' dir='ltr'><strong>secunda</strong></span> <span class='ocrx_word' id='word_1_308' title='bbox 2803 3395 3094 3456; x_wconf 79' lang='lat' dir='ltr'><strong>persona,</strong></span> <span class='ocrx_word' id='word_1_309' title='bbox 3150 3380 3213 3439; x_wconf 91' lang='lat' dir='ltr'><strong>in</strong></span> 
     </span>
     <span class='ocr_line' id='line_1_32' title="bbox 623 3475 3281 3559; baseline 0.001 -26"><span class='ocrx_word' id='word_1_310' title='bbox 623 3475 812 3554; x_wconf 88' lang='lat' dir='ltr'><strong>prima</strong></span> <span class='ocrx_word' id='word_1_311' title='bbox 859 3493 1181 3555; x_wconf 90' lang='lat' dir='ltr'><strong>numquam</strong></span> <span class='ocrx_word' id='word_1_312' title='bbox 1225 3479 1512 3556; x_wconf 79' lang='lat' dir='ltr'><strong>requiras,</strong></span> <span class='ocrx_word' id='word_1_313' title='bbox 1579 3485 2013 3558; x_wconf 88' lang='lat' dir='ltr'><strong>temptaverunt</strong></span> <span class='ocrx_word' id='word_1_314' title='bbox 2055 3498 2172 3539; x_wconf 91' lang='lat' dir='ltr'><strong>non</strong></span> <span class='ocrx_word' id='word_1_315' title='bbox 2219 3478 2364 3539; x_wconf 89' lang='lat' dir='ltr'><strong>nulli</strong></span> <span class='ocrx_word' id='word_1_316' title='bbox 2409 3480 2685 3559; x_wconf 88' lang='lat' dir='ltr'><strong>quoniam</strong></span> <span class='ocrx_word' id='word_1_317' title='bbox 2731 3479 2914 3558; x_wconf 88' lang='lat' dir='ltr'><strong>possit</strong></span> <span class='ocrx_word' id='word_1_318' title='bbox 2958 3480 3281 3541; x_wconf 76' lang='lat' dir='ltr'><strong>inveniriao</strong></span> 
     </span>
     <span class='ocr_line' id='line_1_33' title="bbox 625 3578 3207 3660; baseline 0.002 -22"><span class='ocrx_word' id='word_1_319' title='bbox 625 3588 684 3638; x_wconf 87' lang='lat' dir='ltr'><strong>et</strong></span> <span class='ocrx_word' id='word_1_320' title='bbox 726 3578 788 3637; x_wconf 90' lang='lat' dir='ltr'><strong>in</strong></span> <span class='ocrx_word' id='word_1_321' title='bbox 833 3579 1023 3657; x_wconf 89' lang='lat' dir='ltr'><strong>prima</strong></span> <span class='ocrx_word' id='word_1_322' title='bbox 1069 3585 1128 3639; x_wconf 91' lang='lat' dir='ltr'><strong>et</strong></span> <span class='ocrx_word' id='word_1_323' title='bbox 1181 3580 1254 3637; x_wconf 81' lang='grc' dir='ltr'><strong>1η</strong></span> <span class='ocrx_word' id='word_1_324' title='bbox 1288 3580 1546 3642; x_wconf 89' lang='lat' dir='ltr'><strong>secunda</strong></span> <span class='ocrx_word' id='word_1_325' title='bbox 1589 3599 1862 3660; x_wconf 91' lang='lat' dir='ltr'><strong>persona.</strong></span> <span class='ocrx_word' id='word_1_326' title='bbox 1954 3580 2163 3641; x_wconf 83' lang='lat' dir='ltr'><strong>salsum</strong></span> <span class='ocrx_word' id='word_1_327' title='bbox 2219 3588 2338 3650; x_wconf 89' lang='lat' dir='ltr'><strong>est;</strong></span> <span class='ocrx_word' id='word_1_328' title='bbox 2394 3582 2457 3641; x_wconf 88' lang='lat' dir='ltr'><strong>in</strong></span> <span class='ocrx_word' id='word_1_329' title='bbox 2512 3580 2773 3642; x_wconf 90' lang='lat' dir='ltr'><strong>secunda</strong></span> <span class='ocrx_word' id='word_1_330' title='bbox 2829 3588 2918 3641; x_wconf 89' lang='lat' dir='ltr'><strong>est</strong></span> <span class='ocrx_word' id='word_1_331' title='bbox 2960 3588 3207 3649; x_wconf 86' lang='lat' dir='ltr'><strong>tantum.</strong></span> 
     </span>
     <span class='ocr_line' id='line_1_34' title="bbox 621 3681 3211 3762; baseline 0.002 -22"><span class='ocrx_word' id='word_1_332' title='bbox 621 3698 740 3740; x_wconf 90' lang='lat' dir='ltr'><strong>non</strong></span> <span class='ocrx_word' id='word_1_333' title='bbox 787 3682 1004 3760; x_wconf 84' lang='lat' dir='ltr'><strong>poterit</strong></span> <span class='ocrx_word' id='word_1_334' title='bbox 1047 3681 1298 3741; x_wconf 84' lang='lat' dir='ltr'><strong>inveniri</strong></span> <span class='ocrx_word' id='word_1_335' title='bbox 1341 3682 1400 3742; x_wconf 91' lang='lat' dir='ltr'><strong>in</strong></span> <span class='ocrx_word' id='word_1_336' title='bbox 1447 3684 1637 3762; x_wconf 89' lang='lat' dir='ltr'><strong>prima</strong></span> <span class='ocrx_word' id='word_1_337' title='bbox 1679 3701 1953 3761; x_wconf 89' lang='lat' dir='ltr'><strong>persona.</strong></span> <span class='ocrx_word' id='word_1_338' title='bbox 2029 3682 2242 3744; x_wconf 90' lang='lat' dir='ltr'><strong>deinde</strong></span> <span class='ocrx_word' id='word_1_339' title='bbox 2285 3685 2524 3762; x_wconf 87' lang='lat' dir='ltr'><strong>require</strong></span> <span class='ocrx_word' id='word_1_340' title='bbox 2570 3685 2811 3744; x_wconf 89' lang='lat' dir='ltr'><strong>exitum.</strong></span> <span class='ocrx_word' id='word_1_341' title='bbox 2888 3684 3085 3745; x_wconf 83' lang='lat' dir='ltr'><strong>exitus</strong></span> <span class='ocrx_word' id='word_1_342' title='bbox 3127 3687 3211 3745; x_wconf 91' lang='lat' dir='ltr'><strong>sic</strong></span> 
     </span>
     <span class='ocr_line' id='line_1_35' title="bbox 621 3784 3210 3865; baseline 0.002 -23"><span class='ocrx_word' id='word_1_343' title='bbox 621 3784 971 3859; x_wconf 87' lang='lat' dir='ltr'><strong>requiritur,</strong></span> <span class='ocrx_word' id='word_1_344' title='bbox 1030 3789 1230 3843; x_wconf 87' lang='lat' dir='ltr'><strong>utrum</strong></span> <span class='ocrx_word' id='word_1_345' title='bbox 1287 3785 1625 3862; x_wconf 83' lang='lat' dir='ltr'><strong>coniugatio</strong></span> <span class='ocrx_word' id='word_1_346' title='bbox 1682 3793 1817 3845; x_wconf 88' lang='lat' dir='ltr'><strong>ante</strong></span> <span class='ocrx_word' id='word_1_347' title='bbox 1860 3784 2087 3846; x_wconf 89' lang='lat' dir='ltr'><strong>litteras</strong></span> <span class='ocrx_word' id='word_1_348' title='bbox 2131 3787 2232 3853; x_wconf 87' lang='lat' dir='ltr'><strong>sit,</strong></span> <span class='ocrx_word' id='word_1_349' title='bbox 2291 3805 2365 3846; x_wconf 89' lang='lat' dir='ltr'><strong>an</strong></span> <span class='ocrx_word' id='word_1_350' title='bbox 2423 3794 2558 3846; x_wconf 88' lang='lat' dir='ltr'><strong>ante</strong></span> <span class='ocrx_word' id='word_1_351' title='bbox 2601 3784 2873 3865; x_wconf 84' lang='lat' dir='ltr'><strong>syllabas.</strong></span> <span class='ocrx_word' id='word_1_352' title='bbox 2964 3804 3102 3846; x_wconf 90' lang='lat' dir='ltr'><strong>nam</strong></span> <span class='ocrx_word' id='word_1_353' title='bbox 3149 3788 3210 3846; x_wconf 91' lang='lat' dir='ltr'><strong>in</strong></span> 
     </span>
     <span class='ocr_line' id='line_1_36' title="bbox 620 3883 3206 3968; baseline 0.001 -23"><span class='ocrx_word' id='word_1_354' title='bbox 620 3886 822 3946; x_wconf 86' lang='lat' dir='ltr'><strong>activis</strong></span> <span class='ocrx_word' id='word_1_355' title='bbox 869 3892 927 3944; x_wconf 86' lang='lat' dir='ltr'><strong>et</strong></span> <span class='ocrx_word' id='word_1_356' title='bbox 970 3886 1031 3945; x_wconf 90' lang='lat' dir='ltr'><strong>in</strong></span> <span class='ocrx_word' id='word_1_357' title='bbox 1077 3883 1443 3947; x_wconf 90' lang='lat' dir='ltr'><strong>neutralibus</strong></span> <span class='ocrx_word' id='word_1_358' title='bbox 1487 3895 1622 3946; x_wconf 90' lang='lat' dir='ltr'><strong>ante</strong></span> <span class='ocrx_word' id='word_1_359' title='bbox 1667 3885 1911 3957; x_wconf 89' lang='lat' dir='ltr'><strong>litteras,</strong></span> <span class='ocrx_word' id='word_1_360' title='bbox 1957 3889 2017 3948; x_wconf 91' lang='lat' dir='ltr'><strong>in</strong></span> <span class='ocrx_word' id='word_1_361' title='bbox 2062 3889 2310 3967; x_wconf 86' lang='lat' dir='ltr'><strong>passivis</strong></span> <span class='ocrx_word' id='word_1_362' title='bbox 2342 3887 2755 3949; x_wconf 88' lang='lat' dir='ltr'><strong>communibus</strong></span> <span class='ocrx_word' id='word_1_363' title='bbox 2800 3896 2859 3947; x_wconf 91' lang='lat' dir='ltr'><strong>et</strong></span> <span class='ocrx_word' id='word_1_364' title='bbox 2902 3887 3206 3968; x_wconf 90' lang='lat' dir='ltr'><strong>deponen-</strong></span> 
     </span>
     <span class='ocr_line' id='line_1_37' title="bbox 619 3985 3278 4069; baseline -0 -22"><span class='ocrx_word' id='word_1_365' title='bbox 619 3987 778 4047; x_wconf 86' lang='lat' dir='ltr'><strong>tibus</strong></span> <span class='ocrx_word' id='word_1_366' title='bbox 834 3994 968 4046; x_wconf 87' lang='lat' dir='ltr'><strong>ante</strong></span> <span class='ocrx_word' id='word_1_367' title='bbox 1023 3985 1289 4065; x_wconf 81' lang='lat' dir='ltr'><strong>syllabas.</strong></span> <span class='ocrx_word' id='word_1_368' title='bbox 1380 4006 1598 4065; x_wconf 86' lang='lat' dir='ltr'><strong>genera</strong></span> <span class='ocrx_word' id='word_1_369' title='bbox 1658 3991 1817 4050; x_wconf 91' lang='lat' dir='ltr'><strong>enim</strong></span> <span class='ocrx_word' id='word_1_370' title='bbox 1861 3987 2174 4049; x_wconf 88' lang='lat' dir='ltr'><strong>verborum</strong></span> <span class='ocrx_word' id='word_1_371' title='bbox 2233 3991 2490 4069; x_wconf 88' lang='lat' dir='ltr'><strong>quinque</strong></span> <span class='ocrx_word' id='word_1_372' title='bbox 2546 3997 2686 4050; x_wconf 89' lang='lat' dir='ltr'><strong>sunt</strong></span> <span class='ocrx_word' id='word_1_373' title='bbox 2734 3997 2960 4051; x_wconf 86' lang='lat' dir='ltr'><strong>tantum</strong></span> <span class='ocrx_word' id='word_1_374' title='bbox 3006 3990 3278 4052; x_wconf 58' lang='lat' dir='ltr'><strong>modost»</strong></span> 
     </span>
     <span class='ocr_line' id='line_1_38' title="bbox 619 4089 3204 4171; baseline 0.002 -22"><span class='ocrx_word' id='word_1_375' title='bbox 619 4089 767 4149; x_wconf 90' lang='lat' dir='ltr'><strong>haec</strong></span> <span class='ocrx_word' id='word_1_376' title='bbox 812 4090 1075 4166; x_wconf 88' lang='lat' dir='ltr'><strong>quinque</strong></span> <span class='ocrx_word' id='word_1_377' title='bbox 1119 4107 1336 4166; x_wconf 87' lang='lat' dir='ltr'><strong>genera</strong></span> <span class='ocrx_word' id='word_1_378' title='bbox 1382 4091 1443 4150; x_wconf 91' lang='lat' dir='ltr'><strong>in</strong></span> <span class='ocrx_word' id='word_1_379' title='bbox 1490 4089 1634 4152; x_wconf 89' lang='lat' dir='ltr'><strong>duas</strong></span> <span class='ocrx_word' id='word_1_380' title='bbox 1678 4090 2039 4170; x_wconf 86' lang='lat' dir='ltr'><strong>colliguntur</strong></span> <span class='ocrx_word' id='word_1_381' title='bbox 2084 4100 2302 4171; x_wconf 89' lang='lat' dir='ltr'><strong>partes.</strong></span> <span class='ocrx_word' id='word_1_382' title='bbox 2365 4110 2497 4152; x_wconf 89' lang='lat' dir='ltr'><strong>nam</strong></span> <span class='ocrx_word' id='word_1_383' title='bbox 2546 4093 2797 4152; x_wconf 85' lang='lat' dir='ltr'><strong>activum</strong></span> <span class='ocrx_word' id='word_1_384' title='bbox 2844 4099 2903 4152; x_wconf 89' lang='lat' dir='ltr'><strong>et</strong></span> <span class='ocrx_word' id='word_1_385' title='bbox 2933 4093 3204 4154; x_wconf 88' lang='lat' dir='ltr'><strong>neutrale</strong></span> 
     </span>
    </p>
   </div>
   <div class='ocr_carea' id='block_1_3' title="bbox 617 4397 3201 4886">
    <p class='ocr_par' dir='ltr' id='par_1_3' title="bbox 619 4397 3201 4675">
     <span class='ocr_line' id='line_1_39' title="bbox 758 4397 3199 4465; baseline 0.001 -19"><span class='ocrx_word' id='word_1_386' title='bbox 758 4399 791 4446; x_wconf 94' lang='grc'><strong><em>2</em></strong></span> <span class='ocrx_word' id='word_1_387' title='bbox 828 4411 942 4446; x_wconf 87' lang='lat' dir='ltr'><strong>cum</strong></span> <span class='ocrx_word' id='word_1_388' title='bbox 986 4412 1108 4463; x_wconf 82' lang='lat' dir='ltr'><strong>ergo</strong></span> <span class='ocrx_word' id='word_1_389' title='bbox 1144 4398 1390 4462; x_wconf 82' lang='lat' dir='ltr'><strong>recipiant</strong></span> <span class='ocrx_word' id='word_1_390' title='bbox 1422 4398 1568 4448; x_wconf 72' lang='lat' dir='ltr'><strong>Ima</strong></span> <span class='ocrx_word' id='word_1_391' title='bbox 1608 4414 1721 4448; x_wconf 84' lang='lat' dir='ltr'><strong>cum</strong></span> <span class='ocrx_word' id='word_1_392' title='bbox 1765 4415 1889 4464; x_wconf 82' lang='lat' dir='ltr'><strong>ergo</strong></span> <span class='ocrx_word' id='word_1_393' title='bbox 1930 4400 2179 4465; x_wconf 86' lang='lat' dir='ltr'><strong>recipiunt</strong></span> <span class='ocrx_word' id='word_1_394' title='bbox 2215 4399 2265 4448; x_wconf 99' lang='lat' dir='ltr'><em>A</em></span> <span class='ocrx_word' id='word_1_395' title='bbox 2404 4398 2438 4450; x_wconf 84' lang='lat'>6</span> <span class='ocrx_word' id='word_1_396' title='bbox 2474 4398 2725 4456; x_wconf 80' lang='lat' dir='ltr'><strong>habebant</strong></span> <span class='ocrx_word' id='word_1_397' title='bbox 2762 4397 2929 4449; x_wconf 83' lang='lat' dir='ltr'><em>ABG</em></span> <span class='ocrx_word' id='word_1_398' title='bbox 3067 4400 3199 4449; x_wconf 79' lang='lat' dir='ltr'><strong>diee-</strong></span> 
     </span>
     <span class='ocr_line' id='line_1_40' title="bbox 619 4467 3197 4533; baseline 0 -16"><span class='ocrx_word' id='word_1_399' title='bbox 619 4469 740 4519; x_wconf 86' lang='lat' dir='ltr'><strong>bant</strong></span> <span class='ocrx_word' id='word_1_400' title='bbox 771 4467 883 4516; x_wconf 88' lang='lat' dir='ltr'><em>AB</em></span> <span class='ocrx_word' id='word_1_401' title='bbox 928 4477 977 4517; x_wconf 87' lang='lat' dir='ltr'><strong>et</strong></span> <span class='ocrx_word' id='word_1_402' title='bbox 1018 4468 1256 4517; x_wconf 87' lang='lat' dir='ltr'><strong>dicebant</strong></span> <span class='ocrx_word' id='word_1_403' title='bbox 1286 4468 1368 4517; x_wconf 83' lang='lat' dir='ltr'><strong>Cb</strong></span> <span class='ocrx_word' id='word_1_404' title='bbox 1510 4470 1643 4517; x_wconf 86' lang='lat' dir='ltr'><strong>unde</strong></span> <span class='ocrx_word' id='word_1_405' title='bbox 1684 4483 1812 4519; x_wconf 84' lang='lat' dir='ltr'><strong>aneo</strong></span> <span class='ocrx_word' id='word_1_406' title='bbox 1850 4470 1934 4520; x_wconf 85' lang='lat' dir='ltr'><em>A:</em></span> <span class='ocrx_word' id='word_1_407' title='bbox 1982 4471 2118 4532; x_wconf 87' lang='lat' dir='ltr'><strong>quod</strong></span> <span class='ocrx_word' id='word_1_408' title='bbox 2160 4470 2393 4519; x_wconf 87' lang='lat' dir='ltr'><strong>dicebant</strong></span> <span class='ocrx_word' id='word_1_409' title='bbox 2443 4470 2635 4533; x_wconf 83' lang='lat' dir='ltr'><strong>antiqui</strong></span> <span class='ocrx_word' id='word_1_410' title='bbox 2681 4469 2829 4530; x_wconf 68' lang='lat' dir='ltr'><strong>quic-0</strong></span> <span class='ocrx_word' id='word_1_411' title='bbox 2874 4478 2924 4517; x_wconf 88' lang='lat' dir='ltr'><strong>et</strong></span> <span class='ocrx_word' id='word_1_412' title='bbox 2961 4483 3114 4518; x_wconf 83' lang='lat' dir='ltr'><strong>seneo</strong></span> <span class='ocrx_word' id='word_1_413' title='bbox 3152 4478 3197 4518; x_wconf 85' lang='lat' dir='ltr'><strong>et</strong></span> 
     </span>
     <span class='ocr_line' id='line_1_41' title="bbox 619 4538 3201 4602; baseline 0 -15"><span class='ocrx_word' id='word_1_414' title='bbox 619 4540 737 4588; x_wconf 89' lang='lat' dir='ltr'><strong>inde</strong></span> <span class='ocrx_word' id='word_1_415' title='bbox 782 4539 991 4600; x_wconf 84' lang='lat' dir='ltr'><strong>quiesco</strong></span> <span class='ocrx_word' id='word_1_416' title='bbox 1027 4553 1236 4587; x_wconf 84' lang='lat' dir='ltr'><strong>senesco</strong></span> <span class='ocrx_word' id='word_1_417' title='bbox 1265 4540 1314 4587; x_wconf 80' lang='lat' dir='ltr'><strong>in</strong></span> <span class='ocrx_word' id='word_1_418' title='bbox 1350 4554 1509 4602; x_wconf 66' lang='lat' dir='ltr'><strong>marg.</strong></span> <span class='ocrx_word' id='word_1_419' title='bbox 1549 4556 1613 4590; x_wconf 85' lang='lat' dir='ltr'><strong>a:</strong></span> <span class='ocrx_word' id='word_1_420' title='bbox 1644 4539 1713 4601; x_wconf 82' lang='lat' dir='ltr'><strong>cf.</strong></span> <span class='ocrx_word' id='word_1_421' title='bbox 1756 4540 1961 4592; x_wconf 80' lang='lat' dir='ltr'><strong>Cledon.</strong></span> <span class='ocrx_word' id='word_1_422' title='bbox 1993 4555 2048 4602; x_wconf 86' lang='lat' dir='ltr'><strong>p,</strong></span> <span class='ocrx_word' id='word_1_423' title='bbox 2086 4540 2213 4591; x_wconf 78' lang='lat'>1911</span> <span class='ocrx_word' id='word_1_424' title='bbox 2384 4540 2414 4587; x_wconf 89' lang='grc'>7</span> <span class='ocrx_word' id='word_1_425' title='bbox 2463 4548 2579 4587; x_wconf 85' lang='lat' dir='ltr'><strong>anet</strong></span> <span class='ocrx_word' id='word_1_426' title='bbox 2622 4538 2705 4588; x_wconf 87' lang='lat' dir='ltr'><strong>ille</strong></span> <span class='ocrx_word' id='word_1_427' title='bbox 2736 4538 2848 4587; x_wconf 88' lang='lat' dir='ltr'><em>AB</em></span> <span class='ocrx_word' id='word_1_428' title='bbox 2895 4549 3014 4588; x_wconf 84' lang='lat' dir='ltr'><strong>anet</strong></span> <span class='ocrx_word' id='word_1_429' title='bbox 3060 4539 3125 4588; x_wconf 80' lang='lat' dir='ltr'><strong>ile</strong></span> <span class='ocrx_word' id='word_1_430' title='bbox 3162 4540 3201 4588; x_wconf 80' lang='lat'><em>0</em></span> 
     </span>
     <span class='ocr_line' id='line_1_42' title="bbox 619 4608 3194 4675; baseline -0.001 -17"><span class='ocrx_word' id='word_1_431' title='bbox 619 4618 736 4658; x_wconf 83' lang='lat' dir='ltr'><strong>anet</strong></span> <span class='ocrx_word' id='word_1_432' title='bbox 773 4608 859 4657; x_wconf 82' lang='lat' dir='ltr'><strong>illa</strong></span> <span class='ocrx_word' id='word_1_433' title='bbox 889 4625 923 4656; x_wconf 82' lang='lat' dir='ltr'><strong>a</strong></span> <span class='ocrx_word' id='word_1_434' title='bbox 1029 4609 1371 4658; x_wconf 84' lang='lat' dir='ltr'><strong>contremiscit</strong></span> <span class='ocrx_word' id='word_1_435' title='bbox 1400 4610 1449 4657; x_wconf 90' lang='lat' dir='ltr'><em>A</em></span> <span class='ocrx_word' id='word_1_436' title='bbox 1558 4609 1622 4659; x_wconf 80' lang='lat'><strong>19</strong></span> <span class='ocrx_word' id='word_1_437' title='bbox 1653 4609 1881 4671; x_wconf 65' lang='lat' dir='ltr'><strong>sortasse</strong></span> <span class='ocrx_word' id='word_1_438' title='bbox 1914 4612 2047 4660; x_wconf 84' lang='lat' dir='ltr'><strong>circa</strong></span> <span class='ocrx_word' id='word_1_439' title='bbox 2080 4610 2234 4658; x_wconf 76' lang='lat' dir='ltr'><strong>verba</strong></span> <span class='ocrx_word' id='word_1_440' title='bbox 2273 4618 2408 4671; x_wconf 84' lang='lat' dir='ltr'><strong>sunt,</strong></span> <span class='ocrx_word' id='word_1_441' title='bbox 2443 4610 2587 4674; x_wconf 80' lang='lat' dir='ltr'><strong>ipsae</strong></span> <span class='ocrx_word' id='word_1_442' title='bbox 2612 4617 2777 4657; x_wconf 84' lang='lat' dir='ltr'><strong>autem</strong></span> <span class='ocrx_word' id='word_1_443' title='bbox 2813 4610 3194 4675; x_wconf 84' lang='lat' dir='ltr'><strong>coniugationes</strong></span> 
     </span>
    </p>

    <p class='ocr_par' dir='ltr' id='par_1_4' title="bbox 617 4676 3192 4886">
     <span class='ocr_line' id='line_1_43' title="bbox 753 4676 3080 4745; baseline 0 -18"><span class='ocrx_word' id='word_1_444' title='bbox 753 4680 822 4727; x_wconf 94' lang='grc'><strong>22</strong></span> <span class='ocrx_word' id='word_1_445' title='bbox 854 4679 1054 4740; x_wconf 85' lang='lat' dir='ltr'><strong>require</strong></span> <span class='ocrx_word' id='word_1_446' title='bbox 1089 4676 1270 4730; x_wconf 78' lang='lat' dir='ltr'><strong>Bca*</strong></span> <span class='ocrx_word' id='word_1_447' title='bbox 1309 4694 1520 4743; x_wconf 87' lang='lat' dir='ltr'><strong>sequere</strong></span> <span class='ocrx_word' id='word_1_448' title='bbox 1554 4681 1602 4728; x_wconf 88' lang='lat' dir='ltr'><em>A</em></span> <span class='ocrx_word' id='word_1_449' title='bbox 1709 4682 1775 4730; x_wconf 78' lang='lat'><strong>25</strong></span> <span class='ocrx_word' id='word_1_450' title='bbox 1813 4679 1967 4729; x_wconf 85' lang='lat' dir='ltr'><strong>debes</strong></span> <span class='ocrx_word' id='word_1_451' title='bbox 2008 4681 2213 4730; x_wconf 82' lang='lat' dir='ltr'><strong>modum</strong></span> <span class='ocrx_word' id='word_1_452' title='bbox 2247 4682 2297 4730; x_wconf 85' lang='lat' dir='ltr'><em>A</em></span> <span class='ocrx_word' id='word_1_453' title='bbox 2333 4681 2489 4729; x_wconf 89' lang='lat' dir='ltr'><strong>debes</strong></span> <span class='ocrx_word' id='word_1_454' title='bbox 2528 4694 2651 4745; x_wconf 84' lang='lat' dir='ltr'><strong>ergo</strong></span> <span class='ocrx_word' id='word_1_455' title='bbox 2690 4678 2892 4728; x_wconf 86' lang='lat' dir='ltr'><strong>modum</strong></span> <span class='ocrx_word' id='word_1_456' title='bbox 2930 4680 3080 4730; x_wconf 81' lang='lat' dir='ltr'><strong>BCa</strong></span> 
     </span>
     <span class='ocr_line' id='line_1_44' title="bbox 617 4747 3192 4814; baseline 0 -18"><span class='ocrx_word' id='word_1_457' title='bbox 617 4748 686 4798; x_wconf 83' lang='lat'><strong>26</strong></span> <span class='ocrx_word' id='word_1_458' title='bbox 723 4747 904 4797; x_wconf 88' lang='lat' dir='ltr'><strong>deinde</strong></span> <span class='ocrx_word' id='word_1_459' title='bbox 933 4763 1204 4814; x_wconf 84' lang='lat' dir='ltr'><strong>personam</strong></span> <span class='ocrx_word' id='word_1_460' title='bbox 1242 4750 1291 4799; x_wconf 87' lang='lat' dir='ltr'><em>A</em></span> <span class='ocrx_word' id='word_1_461' title='bbox 1323 4749 1439 4798; x_wconf 86' lang='lat' dir='ltr'><strong>inde</strong></span> <span class='ocrx_word' id='word_1_462' title='bbox 1476 4764 1744 4813; x_wconf 85' lang='lat' dir='ltr'><strong>personam</strong></span> <span class='ocrx_word' id='word_1_463' title='bbox 1784 4750 1930 4799; x_wconf 83' lang='lat' dir='ltr'><strong>BGa</strong></span> <span class='ocrx_word' id='word_1_464' title='bbox 2034 4751 2204 4800; x_wconf 83' lang='lat' dir='ltr'><strong>exitus</strong></span> <span class='ocrx_word' id='word_1_465' title='bbox 2237 4750 2405 4800; x_wconf 82' lang='lat' dir='ltr'><em>ABG</em></span> <span class='ocrx_word' id='word_1_466' title='bbox 2519 4748 2945 4812; x_wconf 82' lang='lat' dir='ltr'><strong>quemadmodum</strong></span> <span class='ocrx_word' id='word_1_467' title='bbox 2983 4749 3192 4812; x_wconf 75' lang='lat' dir='ltr'><strong>requiris</strong></span> 
     </span>
     <span class='ocr_line' id='line_1_45' title="bbox 619 4818 2820 4886; baseline 0.001 -21"><span class='ocrx_word' id='word_1_468' title='bbox 619 4819 693 4881; x_wconf 91' lang='lat' dir='ltr'><strong>(in</strong></span> <span class='ocrx_word' id='word_1_469' title='bbox 736 4819 854 4868; x_wconf 83' lang='lat' dir='ltr'><strong>add.</strong></span> <span class='ocrx_word' id='word_1_470' title='bbox 903 4818 1012 4883; x_wconf 81' lang='lat' dir='ltr'><strong>cb)</strong></span> <span class='ocrx_word' id='word_1_471' title='bbox 1050 4819 1379 4869; x_wconf 85' lang='lat' dir='ltr'><strong>indicatiuum</strong></span> <span class='ocrx_word' id='word_1_472' title='bbox 1417 4819 1584 4870; x_wconf 87' lang='lat' dir='ltr'><em>ABG</em></span> <span class='ocrx_word' id='word_1_473' title='bbox 1721 4820 1789 4870; x_wconf 80' lang='lat'><strong>29</strong></span> <span class='ocrx_word' id='word_1_474' title='bbox 1822 4821 2078 4870; x_wconf 88' lang='lat' dir='ltr'><strong>inuenitur</strong></span> <span class='ocrx_word' id='word_1_475' title='bbox 2114 4836 2355 4870; x_wconf 87' lang='lat' dir='ltr'><strong>numerus</strong></span> <span class='ocrx_word' id='word_1_476' title='bbox 2394 4821 2445 4867; x_wconf 87' lang='lat' dir='ltr'><strong>in</strong></span> <span class='ocrx_word' id='word_1_477' title='bbox 2484 4820 2733 4886; x_wconf 84' lang='lat' dir='ltr'><strong>singulari</strong></span> <span class='ocrx_word' id='word_1_478' title='bbox 2770 4819 2820 4867; x_wconf 85' lang='lat' dir='ltr'><em>A</em></span> 
     </span>
    </p>
   </div>
  </div>
 </body>
</html>
