3541 5564
1625 387 1766 448 Ans
2861 383 2986 447 393

460 512 498 541 c.
528 501 588 540 10.
618 501 679 538 11.
767 514 774 525 ·
2636 508 2678 548 p.
2708 498 2857 537 16—19
2882 494 2935 534 Β.

410 580 611 659 liphen
656 577 1096 639 barbarismum
1138 577 1367 645 facere,
1425 576 1552 654 qui,
1601 582 1666 634 ut
1709 576 1868 636 dicat
1910 594 2082 636 uvam
2140 595 2401 655 passam,
2462 576 2605 637 dicit
2661 594 2791 636 uam
2851 595 2984 655 pas·

411 700 566 752 sam,
624 689 686 741 et
729 689 795 742 ut
850 680 1003 740 dicat
1056 677 1370 760 inlduruit,
1429 678 1583 757 quod
1631 685 1721 737 est
1767 677 2245 757 tetrasyllabum,
2305 678 2451 738 dicit
2493 678 2783 747 indurvit,
2832 678 2984 757 quod

411 794 497 844 est
539 783 947 863 trisyllabum?

579 886 738 947 Haec
794 887 921 945 scre
979 892 1146 955 sunt,
1206 903 1355 964 quae
1411 885 1472 943 in
1517 884 1643 962 ipsa
1688 882 2016 962 prolatione
2062 887 2126 944 in
2171 882 2605 944 barbarismum
2652 883 2985 943 incurrunt.

362 1008 386 1047 5
413 987 517 1047 sed
563 995 700 1048 sunt
753 996 813 1048 et
869 987 968 1047 alii
1026 987 1214 1056 modi,
1273 1005 1420 1065 quos
1465 986 1701 1066 quidam
1748 993 2172 1065 praeceptores
2215 985 2619 1046 barbarismos
2662 986 2985 1054 nominant,

413 1091 484 1149 tle
531 1090 746 1169 quibus
790 1089 930 1168 quid
977 1090 1318 1159 sentiamus,
1367 1088 1630 1149 breviter
1662 1087 2111 1167 explicabimus,
2176 1107 2242 1148 ac
2276 1089 2529 1167 primum
2573 1087 2717 1147 illud
2764 1087 2987 1155 dicunt,

411 1200 741 1252 structuras
798 1199 1001 1251 contra
1058 1192 1348 1252 rationem
1405 1198 1739 1271 temporum
1801 1193 1986 1252 factas
2040 1190 2395 1251 barbarismi
2449 1191 2587 1250 vitio
2643 1190 2989 1250 censendas

412 1296 569 1374 quod
616 1313 748 1355 cum
795 1294 890 1354 alii
936 1302 1184 1371 negant,
1233 1296 1395 1353 aiunt
1439 1301 1773 1354 structurae
1804 1295 2008 1353 vitium
2052 1296 2111 1353 in
2159 1297 2289 1373 ipso
2334 1293 2503 1353 titulo
2547 1310 2826 1371 peccare,
2875 1311 2991 1354 non

413 1399 474 1456 in
523 1396 880 1457 barbarismi
939 1397 1165 1457 crimen
1223 1415 1352 1456 esse
1409 1397 1825 1475 redigendum.
1916 1415 2023 1456 nos
2066 1396 2209 1476 quid
2254 1399 2607 1465 sentiamuS,
2666 1394 2988 1474 explicabi-

342 1522 389 1559 ιο
416 1517 565 1559 mus.
643 1501 743 1579 qui
789 1505 1146 1559 structuram
1193 1517 1511 1577 congruam
1560 1518 1676 1560 non
1724 1501 1895 1568 l'acit,
1943 1517 2075 1558 cum
2123 1499 2319 1558 facere
2367 1518 2429 1559 se
2477 1504 2837 1558 structuram
2883 1515 2990 1576 pu-

415 1609 528 1671 tat,
578 1604 863 1681 temporis
906 1601 1029 1661 illic
1075 1604 1397 1681 praecipue
1431 1603 1656 1661 ratione
1704 1608 1944 1679 peccat,
1990 1601 2290 1671 interdum
2338 1610 2399 1660 ut
2446 1620 2694 1660 numero
2740 1599 2991 1680 syllaba-

414 1721 545 1762 rum
593 1722 710 1764 non
759 1712 994 1781 peccet,
1041 1702 1341 1763 interdum
1388 1712 1452 1765 ut
1499 1721 1747 1764 numero
1794 1701 2151 1782 syllabarum
2198 1710 2431 1781 peccet,
2489 1703 2668 1783 idque
2719 1702 2992 1763 bifariam

416 1807 557 1866 l’acit
618 1809 733 1874 sic,
794 1813 861 1865 ut
913 1805 1000 1864 vel
1061 1806 1236 1866 addat
1289 1806 1378 1866 vel
1438 1806 1725 1866 detrahat.
1818 1807 1933 1866 iam
1989 1807 2188 1885 utique
2247 1807 2297 1864 si
2356 1805 2519 1865 addit
2576 1815 2675 1866 aut
2734 1804 2995 1865 detrahit

419 1918 682 1985 tempuS,
744 1907 900 1985 quod
958 1927 1071 1967 non
1130 1925 1391 1985 congrua
1445 1910 1673 1968 ratione
1733 1908 2031 1986 prolatum
2088 1914 2179 1967 est
2231 1908 2291 1966 in
2350 1906 2709 1967 barbarismi
2777 1926 2991 1967 nomen

341 2010 641 2069 15i1'issidat
687 2019 930 2069 necesse
977 2019 1086 2070 est.
1176 2029 1359 2071 unum
1417 2010 1488 2070 ad
1543 2010 1695 2071 hanc
1740 2029 1867 2071 rem
1915 2008 2276 2090 probandam
2326 2009 2512 2069 (luove
2559 2010 2827 2089 exempla
2873 2012 2993 2070 sus-

417 2113 639 2172 ficiunt.
730 2111 856 2171 vult
899 2119 1132 2173 struere
1180 2114 1392 2192 aliquis
1435 2132 1507 2173 ex
1555 2112 1834 2175 trochaeo
1879 2121 1939 2171 et
1984 2111 2268 2181 molosso,
2318 2121 2382 2171 ut
2429 2114 2477 2171 si
2525 2112 2684 2172 dicat
2728 2112 2992 2191 ‘copiam

417 2233 547 2274 esse
595 2213 903 2274 doctorum
921 2218 960 2285 ⁹,
1010 2222 1370 2275 structuram
1417 2217 1699 2295 optimam
1745 2217 1908 2276 facit.
1976 2215 2186 2294 quodsi
2232 2214 2388 2274 dicat
2434 2214 2587 2274 hanc
2633 2222 2992 2275 structuram

417 2335 478 2374 se
535 2317 733 2376 facere
791 2318 1137 2378 existimans
1183 2320 1448 2397 ‘copiam
1505 2338 1632 2379 esse
1690 2316 1959 2378 ciborum
1979 2321 2016 2387 ',
2066 2315 2499 2377 barbarismum
2546 2319 2788 2376 fecerit:
2856 2315 2994 2377 sub-

418 2418 597 2479 trahit
642 2420 802 2478 enim
850 2428 1083 2498 tempus
1127 2420 1199 2480 de
1247 2420 1499 2480 molosso
1544 2423 1604 2480 in
1652 2423 1844 2500 prima
1891 2418 2111 2499 syllaba
2159 2427 2236 2488 et,
2285 2419 2425 2479 dum
2471 2426 2802 2480 structurae
2851 2420 2997 2479 velit

338 2522 788 2591 sosatissacere,
847 2522 1121 2601 producit
1173 2525 1429 2602 primam
1486 2521 1800 2601 syllabam,
1860 2529 1925 2581 ut
1968 2521 2125 2580 ‹lic-at
2169 2521 2466 2590 ciborum,
2515 2540 2647 2581 cum
2697 2524 2749 2581 ci
2799 2520 2997 2581 brevis

415 2627 511 2684 sit.
601 2624 931 2685 adiectione
979 2643 1119 2702 ergo
1165 2621 1468 2703 tempolris
1514 2626 1577 2683 in
1620 2624 2061 2704 pronuntiando
2116 2624 2262 2683 facit
2306 2623 2763 2684 barbarismum.
2853 2625 2994 2684 item

416 2747 447 2786 e
505 2729 807 2788 contrario
861 2734 1029 2806 putat
1084 2745 1146 2788 sc
1205 2728 1407 2788 nescio
1463 2729 1597 2806 quis
1653 2729 1851 2788 facere
1907 2733 2270 2787 structuram
2318 2746 2389 2787 ex
2435 2726 2714 2787 trochaeo
2760 2734 2819 2787 et
2861 2728 2996 2788 ione

417 2830 819 2908 apelassonoS,
868 2830 1059 2908 qualis
1104 2837 1401 2890 structura
1448 2848 1578 2891 esse
1609 2829 1845 2889 videtur
1887 2830 1974 2890 illi
2019 2832 2183 2888 ‘esse
2230 2828 2641 2890 merebatur’:
2690 2830 2788 2890 hic
2834 2830 2998 2890 addit

419 2932 709 2991 secundae
766 2931 1023 3011 syllabae
1083 2934 1429 3011 posterioris
1484 2932 1654 2992 verbi
1713 2940 1946 3011 tempus
1990 2951 2174 2991 unum
2221 2939 2280 2991 et
2325 2950 2456 2992 eam
2498 2950 2610 3010 pro
2655 2931 2822 2992 brevi
2870 2933 2994 2992 lon-

345 3055 396 3093 25
423 3051 556 3109 gam
601 3034 827 3111 posuit,
875 3052 1050 3114 quam
1097 3037 1158 3094 in
1208 3037 1690 3113 pronuntiatione
1724 3035 1796 3095 ad
1828 3034 2279 3095 similitudinem
2325 3034 2486 3094 illius
2519 3052 2691 3094 verae
2738 3041 2995 3094 structu·

419 3154 520 3195 rae
566 3134 844 3212 redigens
888 3138 1208 3215 corripuit,
1268 3147 1326 3196 et
1376 3138 1521 3198 facit
1575 3137 1844 3206 fraudem
1903 3138 2162 3196 sermoni
2219 3155 2329 3215 per
2374 3136 2800 3196 detractionem
2845 3144 2993 3197 tem-

419 3238 609 3317 poris,
657 3244 832 3317 atque
878 3238 1014 3298 ideo
1058 3237 1469 3299 barbarismus
1513 3246 1623 3300 est.
1700 3239 1792 3299 vel
1836 3239 2029 3318 qualis
2084 3245 2175 3299 est
2219 3236 2469 3297 ‘verres
2512 3257 2783 3300 nummos
2829 3258 2993 3300 acce-

419 3341 642 3418 perat’,
691 3358 827 3399 cum
871 3341 1088 3420 optima
1134 3349 1319 3411 esset,
1378 3343 1429 3401 si
1475 3344 1775 3420 posuisset
1819 3360 1892 3401 ex
1936 3340 2215 3401 trochaeo
2260 3347 2319 3400 et
2362 3342 2498 3401 ione
2544 3343 2767 3402 maiore
2813 3342 2991 3401 ‘Ver-

417 3461 516 3503 res
568 3461 841 3502 nummos
895 3448 1267 3522 acceperat'.
1358 3442 1461 3503 sed
1519 3444 1590 3503 de
1646 3443 1758 3504 hoc
1814 3462 2034 3521 genere
2091 3442 2328 3503 vitando
2395 3444 2633 3521 longum
2693 3451 2785 3504 est
2839 3463 2995 3505 nunc

343 3567 393 3607 so
420 3546 750 3624 disputare,
808 3563 941 3604 cum
998 3548 1074 3605 sit
1134 3546 1279 3605 mihi
1336 3546 1665 3606 destinatus
1717 3548 1997 3625 proprius
2055 3545 2258 3606 titulus
2303 3544 2374 3604 de
2422 3553 2856 3607 structurarum
2901 3565 2993 3606 ra-

419 3650 609 3716 tione,
657 3646 762 3707 ubi
817 3666 953 3707 cum
1007 3648 1181 3727 plene
1228 3651 1493 3709 exsecuti
1538 3650 1863 3723 fuerimuS‚
1921 3647 2138 3728 quibus
2184 3646 2372 3708 modis
2419 3646 2610 3708 bonae
2657 3656 2993 3710 structurae

419 3753 587 3822 liant,
646 3756 706 3809 et
760 3748 980 3829 quibus
1034 3749 1228 3810 modis
1282 3751 1553 3821 vitiosae,
1613 3751 1821 3812 eodem
1879 3753 2008 3831 ipso
2066 3750 2240 3810 titulo
2297 3750 2499 3810 doceri
2554 3757 2837 3829 poterunt
2891 3754 2993 3830 qui

416 3853 528 3913 hoc
583 3869 771 3928 genus
825 3851 1184 3913 barbarismi
1241 3855 1429 3914 vitare
1474 3852 1797 3923 voluerint,
1856 3871 1971 3932 qua
2017 3855 2244 3912 ratione
2292 3860 2487 3914 rectas
2531 3860 2857 3915 structuras
2901 3873 2993 3913 sc-

417 3955 653 4035 quendo
710 3955 859 4015 nihil
918 3955 980 4014 in
1037 3955 1410 4034 temporibus
1465 3955 1820 4016 barbarismi
1875 3962 2117 4034 ponant.
2176 3948 2188 4035 Ι
2251 3955 2510 4015 secundo
2565 3954 2709 4016 illud
2768 3956 2991 4024 dicunt,

337 4080 387 4118 ³5
419 4058 796 4137 mytacismos
842 4065 902 4117 et
944 4055 1342 4118 labdacismos
1385 4066 1445 4118 et
1489 4061 1831 4119 iotacismos
1862 4057 1932 4117 ad
1971 4056 2328 4118 barbarismi
2375 4059 2634 4136 speciem
2666 4060 2992 4136 pertinere.

417 4159 528 4219 hoc
583 4179 722 4239 ego,
782 4159 939 4239 quod
995 4159 1065 4220 ad
1124 4167 1317 4221 certas
1372 4160 1603 4221 litteras
1656 4161 1835 4222 huius
1893 4159 2051 4219 modi
2106 4162 2310 4220 vitium
2366 4160 2618 4220 reddere
2664 4159 2992 4229 voluerunt,

418 4282 534 4324 non
580 4265 725 4323 satis
780 4260 992 4341 probo.
1081 4280 1219 4323 nam
1274 4270 1411 4322 sunt
1466 4271 1525 4323 et
1582 4263 1730 4324 aliae
1789 4261 2076 4341 quaedam
2124 4260 2387 4330 litterae,
2436 4280 2585 4340 quae
2631 4280 2740 4340 pro
2784 4269 2993 4322 natura

559 4469 585 4519 1
625 4465 796 4533 uvam]
836 4484 886 4526 u,
920 4482 972 4529 u,
1010 4481 1091 4515 am
1128 4464 1195 4515 M
1327 4462 1464 4530 uam]
1512 4479 1662 4513 uuam
1697 4462 1761 4514 M
1894 4463 1927 4514 3
1978 4471 2055 4514 est
2078 4480 2171 4516 om.
2212 4462 2276 4513 M
2406 4465 2440 4513 4
2478 4466 2530 4514 in
2563 4468 2849 4530 posteriore
2885 4463 2995 4516 l‘oco

417 4553 508 4589 om.
545 4537 609 4586 M
747 4537 781 4588 8
819 4551 1030 4602 peccare
1068 4551 1182 4586 cum
1219 4550 1318 4584 nou
1357 4534 1420 4582 M
1428 4548 1712 4600 .·,peccare,
1749 4548 1865 4583 cum
1901 4549 2000 4585 uon
2037 4534 2087 4582 in
2128 4534 2427 4584 barbarismi
2462 4536 2651 4594 crimen
2694 4545 2830 4585 esset
2864 4536 2994 4585 redi·

420 4607 645 4672 gendum
682 4607 839 4657 edidit
871 4606 1202 4658 Buttmannua
1316 4604 1382 4656 13
1424 4600 1520 4669 sic]
1562 4604 1660 4653 sibi
1697 4603 1763 4655 M
1879 4604 1942 4656 15
1982 4603 2170 4653 incidat
2193 4604 2461 4654 Cramer-us
2496 4604 2695 4655 incedat
2729 4605 2793 4654 M
2932 4606 2995 4656 18

420 4676 595 4726 fecerit
641 4676 961 4728 Heinriclaeius
1005 4677 1145 4741 apud
1185 4676 1533 4726 Buttmannum
1579 4673 1766 4723 fecerat
1804 4673 1868 4722 M
2006 4672 2072 4724 19
2119 4674 2241 4724 dum
2277 4683 2530 4725 structura
2566 4675 2633 4724 M
2765 4675 2835 4724 22
2882 4676 2993 4725 ione

420 4746 752 4812 appellaaono
787 4746 852 4796 M
987 4746 1056 4798 23
1093 4743 1186 4813 illi]
1231 4745 1350 4796 dicit
1378 4745 1463 4795 ille
1498 4744 1560 4793 M
1698 4743 1766 4794 26
1803 4745 2052 4794 sermonis
2090 4744 2156 4793 M
2290 4747 2355 4794 27
2387 4746 2639 4811 acciperet
2674 4749 2852 4810 priore
2887 4748 2994 4797 loco

422 4817 708 4867 &amera-³.
737 4818 963 4880 sor-lacae
989 4818 1176 4866 Verres
1223 4830 1458 4866 nummos
1511 4823 1774 4879 acceperat
1811 4823 1860 4865 et
1883 4823 2063 4879 postea
2099 4829 2332 4865 nummos
2375 4815 2561 4867 Verres
2597 4823 2859 4881 acceperat

418 4885 488 4937 28
516 4887 707 4953 optima
744 4897 819 4937 est
842 4888 908 4937 M
1003 4887 1068 4939 34
1094 4896 1284 4953 ponent
1310 4884 1376 4934 M
1463 4884 1532 4936 35
1556 4884 1908 4935 moetaciamos
1943 4896 1993 4935 et
2015 4886 2366 4936 lautaacismos
2391 4886 2454 4936 M
2524 4884 2591 4935 36
2616 4886 2793 4936 vitium
2817 4901 2906 4938 om.
2934 4885 2996 4934 M

522 4977 871 5020 unanimum
900 4977 1079 5020 ιΑΤιΝι
1107 4977 1163 5018 v.
2506 4968 2590 5032 26
