3541 5564
611 331 736 394 568
1473 336 1569 397 DE
1616 336 1862 398 DVBIIS
1906 337 2319 400 NOMINIBVS

779 516 1009 603 Itaque
1067 539 1213 581 cum
1268 528 1400 582 tres
1460 519 1592 584 sint
1647 521 1905 585 codices
1951 544 2145 584 manu
2191 521 2453 606 scripti,
2502 542 2722 585 omnes
2765 521 2860 583 ita
2905 520 3075 583 inter
3118 542 3188 583 se

609 619 1051 697 consentiunt,
1113 629 1184 683 ut
1239 644 1321 685 ex
1374 642 1500 684 uno
1547 622 1725 686 fonte
1772 622 2002 686 ductos
2049 645 2191 686 esse
2237 622 2573 708 adpareat.
2661 644 2813 686 nam
2860 643 2942 684 ne
2984 643 3188 685 unum

608 719 712 786 vel
758 721 1030 784 alterum
1075 721 1306 785 horum
1349 723 1638 808 ipsorum
1668 726 1782 809 qui
1813 726 2059 788 servati
2090 735 2240 788 sunt
2284 747 2319 787 e
2364 725 2553 788 tertio
2600 723 2999 810 descriptum
3045 745 3187 786 esse

609 833 939 908 putemus,
986 826 1268 888 maxime
1313 824 1605 890 defectus
1662 825 1930 910 quidam
1987 825 2303 891 librorum
2349 824 2627 889 diversis
2673 824 2835 890 locis
2880 824 3072 888 modo
3118 824 3186 886 in

608 925 728 989 hoc
772 926 961 989 modo
1006 927 1074 989 in
1119 924 1227 989 illo
1273 927 1526 990 inventi
1572 927 1859 992 obstant.
1931 950 2082 991 nam
2127 929 2193 990 in
2238 927 2731 992 vindobonensi
2776 926 3000 990 codiee
3045 927 3184 989 solo

606 1026 885 1091 omissae
942 1036 1094 1090 sunt
1151 1027 1639 1093 observationes
1698 1028 1779 1092 de
1836 1054 1898 1093 v.
1951 1041 2197 1109 pratum
2252 1053 2317 1115 p.
2363 1030 2445 1093 95
2489 1029 2586 1109 H,
2642 1035 2916 1109 supellex
2969 1051 3030 1114 p.
3080 1029 3183 1107 98,

605 1142 815 1193 vertex
868 1153 932 1215 p.
983 1129 1136 1212 1023
1193 1130 1260 1193 i‘u
1314 1129 1694 1195 Monacensi
1750 1153 1905 1195 vero
1964 1130 2284 1217 quaedam
2343 1130 2589 1195 lacunis
2646 1140 2954 1217 corrupta
3007 1141 3181 1210 sunt,

604 1254 769 1316 quae
813 1230 917 1295 vel
963 1232 1416 1296 Laudunensis
1462 1234 1714 1316 integra
1758 1233 2076 1314 servavit,
2125 1244 2196 1297 ut
2238 1233 2306 1295 in
2349 1256 2411 1296 v.
2442 1240 2632 1296 crinis
2662 1244 2726 1297 et
2754 1239 2946 1309 callis,
2994 1238 3187 1295 culter

603 1343 668 1396 et
711 1339 925 1410 cardo,
974 1332 1078 1397 vel
1123 1333 1673 1415 VindobonensiS,
1719 1345 1794 1398 ut
1836 1335 1901 1397 in
1947 1356 2010 1396 v.
2057 1342 2229 1414 oriqo
2274 1345 2338 1398 et
2380 1335 2530 1398 ordo
2574 1358 2636 1420 p.
2684 1336 2787 1414 91,
2832 1340 3076 1414 scalper
3118 1344 3187 1397 et

599 1440 827 1499 suboles
870 1458 934 1521 p.
986 1436 1123 1498 101.
1193 1458 1394 1522 quare
1450 1458 1633 1499 suam
1692 1437 1965 1522 quisque
2021 1438 2473 1500 auctoritatem
2520 1435 2604 1499 ad
2648 1438 3034 1522 scripturam
3083 1459 3181 1499 ar-

601 1538 863 1623 chetypi
908 1538 1415 1623 recuperandam
1459 1537 1685 1619 habet3
1755 1538 1868 1602 sed
1924 1538 2083 1602 illud
2138 1540 2350 1624 ipsum
2407 1537 2703 1626 plurimis
2760 1549 2825 1601 et
2868 1538 3183 1622 gravissi-

601 1639 722 1701 mis
769 1639 948 1703 vitiis
1004 1649 1380 1724 corruptum
1441 1641 1646 1704 fuisse
1691 1640 2106 1704 consentiens
2151 1642 2346 1704 trium
2393 1641 2691 1704 codicum
2739 1639 3182 1704 testimonium

600 1740 906 1804 ostendit.
995 1763 1121 1827 quo
1176 1741 1424 1805 factum
1480 1752 1580 1805 est
1632 1751 1708 1805 ut
1762 1741 2019 1806 duobus
2066 1742 2404 1807 codicibus
2451 1752 2597 1827 post
2643 1743 2999 1828 principem
3046 1742 3180 1804 edi-

598 1843 841 1906 tionem
886 1843 1168 1907 inventis
1214 1853 1473 1928 praeter
1515 1845 1852 1907 restitutas
1900 1844 1966 1906 in
2021 1843 2206 1907 initio
2264 1842 2414 1908 libri
2458 1843 2947 1909 observationes
2991 1866 3182 1907 sexa-

594 1945 779 2028 ginta
831 1965 1097 2024 novem,
1155 1967 1321 2032 quae
1378 1945 1442 2009 in
1497 1944 1610 2008 illa
1666 1945 1945 2009 omissae
1990 1954 2204 2026 erant,
2253 1968 2380 2009 non
2425 1944 2696 2009 multum
2744 1946 2830 2009 ad
2874 1945 3179 2009 emenda-

596 2047 836 2111 tionem
881 2045 1168 2133 reliquae
1211 2049 1419 2132 partis
1465 2047 1872 2111 conferretur
1913 2057 1977 2111 et
2005 2069 2177 2111 nunc
2206 2046 2485 2133 plurima
2516 2046 2637 2127 sic,
2685 2057 2756 2111 ut
2801 2045 2952 2112 olim
2999 2047 3183 2112 edita

597 2160 802 2229 erant,
849 2158 1313 2235 repeterentur.
1388 2171 1537 2213 nam
1581 2151 1743 2214 vitia
1788 2172 2044 2235 quoque
2090 2151 2472 2235 scripturae,
2519 2172 2684 2235 quae
2729 2148 2989 2235 quidem
3036 2173 3180 2214 cor-

595 2253 718 2335 rigi
778 2261 1108 2336 poterant,
1166 2252 1470 2337 quoniam
1527 2250 1732 2316 multa
1785 2274 1952 2337 quae
2008 2275 2210 2338 prave
2266 2253 2512 2336 scripta
2567 2260 2718 2315 sunt
2772 2274 2907 2315 non
2973 2253 3181 2315 errori

593 2353 1007 2418 librariorum
1055 2353 1168 2417 sed
1215 2352 1663 2438 neglegentiae
1718 2355 2056 2438 scriptoris
2102 2353 2453 2417 tribuenda
2496 2376 2638 2418 esse
2683 2353 2983 2439 adparet,
3042 2376 3178 2417 ma-

591 2457 835 2520 ximam
880 2464 1128 2542 partem
1187 2464 1560 2519 correxerat
1603 2455 1967 2540 HauptiuS,
2023 2454 2324 2541 idemque
2381 2455 2843 2520 molestissimo
2889 2458 3176 2539 negotiO,

592 2582 629 2620 a
686 2579 812 2644 quo
866 2579 1108 2641 magna
1161 2579 1315 2642 pars
1372 2557 1843 2622 emendationis
1902 2558 1970 2620 in
2026 2556 2147 2621 hoc
2204 2556 2371 2621 libro
2429 2556 2702 2643 pendet,
2758 2567 2830 2621 ut
2874 2559 3178 2644 exempla

590 2660 977 2745 scriptorum
1032 2680 1071 2721 a
1124 2660 1548 2742 grammatico
1605 2659 1809 2722 citata
1865 2658 2039 2743 apud
2096 2657 2238 2722 illos
2295 2669 2763 2746 quaererentur
2818 2668 2883 2722 et
2924 2659 3176 2724 indica-

590 2772 845 2846 rentur,
903 2760 1284 2847 perfunctus
1333 2770 1501 2825 erat.
1592 2784 1801 2848 pauca
1856 2760 2133 2825 duorum
2192 2761 2514 2826 editorum
2570 2761 2679 2848 qui
2748 2785 2894 2825 eum
2963 2765 3176 2827 secuti

588 2875 741 2929 sunt
785 2886 985 2950 opera
1028 2863 1373 2950 praestitit.
1441 2864 1828 2949 scripturam
1859 2874 2075 2927 autem
2118 2864 2312 2928 trium
2358 2864 2681 2944 codicum,
2729 2865 2964 2950 quibus
3010 2888 3174 2928 usus

588 2990 769 3048 sum,
836 2968 1156 3049 integram
1222 2964 1512 3029 exhibui.
1604 2966 1671 3028 in
1735 2987 1860 3051 quo
1928 2965 2008 3028 de
2064 2965 2560 3030 Vindobonensi
2627 2977 2692 3030 et
2746 2966 3172 3031 Laudunensi

586 3069 990 3153 superiorum
1035 3068 1354 3131 editorum
1410 3065 1603 3130 fidem
1660 3078 1919 3131 secutus
1976 3089 2148 3149 sum,
2194 3067 2654 3132 Monacensem
2698 3069 2841 3155 ipse
2884 3072 3167 3134 excussi.

584 3179 867 3235 ceterum
932 3170 1000 3232 in
1061 3168 1432 3233 indicandis
1497 3171 1579 3233 iis
1646 3190 1814 3255 quae
1871 3191 1905 3232 e
1959 3169 2147 3233 libris
2213 3171 2602 3256 scriptorum
2664 3170 3169 3235 christianorum

583 3273 787 3336 citata
844 3281 994 3335 sunt
1051 3272 1400 3335 editionem
1448 3270 1818 3350 Grallandii,
1879 3294 2009 3357 qua
2062 3272 2201 3335 sola
2245 3274 2309 3335 in
2356 3271 2651 3358 plurimis
2708 3273 2806 3336 uti
2849 3283 3168 3358 poteram,

585 3384 847 3437 secutus
893 3396 1056 3438 sum.
1145 3396 1310 3459 quae
1363 3395 1467 3437 res
1525 3372 1741 3436 effecit
1795 3383 1868 3437 ut
1923 3375 2175 3436 numeri
2231 3372 2384 3436 olim
2443 3396 2526 3437 ex
2571 3372 2715 3437 aliis
2763 3374 3166 3438 editionibus

585 3475 899 3561 adscripti
945 3476 1205 3561 saepius
1236 3475 1530 3539 mutandi
1577 3485 1814 3539 essent.
1876 3475 1955 3538 dc
1999 3498 2129 3538 non
2156 3475 2350 3539 nullis
2397 3484 2612 3539 autem
2658 3473 2841 3558 lociS,
2889 3477 2999 3561 qui
3044 3500 3167 3541 nec

584 3600 624 3640 a
668 3577 995 3665 prioribus
1044 3577 1323 3641 inveniri
1379 3599 1498 3641 nec
1544 3600 1583 3640 a
1639 3600 1739 3640 me
1796 3579 1928 3640 suis
1988 3577 2362 3659 auctoribus
2409 3575 2746 3661 adsignari
2789 3589 3165 3663 potuerunt,

581 3681 946 3743 accuratius
995 3679 1434 3764 quaerendum
1481 3701 1622 3742 esse
1666 3701 1795 3743 non
1840 3678 2237 3743 existimavi.

749 3782 853 3846 De
909 3792 1289 3866 argumento
1333 3781 1484 3844 libri
1528 3802 1919 3867 quamquam
1972 3781 2239 3845 uberius
2297 3780 2628 3865 disputare
2671 3780 2828 3844 mihi
2871 3783 3169 3867 proposi—

583 4000 642 4006 —-
678 3974 841 4022 multis
865 3981 916 4022 et
939 3975 1096 4021 claris
1118 3971 1452 4036 scriptoribus
1479 3978 1702 4020 tractata
1728 3972 2002 4021 dilatatur:
2042 3974 2301 4036 excerpta
2336 3970 2402 4018 de
2441 3970 2844 4035 orthographia.
2882 3969 2899 4035 Η
2937 3972 2973 4021 f.
2996 3971 3166 4022 :3-5*

577 4057 818 4121 epistula
844 4056 1109 4107 Coronati
1146 4056 1215 4105 ad
1242 4056 1556 4118 Luxorium‚
1597 4055 1663 4103 de
1702 4056 1898 4119 magis,
1938 4056 2004 4105 de
2041 4056 2309 4114 trinitate,
2345 4055 2809 4121 interrogationes
2846 4060 2902 4105 et
2937 4071 3164 4121 respon·

577 4142 760 4191 siones
794 4142 1009 4205 variae,
1059 4146 1375 4206 excerptum
1412 4141 1751 4203 Hieronymi.
1788 4139 1806 4204 ΙΙ
1843 4140 1880 4188 f.
1918 4136 2164 4189 5*-173
2209 4141 2386 4203 incipit
2418 4143 2661 4204 prologus
2695 4141 2775 4190 llic
2806 4144 3050 4205 prologus
3086 4144 3164 4191 in-

577 4228 717 4276 dicat
751 4227 928 4291 quibus
959 4229 1118 4291 ylosis
1154 4253 1219 4260 —
1256 4228 1522 4275 aduersum
1557 4242 1645 4274 me.
1687 4226 1898 4289 explicit
1929 4227 2190 4288 proloyus.
2229 4226 2474 4288 incipiunt
2506 4228 2679 4289 ylosae
2714 4226 2910 4290 affatae
2947 4233 2997 4275 et
3031 4230 3163 4276 reli-

577 4328 706 4377 quae
744 4317 851 4362 etc.
922 4312 1132 4361 Abauus
1168 4336 1229 4344 —
1266 4313 1448 4361 lolium.
1510 4312 1790 4374 expliciunt
1821 4312 1997 4372 gylosae
2034 4312 2128 4359 deo
2161 4311 2362 4373 gratias
2396 4326 2569 4359 amen:
2606 4311 2824 4375 glossae
2863 4327 2930 4359 ex
2966 4316 3161 4361 vetere

578 4401 633 4446 et
666 4412 807 4446 novo
844 4400 1195 4446 testamento.
1231 4393 1247 4460 ΙΙ
1285 4396 1323 4449 f.
1353 4392 1698 4445 173‘—174*
1741 4397 1804 4445 de
1851 4396 2111 4445 duodecim
2146 4395 2481 4458 scriptoribus
2518 4396 2835 4459 Hieronymi.
2898 4396 2988 4446 llis
3024 4414 3165 4446 nnnc

576 4507 640 4517 -
676 4482 914 4531 hominem
955 4488 1088 4533 sunt.
1136 4482 1267 4543 finit.
1313 4478 1330 4545 Η
1375 4495 1482 4530 uno
1532 4480 1665 4529 folio
1701 4495 1879 4530 vacuo
1925 4479 2120 4530 relicto
2165 4480 2204 4528 f.
2243 4478 2557 4530 176—184*
2601 4482 2846 4544 incipiunt
2878 4496 3163 4547 synonyma

576 4566 850 4616 Ciceronis.
929 4566 1138 4616 Ileturio
1183 4582 1274 4614 sno
1323 4591 1385 4599 ——
1431 4568 1661 4615 sustinet.
1734 4568 1947 4630 explicit
1998 4568 2259 4627 synonima
2311 4568 2439 4615 artis
2483 4567 2771 4614 rethoricae
2815 4567 2910 4615 deo
2954 4568 3162 4628 pretias

575 4667 733 4700 emen.
768 4647 787 4716 ΙΙ
823 4651 863 4703 f.
901 4641 1178 4700 18'5—191
1224 4652 1401 4714 incipit
1445 4652 1608 4701 dubiis
1638 4653 1717 4700 'de
1763 4650 2037 4701 nominibus
2078 4677 2141 4685 —
2177 4658 2352 4700 atrox.
2396 4647 2415 4716 Η
2449 4652 2488 4700 f.
2527 4648 2842 4700 191—197*
2876 4652 3057 4714 incipit
3091 4654 3161 4701 de

573 4738 930 4800 propriaetate
964 4751 1244 4786 semitonum
1277 4739 1360 4785 uel
1391 4752 1578 4785 rerum.
1650 4736 1801 4785 Inter
1843 4743 2018 4785 metum
2063 4744 2113 4785 et
2158 4738 2379 4786 timorem
2413 4763 2479 4770 —
2513 4738 2869 4787 commentaria
2903 4738 3161 4786 uolumina

577 4822 826 4869 dicuntur.
890 4822 986 4869 deo
1022 4822 1219 4884 qratia-s
1255 4822 1391 4884 qnod
1420 4823 1740 4884 perficiamus
1776 4836 1903 4884 opus
1939 4828 2158 4870 nostrum
2195 4838 2365 4875 (tmen.-
2401 4822 2466 4872 ‹le
2503 4821 2844 4872 differentiis.
