3541 5564
1554 372 1694 433 ARS
2703 443 2708 447 .
2784 368 2903 432 531

330 562 454 626 hac
510 582 664 625 vero
717 568 857 623 arte
913 558 1126 623 aliena
1179 565 1328 621 sunt
1385 555 1617 621 omnia.
1706 579 1914 643 neque
1965 556 2103 622 ulla
2158 557 2298 622 eius
2355 555 2673 622 memoria
2726 566 2910 622 extat

332 673 594 751 praeter
635 661 894 728 codices
939 669 1213 746 excepto
1257 682 1385 725 uno
1418 658 1876 746 Neapolitano,
1908 682 2099 746 quem
2131 661 2200 724 in
2230 660 2651 725 adnotatione
2690 683 2753 747 p.
2784 661 2907 725 527

330 766 648 848 indicavi,
694 764 816 830 sub
863 763 1054 827 finem
1101 761 1306 848 quinti
1353 760 1588 826 decimi
1633 761 1879 827 saeculi
1926 764 2221 848 scriptos
2297 763 2553 827 etiamsi
2598 764 2801 847 igitur
2845 772 2911 827 et

330 868 468 956 ipse
534 866 702 932 liber
765 875 831 931 et
894 887 1133 931 nomen
1189 865 1474 929 auctoris
1530 864 1634 928 cui
1687 864 2081 930 adscribitur
2137 863 2467 951 aliquanto
2523 864 2909 950 antiquioris

331 969 567 1036 aetatis
612 968 806 1033 fidem
860 966 1132 1047 habeat,
1190 987 1382 1052 quam
1429 963 1838 1031 Palaemonis
1881 989 2022 1048 arS,
2081 989 2245 1053 quae
2300 990 2432 1031 una
2475 989 2622 1032 cum
2667 965 2780 1031 illo
2826 965 2910 1030 ab

335 1071 538 1136 Italis*
565 1081 630 1135 et
674 1070 919 1155 scripta
962 1077 1028 1133 et
1072 1066 1248 1132 edita
1292 1076 1422 1152 est,
1477 1078 1698 1132 tamen
1751 1092 1833 1132 ne
1887 1068 2039 1133 huic
2083 1068 2346 1154 quidem
2392 1068 2556 1134 libro
2601 1070 2910 1133 maiorem

334 1174 786 1238 auctoritatem
830 1170 1069 1235 tribuo·
1129 1180 1264 1236 tam
1311 1168 1514 1235 multa
1558 1171 1729 1234 enim
1776 1180 1841 1236 ct
1884 1171 1950 1234 in
1996 1170 2482 1237 definitionibus
2529 1181 2594 1236 et
2636 1172 2701 1235 in
2747 1169 2910 1234 divi-

337 1274 632 1340 sionibus
690 1275 974 1360 partium
1030 1271 1340 1337 orationis
1399 1282 1464 1338 et
1506 1273 1576 1337 in
1618 1274 1837 1338 verbis
1883 1272 2118 1360 quibus
2165 1283 2515 1360 praecepta
2558 1273 2719 1337 artis
2765 1271 2913 1336 effe·

336 1388 568 1442 runtur
621 1384 686 1440 et
739 1375 810 1438 in
864 1396 1100 1458 genere
1155 1374 1478 1439 tractandi
1531 1397 1572 1439 a
1627 1397 1806 1440 more
1875 1376 2286 1462 antiquorum
2344 1376 2916 1460 grammaticorum

337 1477 762 1559 dissentiunt,
809 1486 884 1542 ut
928 1476 1206 1542 recentis
1253 1478 1469 1562 potius
1515 1499 1711 1564 quam
1764 1478 2007 1543 veteris
2062 1477 2396 1564 scriptoris
2456 1498 2715 1540 manum
2769 1497 2917 1561 pro-

338 1582 515 1646 dant.
605 1578 783 1666 quod
848 1600 1238 1665 quamquam
1304 1579 1718 1644 manifestum
1784 1603 1927 1645 esse
1993 1589 2152 1668 puto
2212 1582 2324 1644 uni
2389 1581 2650 1665 cuique,
2714 1578 2916 1663 siquis
2991 1574 3000 1587 “

338 1684 497 1748 haec
540 1704 686 1747 cum
730 1681 810 1745 iis
856 1702 1024 1766 quae
1069 1679 1151 1744 de
1195 1680 1428 1745 iisdem
1472 1681 1665 1747 rebus
1721 1704 1760 1745 a
1802 1682 2134 1748 veteribus
2190 1680 2633 1768 grammaticis
2678 1679 2921 1746 tradita

340 1797 492 1850 sunt
545 1805 901 1869 conparare
956 1782 1239 1847 voluerit
1266 1832 1284 1865 ,
1343 1793 1565 1847 tamen
1620 1806 1747 1849 non
1803 1783 1982 1849 nulla
2033 1807 2198 1871 quae
2253 1784 2379 1849 huc
2425 1782 2747 1870 pertinent
2790 1805 2919 1847 non

341 1888 664 1953 distinctis
710 1883 1080 1969 generibus,
1128 1884 1243 1948 sed
1291 1886 1582 1950 ordinem
1626 1885 1778 1950 libri
1824 1894 2082 1950 secutus
2128 1886 2194 1950 in
2239 1907 2366 1950 uno
2412 1895 2763 1970 conspectu
2808 1885 2917 1970 po'-

341 2013 522 2071 nam,
569 2012 634 2074 p.
684 1986 848 2051 1725
894 1993 1019 2050 alia
1066 1992 1233 2051 nobis
1278 1995 1614 2067 peregrina
1670 1995 1951 2060 nomina;
2013 1988 2101 2053 ib.
2150 1994 2384 2070 syllaba
2438 2000 2524 2051 est
2577 1994 2918 2051 litterarum

341 2101 499 2157 inter
556 2112 617 2155 se
670 2095 1007 2154 coeuntium
1064 2110 1190 2153 una
1243 2096 1563 2164 iunctura:
1619 2113 1681 2176 p.
1733 2090 1894 2154 1726
1951 2091 2253 2176 exempla
2298 2088 2702 2174 syllabarum
2748 2088 2920 2172 posi·

341 2197 515 2260 tione
580 2192 920 2277 longarum
987 2191 1338 2254 maximam
1395 2202 1647 2278 partem
1702 2191 1966 2256 diversa
2018 2192 2101 2258 ab
2155 2193 2235 2255 iis
2291 2214 2453 2278 quos
2510 2190 2922 2275 grammatici

341 2317 579 2382 ponere
624 2302 1101 2358 consueverunt
1145 2293 1367 2377 (certis
1414 2295 1584 2358 enim
1629 2303 1693 2358 ct
1736 2316 1862 2360 usu
1906 2294 2162 2359 traditis
2193 2292 2505 2380 exemplis
2550 2293 2620 2356 in
2649 2292 2771 2356 hoc
2814 2314 2920 2375 ge-

340 2421 497 2463 nere
536 2397 635 2461 uti
680 2393 946 2478 solent),
994 2418 1124 2460 non
1169 2394 1346 2460 nulla
1390 2418 1543 2460 vero
1590 2398 1785 2461 etiam
1829 2394 2021 2481 plane
2064 2418 2373 2484 perversa
2417 2405 2600 2478 sunt3
2646 2419 2709 2481 p.
2761 2395 2922 2458 1728

341 2509 402 2566 in
448 2504 659 2580 quibus
717 2501 942 2561 duobus
990 2500 1482 2577 frequentissime
1538 2506 1920 2578 comparatio
1974 2509 2030 2564 et
2081 2505 2414 2580 superlatio
2457 2509 2799 2577 spectatur,-
2856 2519 2920 2582 p.

346 2603 507 2668 1729
561 2623 642 2666 ex
698 2604 812 2664 hoc
865 2621 1040 2663 sensu
1094 2612 1181 2663 est
1192 2624 1214 2673 ;
1269 2601 1362 2665 ib.
1411 2622 1533 2665 una
1589 2606 1998 2680 appellatione
2039 2621 2161 2683 per
2204 2622 2403 2665 omnes
2446 2605 2737 2664 articulos
2780 2605 2922 2678 effe-

342 2717 560 2770 rantur
570 2727 593 2776 ;
639 2725 702 2790 p.
755 2702 919 2766 1730
952 2708 1177 2781 positio
1219 2714 1306 2766 est
1349 2724 1470 2782 qua
1512 2714 1844 2784 spectatur,
1890 2714 2090 2768 utrum
2134 2708 2578 2781 interroqativa
2622 2707 2741 2765 sint
2775 2722 2922 2780 pro·

345 2815 585 2872 nomina
629 2843 712 2852 —
757 2816 864 2868 aut
903 2811 1253 2885 responsiva
1295 2843 1380 2852 —
1424 2818 1530 2870 aut
1572 2812 1958 2885 seyreqativa
2001 2844 2083 2856 -
2129 2817 2238 2872 aut
2267 2811 2582 2886 privativa
2594 2828 2616 2878 ;
2661 2826 2724 2890 p.
2762 2805 2917 2868 1731

341 2918 581 2988 siqurae
623 2918 759 2972 sunt
799 2919 1053 2986 septem,
1102 2913 1386 2987 simplex,
1438 2918 1503 2972 ut
1540 2914 1707 2991 leva,
1754 2916 2120 2991 composita,
2167 2921 2232 2973 ut
2274 2915 2508 2986 reler,
2558 2911 2922 2982 inchoativa,

349 3023 411 3074 ut
455 3015 719 3086 colesea,
761 3012 1246 3088 frequentativa,
1296 3021 1361 3074 ut
1400 3016 1634 3089 lectito,
1697 3016 2135 3088 desiderativa,
2186 3021 2251 3074 ut
2294 3016 2580 3086 dormito,
2630 3015 2924 3089 imperso-

349 3120 536 3191 nalis,
585 3122 649 3176 ut
686 3117 854 3191 piqet
896 3117 1126 3190 taedet,
1184 3123 1243 3175 et
1285 3118 1538 3177 alterius
1575 3116 1856 3191 formae,
1919 3123 1983 3177 ut
2022 3123 2248 3190 statur,
2300 3131 2663 3192 paraqoqa,
2712 3122 2776 3174 ut
2809 3114 2924 3187 fa-

348 3237 511 3280 cesso
554 3221 781 3279 lacesso
824 3234 1073 3294 capesso
1084 3238 1106 3287 ;
1163 3213 1254 3279 ib.
1299 3226 1519 3293 quarta
1576 3216 2040 3301 (coniugatio),
2095 3235 2229 3279 cum
2287 3220 2406 3278 alio
2450 3218 2708 3293 quolibet
2749 3219 2925 3276 modo

349 3323 589 3384 verbum
652 3323 938 3396 effertur,
1009 3327 1072 3380 ut
1139 3321 1320 3381 odisti
1379 3323 1697 3382 meministi
1702 3342 1725 3391 ;
1793 3340 1856 3403 p.
1909 3316 2069 3382 1732
2127 3322 2418 3381 adverbia
2468 3324 2624 3392 fiunt
2685 3354 2750 3361 —
2820 3326 2926 3379 aut

347 3426 608 3497 elective,
657 3430 720 3482 ut
754 3424 977 3497 potius,
1027 3431 1132 3481 aut
1175 3424 1518 3496 discretive,
1567 3434 1630 3483 ut
1672 3441 1967 3497 seorsum,
2018 3432 2125 3484 aut
2166 3426 2624 3498 conareqative,
2685 3429 2748 3483 ut
2802 3440 2924 3483 una

339 3528 581 3603 pariter
621 3526 829 3600 simul,
876 3534 981 3583 aut
1025 3526 1414 3602 declinative,
1470 3533 1535 3585 ut
1570 3523 1888 3597 funditus;
1934 3520 2024 3585 ib.
2073 3529 2333 3601 qualitas
2377 3536 2432 3585 et
2475 3526 2778 3600 quantitas
2824 3541 2924 3584 ac·

348 3629 560 3688 cidunt
604 3626 906 3700 adverbia,
955 3644 1089 3688 cum
1134 3636 1241 3688 aut
1284 3629 1560 3688 absoluta
1588 3634 1727 3688 sunt
1766 3628 2085 3702 adverbia,
2137 3634 2201 3688 ut
2243 3628 2387 3687 bene
2431 3629 2572 3700 alte,
2623 3636 2727 3687 aut
2770 3644 2923 3687 com-

339 3730 649 3807 parativa,
700 3736 765 3788 ut
805 3729 1014 3789 melius
1058 3732 1268 3802 αἰτίας,
1320 3737 1427 3790 aut
1469 3732 1869 3806 superlativa,
1920 3738 1985 3789 ut
2026 3732 2245 3805 optime
2287 3731 2569 3790 altissime
2580 3748 2604 3798 ;
2648 3747 2712 3811 p.
2764 3725 2926 3789 1733

351 3835 436 3894 vis
477 3838 596 3904 est,
640 3847 774 3890 cum
819 3839 927 3890 aut
967 3834 1401 3907 complectendi
1437 3840 1578 3894 sunt
1617 3834 2067 3894 coniunctiones
2102 3864 2169 3873 ——
2207 3839 2316 3891 aut
2358 3833 2673 3908 repetendi
2696 3864 2781 3875 —-
2822 3839 2929 3892 aut

351 3938 593 3995 vincunt
631 3966 719 3979 --
762 3940 870 3994 aut
911 3938 1284 3996 consentiunt
1329 3969 1409 3977 —
1453 3944 1559 3995 aut
1611 3937 1982 3996 connexivae
2022 3941 2163 3994 sunt
2205 3936 2654 3996 coniunctiones
2706 3968 2773 3977 ——
2822 3942 2931 3995 auc

347 4037 821 4112 superneccivae;
877 4053 941 4117 p.
991 4033 1156 4097 1734
1210 4032 1289 4097 de
1345 4031 1938 4119 praepositionibus
1996 4039 2341 4098 accusativo
2394 4045 2591 4096 autem
2646 4038 2928 4097 adnexae

342 4141 696 4216 plerumque
755 4140 1173 4199 adverbiorum
1231 4141 1346 4198 vim
1402 4140 1652 4208 haben&
1706 4156 1770 4220 p.
1822 4133 1985 4199 1736
2039 4140 2372 4199 interiectio
2415 4146 2502 4199 est
2541 4171 2623 4181 —
2671 4146 2777 4199 aut
2820 4157 2926 4199 re-

343 4240 643 4314 sectionis,
694 4247 761 4300 ut
802 4257 978 4301 evax.
1069 4236 1137 4299 in
1193 4236 1314 4299 hoc
1367 4236 1567 4320 igitur
1621 4236 1703 4301 ab
1763 4236 2242 4323 antiquioribus
2297 4236 2738 4321 grammaticis
2797 4235 2927 4299 dis-

355 4361 552 4403 sensu
596 4359 727 4403 non
772 4339 967 4404 debet
1011 4359 1311 4423 magnam
1356 4339 1491 4402 vim
1534 4338 1776 4403 habere
1821 4337 1997 4423 quod
2042 4339 2362 4424 quaedam
2408 4361 2585 4420 sane,
2633 4360 2799 4425 quae
2843 4338 2926 4402 ab

353 4440 717 4526 antiquiore
769 4440 1082 4505 memoria
1135 4440 1390 4526 possint
1441 4450 1798 4527 propagata
1853 4439 2096 4525 videri,
2152 4442 2219 4504 in
2274 4440 2395 4506 hoc
2457 4440 2624 4506 libro
2683 4442 2928 4526 scripta

354 4550 524 4605 sunt.
584 4565 737 4607 nam
779 4541 938 4608 nihil
985 4565 1068 4607 ex
1121 4542 1242 4607 hoc
1285 4565 1522 4628 genere
1567 4551 1690 4624 est,
1737 4541 1913 4629 quod
1957 4566 2090 4608 non
2123 4542 2206 4608 ab
2238 4542 2383 4607 aliis
2415 4564 2670 4629 quoque
2715 4564 2925 4627 gram·

354 4643 633 4725 maticiS,
679 4646 748 4708 in
791 4646 1017 4732 primis
1049 4645 1260 4710 Mario
1306 4654 1374 4708 et
1402 4645 1689 4710 Maximo
1720 4645 2093 4727 Victorino,
2141 4666 2300 4731 quos
2346 4645 2625 4731 scriptor
2668 4654 2925 4708 secutus

354 4767 496 4809 esse
551 4746 840 4832 videtur,
897 4748 1204 4813 traditum
1259 4747 1366 4813 sit.
1457 4769 1613 4832 ergo
1672 4748 1728 4811 si
1784 4769 2012 4812 verum
2066 4756 2197 4829 est,
2253 4745 2429 4833 quod
2484 4745 2745 4832 quidem
2797 4768 2925 4810 uno

352 4846 768 4933 Neapolitani
821 4849 1057 4916 codicis
1111 4850 1479 4917 testimonio
1536 4858 1820 4932 constat,
1877 4850 2008 4915 iam
2062 4847 2403 4915 undecimo
2462 4847 2719 4915 saeculo
2778 4850 2928 4916 huic
