3541 5564
645 314 773 380 206
1703 300 1717 323 ’
1781 315 2088 379 ΡΟΜΡΕΠ

699 437 741 478 p.
768 424 946 466 248-50
973 423 1017 465 L·

645 504 841 573 illum;
900 522 1043 582 ergo
1097 524 1218 566 non
1274 522 1515 584 possum
1576 503 1775 565 dicere
1821 505 1936 565 nisi
1981 504 2055 565 de
2102 523 2169 565 ea
2213 523 2497 585 persona,
2546 523 2721 585 quam
2769 505 2969 574 video,
3017 512 3083 567 ut
3126 505 3222 567 de·

646 604 1189 668 monstranter'ille
1234 606 1345 667 hoc
1391 606 1622 667 dixerit.
1693 625 1833 667 ecce
1880 608 2038 667 enim
2082 604 2194 667 hoc
2240 606 2583 667 adverbium
2630 626 2749 667 non
2794 609 3072 685 congruit
3116 609 3224 668 nisi

646 709 737 769 rei
784 727 935 788 quae
979 716 1175 787 potest
1217 709 1642 775 demonstrari;
1689 705 2032 768 adverbium
2080 715 2169 769 est
2214 710 2373 770 enim
2419 709 2912 770 demonstrantis:

949 829 1029 870 en
1077 810 1444 873 Priamus:
1493 815 1664 872 sunt
1710 809 1827 870 hic
1873 810 2093 871 etiam
2137 828 2263 870 sua
2306 811 2638 889 praemia
2682 808 2904 871 laudi.

646 930 788 991 ergo
843 931 977 973 cum
1036 911 1213 973 ellum
1259 914 1334 973 sit
1379 930 1520 973 ecce
1565 910 1760 981 illum,
1811 909 1984 973 ellam
2029 930 2169 973 ecce
2214 909 2400 981 illam,
2459 910 2606 973 nibil
2649 930 2963 992 possumus
3009 913 3223 982 dicere,
3252 928 3276 967 t»

645 1015 758 1075 nisi
815 1016 999 1093 magis
1054 1013 1513 1076 demonstrativa
1568 1023 1655 1074 ut·
1686 1015 1807 1074 sint
1859 1013 1930 1073 ad
1987 1031 2272 1092 personas
2330 1023 2389 1074 et
2431 1015 2765 1092 significent
2808 1026 2959 1093 quae
3003 1016 3229 1093 possint

645 1118 819 1176 etiam
867 1116 1117 1176 ostendi.
1209 1118 1295 1177 sic
1350 1115 1535 1178 habes
1591 1116 1652 1174 in
1708 1115 1839 1193 ipso
1886 1115 2140 1185 Donato,
2202 1122 2266 1176 ut
2308 1113 2442 1175 illae
2485 1117 2605 1178 sint
2648 1134 2939 1196 personae
2983 1115 3227 1177 demon·

642 1220 918 1279 strativae
970 1236 1121 1296 quae
1177 1220 1321 1280 l'oris
1374 1226 1540 1286 sunt,
1599 1219 1789 1296 magis
1846 1224 2039 1278 tamen
2097 1224 2442 1297 praesentes
2496 1235 2648 1298 quae
2704 1219 2861 1278 intus
2915 1226 3075 1279 sunt.
3167 1227 3230 1279 ut

642 1329 783 1399 puta
826 1319 1152 1397 ‘Vergilius
1197 1322 1436 1399 scripsit
1479 1317 1810 1380 bucolica':
1875 1321 2045 1380 etiam
2091 1320 2141 1380 si
2186 1320 2333 1379 soris
2378 1326 2492 1389 est,
2541 1319 2673 1380 dico
2718 1319 2849 1380 ‘hic
2895 1324 3050 1389 est’;
3110 1337 3227 1381 non

643 1430 841 1483 autem
895 1440 1136 1500 possum
1193 1421 1425 1493 dicere,
1481 1423 1532 1482 si
1587 1440 1870 1501 praesens
1917 1429 2032 1490 est,
2082 1420 2215 1481 ‘hic
2271 1424 2424 1490 est',
2483 1422 2587 1483 sed
2644 1421 2776 1483 dico
2831 1421 3073 1483 ‘eccum
3128 1424 3301 1503 quim

643 1524 932 1603 scripsit'‚
1002 1526 1165 1601 quasi
1229 1543 1367 1585 ecce
1424 1543 1588 1594 eum,
1663 1532 1725 1585 ut
1792 1532 1850 1584 et
1904 1523 2426 1585 demonstrativum
2492 1522 2838 1585 adverbium
2894 1543 3113 1605 ponam
3171 1534 3230 1586 et

644 1632 1017 1705 praesentem
1064 1625 1390 1687 ostendam.
1453 1625 1565 1686 hoc
1612 1632 1810 1706 potest
1853 1623 2121 1686 adhiberi
2169 1624 2537 1687 differentiae
2584 1644 2776 1687 causa.
2839 1633 3037 1688 tamen
3083 1628 3226 1688 mihi

645 1729 756 1789 hoc
802 1745 922 1789 non
966 1728 1222 1799 videtur,
1284 1727 1388 1789 sed
1447 1745 1555 1806 ego
1610 1735 1753 1808 puto
1810 1727 2058 1807 simplex
2113 1746 2441 1807 pronomen
2511 1728 3038 1790 demonstrativum
3097 1749 3227 1790 esse

645 1831 770 1904 hic,
820 1849 1024 1891 eccum
1072 1832 1442 1910 conpositum
1499 1847 1831 1910 pronomen
1889 1830 2410 1890 demonstrativum
2458 1848 2603 1890 esse.
2694 1838 2754 1890 et
2797 1830 2911 1891 hoc
2959 1838 3017 1891 et
3062 1830 3226 1909 illud

642 1932 1168 1994 demonstrativum
1216 1940 1334 2003 est,
1382 1931 1486 1993 sed
1530 1930 1676 1991 illud
1721 1930 1972 2011 simplex
2017 1932 2156 2000 erit,
2203 1929 2349 1991 illud
2393 1933 2785 2010 conpositum.
2850 1932 3104 1993 diximus
3150 1932 3223 1993 de
3254 1945 3302 1985 15

643 2035 922 2115 qualitate
967 2037 1418 2115 pronominum:
1468 2034 1644 2094 modo
1690 2036 1994 2095 videamus
2039 2032 2112 2094 de
2156 2033 2492 2111 generibus.

811 2138 1041 2198 Genera
1069 2139 1508 2217 -pronominum
1554 2142 1690 2197 sunt
1735 2136 1914 2197 baec:
1963 2136 2157 2196 omnia
2203 2137 2559 2215 pronomina
2588 2144 2688 2196 aut
2718 2135 3044 2198 masculina
3090 2145 3230 2198 sunt

641 2247 741 2300 aut
798 2240 1077 2300 feminina
1134 2247 1234 2300 aut
1287 2245 1495 2299 neutra
1553 2244 1654 2298 aut
1710 2238 2043 2299 communia
2101 2246 2202 2299 aut
2245 2238 2439 2298 omnis
2483 2237 2743 2315 generis.
2830 2237 3227 2301 masculinum

405 2353 521 2415 501,
549 2354 612 2403 37
639 2359 969 2420 pronomen
1016 2350 1107 2402 est
1136 2342 1286 2421 quis.
1350 2339 1525 2400 hodie
1570 2342 1650 2402 ita
1694 2339 1974 2408 dicimuS,
2022 2346 2085 2399 ut
2129 2341 2257 2419 quis
2303 2338 2695 2400 masculinum
2739 2341 2817 2401 sit
2857 2359 3225 2419 pronomen:

639 2443 792 2523 apud
850 2444 1104 2502 maiores
1161 2437 1396 2503 nostros
1451 2440 1861 2502 indifferenter
1918 2442 2251 2502 invenimus
2296 2441 2410 2502 hoc
2453 2460 2812 2521 pronomen,
2861 2450 2918 2503 et
2963 2444 3096 2522 quis
3139 2444 3227 2502 vir
3255 2457 3307 2499 20

638 2554 698 2605 et
742 2547 874 2622 quis
918 2543 1158 2613 mulier,
1216 2545 1456 2605 omnino
1513 2541 1734 2612 milies,
1796 2561 1913 2604 non
1959 2541 2173 2604 semel:
2233 2545 2294 2604 in
2353 2541 2635 2605 Terentio
2681 2542 2867 2604 habes
2910 2543 3027 2606 hoc
3072 2546 3229 2606 sorte

637 2654 847 2725 quarto
904 2653 1003 2706 aut
1059 2647 1264 2723 quinto
1311 2647 1598 2725 positum,
1658 2646 1817 2723 quis;
1876 2664 2012 2706 cum
2069 2644 2142 2706 de
2188 2645 2434 2707 muliere
2480 2644 2855 2725 loqueretur,
2903 2649 3036 2726 quis
3082 2647 3233 2710 dixit

639 2749 790 2810 sorte
847 2755 1057 2829 quarto
1113 2757 1212 2810 aut
1264 2749 1489 2828 quinto.
1581 2756 1672 2810 est
1723 2754 1922 2809 autem
1989 2749 2138 2809 ratio
2195 2755 2253 2809 et
2308 2749 2476 2828 origo
2531 2747 2709 2811 buius
2766 2752 3138 2829 pronominis
3192 2770 3226 2812 a

637 2869 882 2929 graeco,
944 2860 1002 2911 et
1056 2850 1276 2913 idcirco
1336 2851 1511 2912 traxit
1566 2860 1625 2912 et
1667 2869 1854 2929 genus
1898 2850 1971 2912 ad
2017 2851 2274 2913 Latinos.
2365 2852 2495 2930 quis
2540 2859 2627 2912 est
2670 2850 2789 2924 τίς.
2880 2851 2980 2925 τίς
3024 2866 3227 2915 autem

637 2952 791 3033 apud
836 2951 970 3013 illos
1017 2961 1134 3015 tam
1180 2952 1491 3014 masculini
1535 2955 1774 3032 generis
1819 2958 1908 3012 est
1952 2969 2129 3030 quam
2170 2953 2461 3014 seminini.
2525 2972 2668 3031 ergo
2713 2953 2871 3034 quod
2918 2955 3056 3017 inde
3101 2965 3222 3017 tra·
3252 2971 3304 3012 25

637 3063 853 3117 xerunt
895 3054 1008 3116 hoc
1053 3074 1414 3135 pronomen,
1461 3060 1845 3116 servaverunt
1889 3055 2064 3115 etiam
2108 3072 2299 3132 genus
2343 3054 2600 3131 antiqui,
2648 3061 2712 3114 nt
2760 3063 2847 3116 est

939 3159 1104 3238 quis
1152 3167 1223 3219 tu
1270 3177 1344 3219 es
1390 3157 1689 3227 mulier,
1739 3158 1859 3234 qui
1904 3175 2009 3217 me
2056 3156 2189 3217 boc
2233 3159 2683 3236 nuncupasti
2729 3159 3065 3220 nomine?

636 3260 802 3336 ‘quis
858 3258 1101 3319 mulier’
1158 3258 1445 3321 habemus
1501 3259 1565 3319 'et
1618 3260 1679 3319 in
1735 3259 1927 3319 Ennio
1985 3265 2045 3318 et
2095 3259 2156 3318 in
2202 3259 2453 3320 Pacuvio
2512 3266 2571 3319 et
2620 3259 2683 3319 in
2736 3259 2867 3339 ipso
2911 3260 3215 3322 Terentio.

636 3379 779 3439 ergo
838 3367 925 3422 est
983 3361 1369 3422 masculinum
1427 3378 1756 3440 pronomen
1815 3361 1975 3437 quis,
2038 3361 2390 3421 femininum
2445 3379 2624 3440 quae,
2698 3368 2977 3423 neutrum
3039 3363 3217 3442 quod.

635 3481 978 3533 commune,
1028 3471 1093 3524 ut
1136 3462 1322 3542 qualis
1367 3460 1525 3523 talis:
1573 3481 1707 3523 nam
1755 3461 1947 3543 qualis
1992 3462 2207 3523 dicitur
2256 3465 2261 3544 ξ
2313 3465 2427 3530 vir,
2474 3463 2663 3543 qualis
2709 3465 2925 3525 dicitur
2970 3465 3215 3535 mulier;
3249 3480 3305 3523 ευ

579 3593 592 3598 ⁴
636 3572 695 3624 et
739 3563 869 3625 talis
915 3567 999 3625 vir
1046 3572 1105 3625 et
1147 3565 1277 3625 talis
1320 3563 1552 3625 mulier.
1645 3563 1915 3626 similiter
1961 3582 2098 3642 ego:
2148 3582 2257 3643 ego
2303 3565 2444 3625 dicit
2488 3567 2593 3634 vir,
2640 3584 2749 3644 ego
2792 3565 2938 3626 dicit
2981 3567 3218 3637 mulier,

635 3683 745 3744 ego
791 3667 934 3727 dicit
977 3667 1353 3746 mancipium.

803 3768 864 3830 In
911 3769 1360 3848 pronominibus
1402 3776 1540 3830 sunt
1584 3770 1760 3829 etiam
1807 3769 2067 3837 numeri,
2117 3767 2432 3847 singularis
2477 3779 2534 3829 et
2577 3768 2850 3848 pluraliS,
2897 3770 3220 3848 singularis

632 3871 756 3941 hie,
802 3871 1051 3950 pluralis
1095 3872 1175 3932 hi.
1266 3880 1407 3933 sunt
1449 3873 1626 3932 etiam
1672 3871 1905 3932 numeri
1962 3873 2313 3932 communiS.
2401 3870 2652 3950 legimus
2699 3873 2873 3933 etiam
2916 3872 2980 3932 in
3026 3874 3217 3934 nomi·

769 4113 802 4160 4
840 4108 926 4176 en]
971 4113 1126 4176 Ver-9.
1170 4111 1302 4161 Aen.
1337 4111 1357 4158 1
1395 4108 1492 4160 461
1637 4109 1865 4174 priamus
1900 4108 2044 4158 ACb
2092 4109 2274 4174 priami
2311 4109 2363 4159 B
2501 4110 2728 4176 proemia
2773 4109 2941 4162 ABG
3075 4114 3215 4164 laudi

631 4182 780 4232 1100
818 4181 982 4232 laudis
1018 4183 1066 4230 A
1179 4183 1212 4231 5
1249 4177 1420 4245 ellam]
1465 4194 1634 4228 eccam
1672 4180 1844 4229 ABG
1944 4180 1978 4229 6
2015 4179 2411 4229 demonstratiue
2446 4181 2622 4231 ABG
2726 4180 3014 4244 significant
3051 4185 3221 4235 ABG

773 4252 830 4302 ll
870 4266 1055 4316 ponam
1095 4252 1201 4302 Ac
1229 4259 1386 4316 ponat
1422 4247 1552 4299 Ba*
1697 4249 1760 4300 13
1798 4250 2183 4300 demonstratiui
2227 4258 2304 4301 est
2339 4251 2423 4300 hic
2461 4250 2568 4301 AC
2602 4251 3059 4301 demonstratiuum
3099 4269 3214 4302 esse

630 4322 712 4372 hie
749 4337 921 4371 eccum
959 4323 1280 4387 conpositum
1308 4334 1587 4385 pronomen
1626 4334 1717 4369 om.
1747 4320 1801 4369 B
1941 4318 2008 4368 14
2043 4319 2426 4370 demonstratiui
2463 4335 2575 4371 esse
2617 4329 2667 4370 et
2702 4319 2799 4369 hoc
2833 4329 2883 4369 et
2911 4321 3040 4372 iliud
3064 4323 3215 4374 BCa

628 4392 1014 4443 demonstratiui
1053 4401 1132 4442 est
1167 4391 1262 4441 hoc
1298 4400 1374 4441 est
1411 4388 1536 4439 illud
1565 4390 1615 4439 A
1759 4389 1827 4440 16
1855 4390 2117 4439 videamus
2152 4405 2242 4440 om.
2271 4391 2435 4442 ABG
2570 4392 2635 4441 21
2667 4391 2717 4439 in
2751 4392 2964 4443 terentio
2992 4393 3044 4441 A
3075 4394 3213 4458 apud

628 4464 896 4513 terentium
934 4462 1106 4512 Bca:
1154 4462 1222 4524 cf.
1272 4465 1323 4512 in
1361 4461 1511 4526 Sery.
1553 4462 1689 4523 expl.
1728 4462 1779 4509 in
1820 4461 1950 4512 Don.
1979 4476 2039 4523 p.
2080 4459 2200 4524 501,
2238 4459 2307 4511 38
2444 4463 2512 4513 24
2553 4470 2603 4510 et
2644 4457 2830 4528 genus]
2870 4460 2924 4511 id
2959 4477 3126 4528 genus
3163 4462 3213 4512 A

767 4534 882 4597 quis
921 4541 999 4582 est
1041 4533 1108 4582 tis
1141 4533 1207 4582 tis
1245 4541 1413 4580 autem
1449 4531 1631 4582 ABG.
1660 4530 1894 4592 fortasse
1931 4530 2047 4592 quis
2081 4533 2192 4580 est?
2232 4528 2321 4588 τίς
2358 4522 2536 4592 {aum
2577 4531 2662 4591 τίς
2699 4540 2867 4580 autem
3008 4534 3077 4585 25
3109 4541 3211 4582 tam

629 4603 895 4651 masculini
931 4603 1138 4668 generis
1169 4610 1246 4651 est
1276 4600 1423 4651 BCa
1473 4610 1550 4651 est
1584 4608 1686 4649 tam
1722 4599 1990 4649 masculini
2027 4601 2232 4665 generis
2270 4598 2319 4648 Α
2460 4602 2577 4650 iude
2614 4610 2693 4650 est
2727 4609 2778 4650 et
2813 4609 3082 4653 traxerunt
3116 4602 3212 4652 hoc

628 4674 916 4736 pronomini
951 4688 1087 4724 corr.
1128 4672 1243 4720 inde
1279 4679 1544 4720 traxerunt
1580 4671 1678 4720 hoc
1703 4684 1981 4737 pronomen
2019 4670 2068 4719 B
2240 4670 2306 4720 27
2346 4671 2461 4731 quis
2494 4668 2571 4739 tu]
2612 4671 2805 4721 Pacuv-
2844 4670 2991 4727 Med.
3021 4674 3210 4738 fragm.

629 4741 697 4789 20
732 4743 810 4792 ed.
841 4741 985 4791 Ribb.
1125 4739 1203 4805 es]
1241 4743 1271 4789 i}
1311 4740 1352 4790 0
1490 4739 1557 4791 28
1593 4743 1677 4804 qui
1712 4741 1894 4790 mulier
1930 4739 2101 4790 ABG
2236 4740 2299 4791 31
2345 4748 2395 4788 et
2430 4740 2545 4791 talis
2586 4742 2666 4791 uir
2704 4750 2753 4790 et
2789 4739 2903 4790 talis
2941 4742 3129 4794 mulier
3165 4744 3212 4793 A

629 4812 745 4859 talis
775 4813 994 4862 dicimus
1030 4812 1107 4860 uir
1134 4812 1247 4862 talis
1279 4811 1496 4861 dicimus
1527 4811 1708 4860 mulier
1746 4811 1890 4860 Bca
2031 4809 2097 4858 34
2137 4823 2429 4859 communes
2468 4812 2515 4858 A
