3541 5564
580 333 706 396 572
1489 336 1583 397 DE
1632 336 1878 397 DVBllS
1924 336 2337 398 NOMINIBVS

748 524 971 601 Anguis
1025 525 1262 600 generis
1316 523 1657 593 masculini,
1718 531 1783 582 ut
1839 523 2125 601 Virgilius
2189 523 2501 584 ‘inimicus
2556 524 2847 582 inmensis
2901 519 3156 581 orbibus

582 625 848 701 anguis'.

747 726 939 786 Ardor
982 728 1220 804 generis
1265 727 1606 788 masculini:
1668 727 1766 787 hic
1813 728 1990 788 ardor
2035 727 2350 788 dicendum
2397 736 2455 787 et
2499 727 2560 786 bi
2607 726 2871 786 ardores.

749 828 1082 888 Archanum
1128 831 1367 905 generis
1415 831 1642 896 neutri,
1691 830 1802 889 hoc
1848 830 2169 891 archanum
2216 836 2276 889 et
2318 830 2464 889 haec
2510 828 2784 888 archana.

748 928 1006 1007 Ambago
1065 933 1304 1007 generis
1361 932 1663 1000 feminini,
1713 939 1780 992 ut
1823 931 2182 992 Prudentius
2230 929 2413 1009 (cath.
2462 928 2521 1001 6,
2566 927 2669 1010 48)
2717 928 2999 1005 ‘ambage
3045 928 3153 989 sal·
3183 948 3210 985 5

577 1031 644 1090 lit
688 1037 873 1091 atra'.

748 1133 937 1192 Aedes
982 1135 1220 1210 generis
1264 1136 1569 1204 feminini,
1619 1143 1679 1195 et
1723 1138 1806 1196 ita
1850 1135 1921 1196 de
1967 1138 2143 1197 domo
2188 1135 2525 1196 dicendum.

744 1238 903 1314 Apex
947 1238 1188 1312 generis
1231 1237 1578 1297 masculini:
1628 1238 1720 1297 hic
1768 1256 1919 1317 apex
1965 1238 2300 1299 dicendum.

742 1337 991 1396 Antrum
1034 1340 1274 1414 generis
1319 1341 1546 1409 neutri,
1594 1341 1732 1418 quia
1779 1339 2090 1419 pluraliter
2134 1348 2302 1401 antra
2348 1339 2648 1400 dicuntur.

741 1441 1001 1499 Acumen
1048 1443 1286 1517 generis
1331 1443 1559 1510 neutri;
1605 1441 1916 1520 pluraliter
1964 1461 2101 1501 vero
2145 1444 2415 1503 acumina
2461 1442 2760 1501 dicuntur.
3182 1461 3236 1501 ιο

741 1540 989 1609 Bracas,
1039 1559 1156 1600 non
1202 1541 1438 1612 braces,
1488 1551 1552 1602 ut
1596 1543 1800 1604 Livius
1844 1543 2141 1624 ‘laxisque
2185 1543 2439 1603 bracis'.

743 1640 929 1702 Bacae
961 1641 1195 1713 multae,
1231 1643 1376 1704 baca
1406 1664 1539 1714 una,
1576 1654 1638 1706 ut
1667 1645 1954 1723 Virgilius
1991 1644 2069 1722 (q,
2105 1645 2155 1705 11
2185 1642 2330 1725 519)
2365 1645 2616 1705 ‘teritur
2648 1643 2908 1704 Sicionia
2944 1642 3150 1702 baca'.

738 1743 1020 1804 Baculum
1068 1752 1127 1804 et
1174 1745 1399 1816 baculi,
1448 1749 1586 1825 quia
1631 1748 1947 1808 masculini
1978 1750 2219 1825 generis
2251 1755 2360 1807 est.
2424 1765 2556 1807 nam
2589 1746 2829 1825 quidam
2864 1745 3149 1804 dixerunt

571 1844 761 1905 bacilli
811 1854 870 1905 et
916 1845 1145 1907 bacilla.

735 1946 932 2007 Babae
978 1950 1187 2009 vitiose
1233 1949 1485 2019 dicitur,
1542 1951 1644 2010 sed
1692 1970 1879 2030 papae
1926 1952 2276 2020 dicendum,
2325 1953 2478 2010 sicut
2521 1950 2706 2011 Varro
2751 1951 2811 2009 in
2858 1949 3060 2008 satira.
3182 1973 3232 2009 ιε,

736 2048 987 2109 Balneas
1032 2052 1262 2130 antiqui
1310 2051 1617 2122 dixerunt,
1669 2071 1825 2112 nunc
1872 2056 2068 2113 neutri
2116 2055 2355 2130 generis
2400 2051 2672 2113 balneum
2721 2060 2781 2112 et
2827 2050 3056 2112 balnea.

731 2151 998 2212 Barones
1043 2152 1390 2223 dicendum,
1439 2156 1594 2215 sicut
1640 2155 1851 2215 Cicero
1896 2156 1967 2216 ad
2014 2154 2285 2216 Pansam.

732 2252 984 2314 Barbam
1030 2254 1275 2315 tondere
1322 2257 1668 2326 dicendum,
1716 2275 1834 2317 non
1881 2259 2116 2326 facere,
2164 2259 2316 2316 sicut
2359 2257 2565 2316 Varro.
2628 2254 2872 2317 barbam
2915 2257 3146 2334 antiqui

563 2356 948 2434 singulariter
1013 2357 1318 2427 dicebant,
1386 2376 1543 2418 nunc
1610 2359 1956 2437 pluraliter,
2029 2367 2091 2419 ut
2135 2358 2418 2435 Virgilius
2481 2357 2566 2435 (q.
2617 2358 2693 2418 111
2739 2354 2891 2437 299)
2952 2357 3146 2416 ‘inte-

565 2476 662 2517 rea
711 2457 926 2520 barbas
970 2460 1295 2538 incanaque
1344 2463 1596 2520 menta'.
3173 2484 3229 2522 20

730 2561 956 2621 Baxeas
999 2560 1382 2621 calciamenta
1430 2562 1817 2631 feminarum,
1868 2569 1932 2622 ut
1973 2562 2160 2623 Varro
2204 2563 2367 2623 dicit.

730 2661 934 2722 Bcavit
990 2660 1225 2722 beatum
1287 2664 1457 2731 fecit,
1529 2671 1588 2722 et
1644 2663 1716 2724 ab
1774 2665 1885 2724 hoc
1942 2663 2281 2742 benignitas
2326 2665 2511 2732 dicta,
2560 2667 2696 2742 quia
2756 2663 2918 2732 beat,
2986 2664 3143 2723 sicut

562 2764 842 2824 Horatius
892 2763 1110 2841 (carm.
1161 2764 1210 2825 11
1254 2760 1321 2834 3,
1370 2760 1439 2845 6)
1502 2768 1642 2827 ‘seu
1689 2775 1746 2826 te
1792 2768 1853 2826 in
1902 2776 2135 2828 remoto
2174 2769 2443 2845 gramine
2489 2785 2597 2846 per
2642 2764 2769 2826 dies
2814 2766 2996 2826 festos
3042 2784 3140 2824 re-

559 2867 841 2926 clinatum
889 2865 1146 2927 bearis’.

727 2969 994 3029 Biremas
1051 2967 1329 3028 dicebant
1385 2971 1612 3050 antiqui
1668 2989 1874 3039 naves,
1936 2990 2093 3031 nunc
2150 2969 2410 3031 biremes
2456 2970 2696 3039 melius,
2747 2979 2809 3030 ut
2851 2968 3224 3047 Virgiliusssss

561 3071 653 3149 (Α.
702 3072 725 3131 1
774 3068 912 3150 182)
963 3070 1405 3150 ‘Phrygiasque
1453 3072 1766 3132 biremes’.

725 3173 913 3233 Boves
956 3175 1196 3249 generis
1241 3173 1542 3241 feminini,
1594 3183 1655 3234 ut
1686 3171 1973 3252 Virgilius
2022 3174 2095 3251 (b.
2147 3172 2200 3245 1,
2235 3172 2294 3255 9)
2344 3178 2541 3234 ‘meas
2586 3192 2790 3233 errare
2839 3173 3061 3233 boves’.

726 3274 895 3333 Bubo
971 3278 1094 3335 avis
1167 3278 1408 3353 generis
1462 3277 1766 3345 seminini,
1850 3287 1913 3337 ut
1972 3277 2256 3355 Virgilius
2326 3274 2428 3354 (A.
2489 3276 2593 3336 1111
2648 3271 2804 3356 462)
2864 3276 3135 3355 ‘solaque

555 3376 915 3437 culminibus
962 3376 1135 3437 ferali
1181 3380 1443 3437 carmine
1491 3377 1707 3437 bubo'.

693 3580 714 3629 l
754 3582 939 3646 anguis
977 3581 1106 3635 Non.
1150 3579 1246 3633 191
1391 3584 1420 3631 7
1457 3583 1608 3630 aedes
1650 3582 1799 3631 Char.
1828 3582 1912 3639 33,
1944 3582 1978 3632 6
2122 3584 2181 3633 11
2223 3584 2398 3632 bracas
2440 3584 2565 3648 Cap.
2606 3583 2743 3632 2247
2887 3583 2947 3633 14
2983 3582 3136 3631 bacu-

551 3651 656 3699 lum
692 3650 814 3713 Cap.
856 3652 991 3701 2247
1138 3652 1200 3701 17
1241 3651 1445 3700 balneas
1487 3652 1612 3700 Non.
1655 3651 1754 3702 194
1893 3652 1962 3700 29
2000 3653 2133 3703 bubo
2169 3653 2302 3702 Non.
2343 3653 2439 3703 194

691 3840 716 3888 l
765 3840 979 3903 Ver-91⁹1&
1014 3842 1288 3904 exemplum
1323 3856 1394 3890 ex
1431 3839 1640 3899 duobus,
1677 3855 1807 3904 quae
1844 3848 1961 3890 sunt
1993 3841 2133 3905 apud
2162 3842 2364 3890 Nonium
2391 3843 2424 3888 l.
2462 3855 2530 3899 c.,
2571 3841 2699 3889 Aen.
2733 3839 2775 3888 V
2799 3838 2865 3889 84
2906 3839 3131 3889 lubricus

549 3911 730 3973 anguis
765 3918 817 3959 ec
850 3910 977 3958 Aen.
1007 3910 1050 3957 11
1088 3906 1188 3958 204
1225 3910 1467 3957 inmensis
1498 3910 1704 3958 orbibus
1739 3924 1935 3973 angues
1970 3913 2234 3977 conflatum
2260 3920 2336 3961 est
2443 3909 2674 3958 immensi
2715 3909 2949 3959 sordibus
2989 3911 3035 3959 L

546 3979 578 4029 3
612 3979 694 4027 hic
730 3980 881 4028 ardor
916 3979 1115 4028 dicend’
1147 3989 1196 4027 et
1233 3978 1313 4028 his
1349 3980 1503 4027 ardus
1541 3979 1601 4027 M
1640 3979 1757 4027 hinc
1794 3981 1946 4029 ardor
1987 3981 2254 4030 dicendum
2286 3988 2360 4028 est
2399 3990 2446 4028 et
2476 3980 2553 4027 bis
2595 3980 2747 4027 ardor
2772 3980 2818 4029 L
2955 3979 2990 4029 6
3019 3989 3131 4029 atra

546 4065 638 4100 om.
681 4049 746 4097 M
883 4048 912 4095 7
948 4059 996 4097 et
1032 4051 1097 4098 ita
1132 4048 1195 4098 de
1233 4045 1405 4114 domo]
1442 4049 1576 4097 edita
1614 4050 1677 4097 de
1715 4049 1866 4100 ML:
1906 4050 2049 4101 aedis
2087 4051 2150 4099 ab
2187 4050 2311 4099 aede
2346 4053 2553 4101 coniecit
2581 4051 2804 4098 (Iler-icus
2907 4049 2941 4098 8
2980 4050 3131 4115 Apex

544 4147 611 4154 —
646 4118 915 4169 dicendum
954 4136 1045 4170 om.
1086 4119 1135 4169 L
1280 4120 1340 4170 11
1386 4117 1581 4186 braces]
1627 4119 1793 4169 bracis
1830 4119 1954 4170 ML
2114 4130 2165 4169 ut
2203 4120 2370 4169 lunius
2410 4119 2504 4168 M:
2544 4118 2686 4171 Ouid.
2724 4122 2852 4168 trist.
2888 4120 2933 4167 V
2971 4118 3021 4181 7,
3059 4120 3130 4170 49

544 4190 762 4252 pellibus
798 4198 847 4238 et
879 4189 1012 4238 laxis
1050 4198 1220 4238 arcent
1255 4189 1387 4238 mala
1426 4187 1619 4254 frigora
1656 4189 1850 4239 braccis
1959 4189 2162 4253 laxique
2202 4190 2268 4238 M
2408 4190 2470 4239 12
2510 4205 2611 4237 una
2646 4204 2738 4238 om.
2774 4189 2836 4238 M
2938 4196 3130 4237 teretur

546 4260 668 4309 ML
806 4260 1008 4307 sitionia
1045 4261 1094 4311 L
1240 4261 1393 4308 bacae
1419 4258 1541 4307 ML
1685 4259 1746 4309 13
1787 4258 2041 4326 baculum]
2089 4261 2297 4309 baculus
2335 4258 2564 4308 Clericus
2668 4259 2871 4321 quidam
2908 4258 3127 4321 scripse-

545 4340 658 4377 runt
695 4328 944 4378 dederunt
980 4330 1028 4378 L
1066 4330 1235 4393 qzdam
1275 4327 1499 4393 scripse?
1525 4329 1609 4377 dd'
1651 4329 1711 4377 M
1854 4329 1919 4379 14
1955 4329 2122 4378 bacilli
2163 4339 2211 4378 et
2251 4329 2437 4377 bucella
2478 4329 2563 4377 M:
2611 4329 2839 4390 fortasse
2887 4326 3125 4376 bacillum

543 4410 590 4446 et
629 4398 828 4447 bacilla.
867 4416 929 4447 ea
972 4415 1102 4462 quae
1137 4407 1408 4464 sequuntur
1434 4400 1611 4449 ordine
1648 4407 1832 4450 mutato
1868 4401 1939 4448 ita
1974 4401 2166 4463 scripta
2201 4400 2391 4449 suntin
2420 4400 2483 4453 L,
2524 4399 2738 4447 barones
2764 4399 2889 4445 babe
2919 4397 3125 4446 barbam

544 4470 730 4517 bubum
769 4468 974 4517 balneas
1009 4470 1215 4518 birimas
1255 4471 1411 4518 boues
1450 4471 1637 4517 baxeas
1666 4470 1836 4518 beauit
1871 4470 2069 4518 bustum
2180 4469 2243 4519 15
2281 4468 2372 4517 sed
2402 4484 2529 4533 pape
2556 4469 2676 4518 ML
2778 4469 2829 4516 in
2867 4469 3033 4529 satyrii
3065 4467 3130 4516 M

685 4535 748 4587 16
778 4537 1026 4586 dederunt
1057 4554 1189 4587 nunc
1223 4539 1385 4589 neutri
1421 4540 1467 4589 L
1503 4539 1586 4587 dd'
1626 4554 1746 4588 num
1786 4540 1861 4587 ῐιῗι
1901 4538 1960 4586 Μ
2069 4541 2130 4589 17
2165 4539 2325 4589 sicero
2366 4538 2425 4585 M
2534 4538 2597 4588 18
2635 4538 2843 4587 tundere
2882 4536 3001 4586 ML

541 4608 610 4655 20
645 4616 808 4656 mente
846 4608 970 4656 ML
1097 4610 1170 4657 sic
1211 4610 1258 4658 L
1397 4609 1463 4660 23
1497 4625 1584 4657 sen
1622 4610 1672 4656 in
1709 4618 1896 4659 remota
1929 4611 2158 4674 gramine
2193 4609 2255 4656 M
2292 4624 2434 4657 neum
2473 4620 2659 4656 remota
2695 4606 2908 4672 gramini
2948 4609 2995 4655 L

542 4676 705 4726 festus
743 4676 806 4737 L,
835 4693 926 4730 om.
965 4677 1028 4726 M
1166 4681 1234 4729 24
1276 4680 1450 4728 beares
1492 4680 1533 4728 L
1675 4680 1741 4726 25
1782 4679 1996 4727 Birimns
2034 4681 2080 4727 L
2211 4680 2414 4728 birimes
2456 4677 2579 4727 ML
2720 4678 2788 4728 26
2824 4676 3027 4725 birimes
3062 4676 3125 4723 M

675 4749 742 4796 27
781 4763 920 4797 meas
957 4762 1099 4796 arare
1141 4748 1199 4796 M
1239 4764 1380 4798 meus
1414 4749 1543 4797 arari
1583 4749 1622 4795 L
1791 4752 1857 4798 28
1893 4750 2029 4798 Bubu
2072 4748 2133 4796 M
2158 4748 2351 4798 Bubum
2396 4749 2439 4796 L
2607 4748 2822 4810 nolaque
2872 4746 2913 4792 L
3053 4746 3124 4796 29

544 4814 709 4880 ferali]
757 4814 862 4864 fera
898 4818 960 4864 de
1003 4819 1119 4868 ML
1259 4819 1483 4867 cur-mine
1529 4817 1574 4865 L
