3541 5564
531 335 614 400 26
1644 335 1996 401 CLEDDNII
2043 412 2052 413 ἶ

584 460 625 502 p.
656 448 767 487 1880.
795 447 843 487 81
872 445 917 486 Ρ.

536 528 833 590 contrario
879 525 1113 606 quando
1160 524 1450 588 itineralis
1482 527 1662 588 luerit
1706 527 2041 587 accusativo
2074 525 2284 595 servit,
2333 523 2568 603 quando
2601 521 2805 584 localis
2835 522 3104 592 ablativo,

537 636 602 691 ut
643 629 768 690 ‘est
811 629 995 691 codex
1040 648 1220 709 super
1265 630 1639 698 armarium',
1700 647 1820 689 non
1875 631 2086 707 ‘super
2130 626 2434 696 armario',
2495 628 2662 705 quia,
2710 633 2774 686 ut
2816 625 2965 692 dixi,
3013 626 3106 684 iti-

538 731 756 794 neralis
800 733 1124 792 accusativo
1168 732 1461 809 iungitur;
1511 733 1561 792 si
1593 750 1730 791 vero
1762 731 1835 792 de
1875 732 2165 809 significat
2193 728 2443 790 ablativo
2475 729 2683 798 servit,
2731 729 2866 807 quia
2909 725 3109 787 localis

537 844 653 903 est,
712 844 776 895 ut
830 834 1085 894 ‘multa
1142 852 1367 913 super
1430 832 1717 894 Priamo
1786 835 2183 912 rogitans',
2253 831 2365 893 hoc
2424 839 2513 892 est
2569 830 2641 890 de
2706 828 2956 889 Priamo.
3034 863 3102 871 —

537 937 756 1016 Suptus
802 955 1114 1016 numquam
1163 936 1428 1006 dicimuS,
1478 936 1588 998 nisi
1635 943 1733 997 aut
1778 936 1890 996 sub
1936 944 2032 997 aut
2077 953 2273 1015 super.
2314 969 2382 978 —
2433 934 2775 995 Accusativo
2822 932 3106 999 serviunt,
3135 945 3160 983 5

539 1038 773 1118 qnando
830 1038 1130 1099 itinerales
1186 1045 1349 1108 sunt,
1410 1037 1662 1099 ablativo
1720 1038 1957 1117 quando
2013 1036 2257 1105 locales,
2304 1038 2456 1098 sicut
2498 1034 2610 1096 sub
2656 1042 2714 1095 et
2759 1042 2979 1113 supter.
3031 1067 3105 1076 -—

337 1141 721 1209 366,⁷Sunt
776 1159 956 1221 quae
1013 1138 1604 1203 adiectionibus:
1663 1142 1808 1201 istae
1862 1140 2337 1220 praepositiones
2391 1136 2748 1217 loquellares
2802 1135 3106 1195 dicuntur:

537 1243 672 1303 ideo
728 1242 800 1303 ab
858 1242 1282 1304 adiectionibus
1338 1242 1722 1322 sequentibus
1767 1261 1885 1303 non
1931 1250 2312 1321 separantur,
2374 1242 2507 1319 quia
2553 1238 2909 1317 loquellares
2953 1243 3106 1305 sunt,

539 1364 654 1406 non
702 1344 992 1406 casuales:
1046 1343 1053 1424 Ι
1100 1343 1374 1422 loquellis
1429 1352 1653 1405 tantum
1711 1346 2000 1414 serviunt,
2061 1344 2293 1406 casibus
2341 1340 2366 1425 ΙΙ
2413 1344 2635 1404 servire
2681 1360 2797 1401 non
2843 1346 3106 1419 possunt,

540 1466 651 1508 nec
705 1455 1009 1543 separatae
1065 1447 1352 1527 proferri,
1409 1448 1522 1509 nisi
1579 1448 1812 1508 iunctae
1868 1446 2065 1508 verbis
2123 1445 2458 1507 nominibus
2500 1443 2826 1526 participiis
2869 1443 2958 1503 vel
3005 1440 3106 1503 ad·
3138 1452 3185 1492 10

543 1549 771 1611 verbiis.

1451 1719 1547 1781 DE
1591 1718 2172 1781 INTERlECTIONE

455 1854 515 1903 13
709 1838 1148 1900 interiectio
1203 1838 1372 1916 quid
1435 1840 1578 1899 est?
1633 1858 1809 1919 pars
1865 1841 2267 1900 orationis:
2329 1840 2659 1900 interiectio
2716 1838 2894 1907 dicta,
2955 1836 3108 1914 quod

541 1943 939 2022 interponitur
994 1941 1064 2002 ad
1123 1941 1538 2021 exprimendos
1582 1949 1806 2002 tantum
1854 1944 2035 2002 animi
2079 1945 2336 2005 affectus
2428 1959 2562 2002 nam
2610 1959 2743 2001 cum
2792 1939 2922 2000 dico
2968 1941 3114 2000 ‘heu

543 2046 766 2105 amicus
817 2063 980 2106 meus
1034 2052 1301 2105 mortuns
1357 2047 1494 2114 est',
1553 2046 1819 2122 significo
1878 2063 1949 2105 ex
2008 2047 2218 2106 affectu
2274 2046 2488 2106 mentis
2547 2060 2780 2104 causam
2843 2041 3109 2102 dolendi:
3139 2050 3189 2089 1⁵

544 2164 687 2224 ergo
733 2146 1013 2226 quidquid
1058 2148 1331 2207 affectum
1379 2147 1681 2225 exprimit,
1729 2147 2062 2208 interiectio
2121 2154 2226 2208 est.
2317 2165 2451 2207 nam
2498 2151 2633 2208 sunt
2676 2146 3116 2205 interiectiones

542 2248 762 2310 similes
806 2248 1368 2328 praepositionibus,
1417 2267 1566 2327 qnae
1612 2248 1749 2310 hinc
1794 2248 2236 2328 intelleguntur,
2284 2248 2437 2329 qnod
2484 2249 2951 2328 praepositiones
2997 2265 3114 2306 non

458 2362 520 2411 14
544 2351 688 2421 sint,
747 2369 854 2430 per
909 2350 1181 2411 affectum
1240 2357 1337 2411 aut
1394 2350 1701 2427 gaudentis
1759 2359 1859 2411 ant
1909 2351 2159 2413 dolentis
2214 2360 2315 2414 aut
2359 2351 2701 2413 admirantis
2748 2384 2819 2394 —
2869 2349 3113 2409 Inter-

543 2455 859 2514 iectioni
893 2433 1072 2531 qnae
1109 2452 1518 2513 accidunt?:
1566 2454 1703 2530 qnia
1732 2463 1871 2514 sunt
1899 2455 2193 2515 interdum
2226 2456 2505 2515 confusae
2537 2453 2996 2514 interiectiones.
3038 2485 3109 2495 -—

465 2558 688 2617 15Ant
731 2555 1098 2637 dolorem,
1144 2562 1222 2615 ut
1264 2555 1431 2626 heu,
1479 2564 1600 2616 aut
1644 2556 2244 2626 admirationem,
2292 2565 2367 2617 ut
2408 2574 2667 2636 papae:
2714 2554 2830 2617 heu
2878 2554 3192 2632 quando20

542 2659 878 2719 interiectio
936 2665 1024 2718 est
1079 2656 1359 2726 dolentis,
1420 2656 1652 2737 quando
1708 2657 2052 2720 adverbium
2095 2658 2524 2738 respondendi,
2577 2661 2587 2730 Ι
2635 2657 2773 2717 hinc
2820 2656 3111 2735 intellegi-

457 2771 519 2820 16
546 2778 703 2822 mus:
751 2758 1037 2841 producta
1081 2760 1416 2821 interiectio
1462 2768 1581 2830 est,
1618 2768 1889 2841 correpta
1922 2760 2264 2824 adverbium
2298 2759 2716 2841 respondendi.
2774 2795 2838 2804 --
2890 2760 2974 2821 Et
3016 2760 3114 2820 si-

548 2881 685 2942 qua
732 2871 906 2925 sunt
946 2864 1253 2924 similia:
1314 2880 1461 2941 quae
1508 2883 1578 2923 ex
1624 2864 1837 2925 affectu
1883 2867 2095 2926 mentis
2140 2864 2465 2943 colligenda
2511 2870 2674 2933 sunt,
2722 2862 2778 2923 id
2827 2870 2917 2924 est
2959 2862 3115 2943 quod

544 2983 757 3026 sonum
801 2984 972 3026 suum
1017 2964 1315 3027 vocalibus
1359 2967 1669 3037 misceant,
1718 2974 1783 3028 ut
1826 2966 1900 3027 he
1947 2967 2059 3028 ohe
2105 2985 2226 3028 vae.

1593 3136 1689 3197 DE
1732 3137 2055 3199 LITTERA
3141 3143 3193 3185 ²⁵

344 3265 462 3328 367,
489 3267 520 3315 9
714 3253 932 3315 Littera
989 3255 1129 3333 quid
1188 3256 1309 3317 est?
1365 3273 1502 3334 pars
1553 3258 1792 3317 minima
1852 3259 2009 3317 vocis
2063 3257 2420 3319 articulatae.
2491 3257 2686 3318 littera
2743 3256 2896 3317 dicta
2953 3257 3114 3335 qnasi

547 3357 824 3436 legitera,
873 3376 943 3416 eo
988 3357 1144 3437 quod
1192 3356 1524 3435 legentibus
1561 3361 1674 3419 iter
1704 3359 2004 3438 praebeat.
2067 3359 2258 3422 littera
2289 3362 2350 3421 in
2383 3360 2527 3421 duas
2557 3361 2787 3440 species
2818 3356 3114 3424 dividitur,

550 3469 650 3521 aut
693 3461 753 3519 in
799 3458 1029 3519 vocales
1074 3461 1277 3540 ant‘in
1323 3470 1731 3522 consonantes.
1800 3463 2028 3529 vocales
2072 3469 2208 3522 sunt
2252 3464 2395 3524 istae
2441 3463 2726 3542 quinque,
2775 3481 2804 3522 a
2854 3461 2934 3520 ei
2979 3481 3013 3521 o
3059 3480 3115 3530 n,

547 3563 676 3622 sine
722 3561 933 3637 quibus
976 3560 1136 3638 loqui
1183 3580 1298 3622 non
1346 3580 1690 3641 possumus;
1752 3562 2014 3641 reliquae
2059 3564 2263 3625 decem
2311 3573 2369 3625 et
2413 3572 2546 3624 octo
2594 3573 2985 3625 consonantes
3029 3562 3115 3623 di-

547 3673 788 3732 cuntur,
847 3683 917 3723 eo
973 3664 1130 3740 quod
1188 3682 1318 3724 cum
1377 3665 1674 3726 vocalibus
1730 3673 2071 3727 consonant.
2138 3701 2207 3710 —
2265 3666 2752 3728 Articulatae:
2819 3667 2953 3745 quia
3000 3665 3195 3726 duo³0

546 3783 765 3844 genera
810 3773 945 3825 sunt
992 3783 1225 3834 vocum,
1286 3768 1525 3827 confusa
1570 3787 1884 3847 pecorum,
1950 3785 2097 3846 quae
2144 3767 2321 3829 scribi
2367 3786 2482 3828 non
2530 3775 2750 3847 potest,
2809 3767 3118 3829 articulata

548 3866 885 3935 hominum,
936 3883 1084 3942 quae
1128 3869 1242 3946 legi
1290 3876 1347 3929 et
1391 3869 1570 3930 scribi
1620 3877 1828 3948 potest.
1907 3869 2136 3930 litterae
2180 3872 2368 3949 ipsae,
2415 3872 2465 3930 si
2503 3870 2580 3940 ,ad
2627 3869 2916 3931 elementa
2961 3871 3116 3931 rese-

547 3988 779 4039 ramuS,
829 3969 1024 4029 neutri
1067 3972 1303 4047 generis
1346 3981 1516 4040 sunt,
1562 3974 1714 4033 sicut
1755 3971 1985 4033 Tullius
2030 3971 2207 4040 dixit,
2256 3979 2320 4032 ut
2363 3972 2474 4033 hoc
2518 3992 2595 4043 m,
2645 3971 2757 4032 hoc
2803 3972 2851 4042 1;
2905 3975 2954 4034 si
2998 3967 3113 4058 adl

547 4074 705 4151 ipsas
749 4072 1005 4141 litteraS,
1052 4073 1337 4135 seminini.
1399 4074 1693 4136 Romanas
1736 4073 1964 4136 litteras
2005 4075 2200 4154 primo
2233 4074 2558 4136 Carmentis
2602 4074 2885 4155 nympha,
2932 4085 3119 4137 mater

687 4293 813 4344 Cod.
854 4293 1015 4344 Bern.
1056 4297 1123 4346 lv
1160 4295 1359 4350 4*-6.
1502 4297 1534 4348 3
1579 4294 1774 4361 localis]
1821 4296 2011 4346 bocalis
2045 4313 2180 4350 corr.
2211 4303 2280 4352 al.
2320 4315 2448 4350 man.
2489 4299 2683 4349 uocalis
2843 4298 2877 4349 6
2914 4298 3115 4363 quando

550 4363 753 4415 uacales
898 4365 959 4416 14
996 4365 1094 4416 heu
1132 4383 1225 4418 om.
1351 4367 1419 4418 20
1457 4383 1588 4432 pape
1712 4369 1778 4416 24
1807 4375 1860 4414 ut
1896 4366 1960 4416 he
1997 4383 2056 4418 oe
2097 4385 2158 4417 ue
2289 4371 2356 4421 27
2397 4369 2644 4433 legiterad
2679 4371 2841 4432 (cor-r.
2875 4369 2946 4417 al.
2985 4385 3111 4417 man.

548 4434 761 4500 legitera
801 4435 888 4497 ad)
926 4438 1063 4498 quod
1203 4437 1271 4488 30
1306 4436 1547 4487 articulae
1584 4436 1773 4499 quiduo
1916 4436 1981 4487 31
2022 4448 2276 4504 pectorum
2417 4437 2481 4486 34
2524 4438 2679 4488 nimfa

691 4627 716 4676 l
752 4626 954 4690 quando
990 4625 1235 4676 itineralis
1263 4625 1428 4685 suerit,
1465 4625 1686 4676 ablatiuo
1711 4625 1890 4688 seruit,
1927 4627 2128 4690 quando
2169 4627 2340 4678 localis
2376 4628 2665 4678 aecusatiuo
2700 4635 2750 4677 et
2782 4628 2963 4677 deinde
2998 4627 3119 4690 quia

552 4703 604 4742 ut
639 4694 744 4744 dixi
787 4696 960 4746 localis
996 4699 1286 4747 accusativo
1320 4697 1585 4745 Pam-ttius
1725 4697 1759 4744 4
1798 4694 1973 4760 multa]
2014 4698 2172 4760 Ver-9.
2201 4696 2330 4748 Aen.
2367 4698 2380 4745 l
2420 4697 2522 4747 750
2662 4699 2691 4746 7
2722 4695 3109 4762 adiectionibus]

548 4765 855 4816 dictionibus
888 4768 1116 4817 Donatus
1253 4767 1319 4816 27
1354 4766 1567 4830 legitera
1600 4765 1714 4815 ideo
1755 4769 1891 4829 quod
1928 4768 2193 4817 Puta-chius
2331 4766 2399 4817 33
2437 4764 2655 4831 Tullius]
2698 4768 2952 4818 Ciceronis
2980 4771 3117 4817 testi-

548 4837 702 4886 monio
736 4838 784 4885 in
813 4838 983 4886 eadem
1016 4853 1076 4887 re
1112 4851 1230 4888 usus
1266 4845 1343 4887 est
1364 4838 1631 4899 Pompeius
1661 4852 1717 4902 p.
1746 4836 1813 4887 34
1849 4837 1930 4891 ed.
1969 4837 2122 4891 Lina.
2415 4837 2416 4840 ’
