3541 5564
1602 380 1744 443 ARS
2929 378 2973 447 5

403 562 643 627 tionum
696 561 964 628 relictae
1030 574 1213 648 sunt3
1276 564 1552 654 denique
1610 565 1907 632 collectio
1964 565 2287 652 quaedam
2343 564 2737 631 scholiorum
2791 566 2975 632 facta

400 672 526 745 est,
572 664 637 728 in
681 686 812 752 qua
854 664 1030 732 nullo
1076 676 1254 732 certo
1301 667 1528 733 ordine
1559 691 1637 733 ea
1666 691 1833 755 quae
1876 668 2289 754 grammatici
2320 667 2404 732 ad
2435 667 2687 733 Donati
2729 666 2970 733 librum

399 765 877 852 adscripserant
932 779 997 834 et
1054 769 1226 835 inter
1281 792 1351 834 se
1410 780 1475 836 et
1530 794 1676 836 cum
1730 771 1981 837 Donati
2039 769 2260 835 verbis
2316 770 2527 834 mixta
2581 780 2648 834 et
2692 770 2970 835 confusa

397 876 561 931 sunt.
648 867 801 932 hinc
844 869 1040 936 facile
1095 871 1457 937 existimari
1501 880 1736 960 potest,
1785 895 1981 959 quam
2027 871 2371 937 molestum
2416 871 2707 937 laborem
2754 894 2969 938 susce-

394 979 617 1057 pturus
662 970 749 1036 sit
791 972 902 1059 qui
946 994 1029 1037 ex
1073 972 1174 1037 his
1221 975 1431 1040 turbis
1476 976 1546 1040 in
1591 998 1783 1040 suum
1814 974 2100 1062 quidque
2143 972 2359 1039 locum
2403 974 2747 1039 restituere
2791 973 2972 1039 velit.

393 1081 667 1157 augetur
705 1095 861 1139 vero
907 1073 1207 1139 molestia
1248 1098 1326 1140 ac
1370 1077 1661 1142 taedium
1707 1074 2181 1143 emendationis
2228 1076 2425 1140 etiam
2457 1074 2713 1140 vilitate
2756 1098 2973 1141 rerum

394 1196 556 1260 quae
600 1174 669 1237 in
713 1173 836 1239 hoc
878 1174 1048 1242 libro
1095 1186 1480 1243 tractantur.
1540 1178 1824 1265 plurima
1866 1177 2039 1243 enim
2085 1177 2154 1239 in
2185 1175 2569 1262 vulgaribus
2612 1176 2742 1242 illis
2787 1200 2972 1264 prae—

392 1277 594 1362 ceptis
649 1286 717 1341 et
769 1276 1294 1359 definitionibuS,
1351 1303 1520 1367 quae
1577 1281 1644 1344 in
1702 1279 1887 1346 libris
1934 1278 2514 1364 grammaticorum
2559 1279 2826 1343 tractari
2872 1302 2972 1344 so-

392 1376 551 1459 lent,
597 1389 945 1444 versantur
987 1404 1197 1468 neque
1241 1382 1438 1447 aliam
1483 1383 1619 1447 fere
1663 1382 2012 1448 utilitatem
2057 1380 2331 1461 habent,
2364 1403 2559 1468 quam
2601 1390 2677 1444 ut
2720 1380 2969 1447 intelle-

390 1490 613 1565 gatur,
678 1504 805 1568 quo
874 1484 1066 1549 modo
1122 1482 1283 1550 haec
1342 1483 1495 1549 olim
1549 1486 1618 1548 in
1671 1483 1909 1548 scholis
1965 1483 2540 1568 grammaticorum
2606 1483 2692 1548 ad
2760 1493 2972 1573 artem

391 1583 649 1649 Donati,
686 1583 1017 1670 adplicata
1071 1586 1219 1653 sint.
1310 1596 1464 1652 sunt
1521 1595 1739 1653 tamen
1798 1585 2020 1672 aliqua
2063 1608 2148 1650 ex
2192 1583 2626 1651 reconditiore
2669 1586 2975 1652 doctrina

390 1686 665 1772 repetita
706 1684 814 1750 vel
857 1687 1070 1752 minus
1115 1688 1449 1774 vulgaria,
1497 1711 1664 1776 quae
1709 1689 1778 1752 in
1835 1686 2111 1753 aliorum
2157 1686 2738 1772 grammaticorum
2783 1687 2972 1752 libris

389 1810 516 1853 non
559 1785 902 1873 leguntur,
948 1801 1216 1876 propter
1259 1814 1426 1879 quae
1473 1802 1537 1856 et
1582 1790 1735 1855 olim
1780 1788 2093 1855 Putschio
2140 1787 2376 1874 dignus
2423 1788 2604 1854 visus
2649 1799 2751 1855 est
2805 1788 2973 1856 liber

389 1889 497 1977 qui
542 1889 874 1974 ederetur,
920 1914 1130 1979 neque
1158 1894 1427 1958 nuncin
1458 1915 1631 1959 nova
1672 1889 2246 1980 grammaticorum
2291 1890 2580 1956 editione
2624 1891 2974 1957 videbatur

389 1992 592 2057 omitti
634 2013 845 2078 posse.
908 1993 1023 2058 sed
1053 1994 1359 2080 quoniam
1405 2017 1484 2059 ea
1526 2018 1692 2081 quae
1735 1996 1801 2059 in
1835 1993 2060 2059 codice
2105 1992 2351 2079 scripta
2381 2002 2535 2057 sunt
2576 1994 2706 2058 nisi
2748 1993 2972 2059 multis

389 2104 454 2159 et
505 2094 762 2180 magnis
820 2095 1293 2162 mutationibus
1351 2096 1664 2162 adhibitis
1726 2097 1793 2161 in
1847 2097 2093 2160 iustum
2148 2092 2443 2159 o'rdinem
2499 2097 2799 2161 revocari
2863 2118 2971 2160 ne-

390 2206 652 2284 queunt,
699 2211 943 2283 operae·
981 2199 1264 2283 pretium
1309 2222 1438 2265 non
1469 2199 1596 2264 fuit
1627 2209 1875 2265 tantam
1908 2220 2131 2262 curam
2173 2195 2327 2260 huic
2370 2196 2538 2261 libro
2585 2197 2967 2284 inpendere3

391 2298 502 2363 sed
547 2300 707 2363 satis
752 2297 1122 2364 consultum
1165 2299 1244 2364 iri
1288 2302 1629 2367 commodo
1676 2301 2031 2386 legentium
2077 2299 2293 2364 visum
2340 2308 2473 2378 est,
2521 2300 2575 2363 si
2621 2298 2847 2365 relicto
2894 2323 2971 2366 eo

391 2399 616 2465 ordine
671 2401 782 2488 qui
838 2401 906 2465 in
962 2401 1131 2467 libro
1186 2426 1384 2467 manu
1440 2404 1683 2491 scripto
1731 2415 1833 2467 est
1889 2400 2052 2466 illud
2098 2400 2501 2479 efficeretur,
2549 2410 2626 2465 ut
2671 2401 2971 2485 singulae

389 2502 840 2568 adnotationes
886 2503 1185 2590 quamvis
1233 2502 1572 2592 dispersae
1617 2515 1685 2570 et
1727 2525 2041 2591 perverso
2088 2501 2231 2568 loco
2277 2502 2533 2588 positae
2577 2512 2796 2566 tamen
2841 2501 2972 2588 legi

390 2612 454 2668 et
506 2603 795 2690 intellegi
852 2605 995 2671 sine
1046 2605 1349 2672 molestia
1389 2618 1679 2693 possent.
1766 2608 1989 2693 itaque
2034 2605 2280 2703 Dolnati
2325 2604 2531 2669 verba
2574 2605 2970 2687 accuratius,

390 2729 579 2794 quam
637 2731 677 2772 a
718 2707 1030 2775 Putscbio
1086 2707 1333 2773 factum
1387 2719 1559 2792 erat,
1617 2710 1702 2774 ab
1750 2708 1830 2772 iis
1887 2729 2054 2795 quae
2099 2707 2184 2772 ab
2228 2708 2583 2794 interprete
2638 2706 2974 2793 adscripta

390 2819 540 2875 sunt
582 2811 918 2897 separavi,
965 2821 1161 2897 atque
1206 2833 1334 2898 quo
1380 2810 1637 2876 facilius
1683 2806 2208 2896 intellegeretur,
2257 2833 2384 2897 quo
2432 2810 2728 2895 singulae
2773 2808 3009 2876 adno-.

392 2912 667 2978 tationes
714 2913 1146 2999 pertinerent,
1193 2914 1478 2979 numeris
1525 2914 1915 3002 paginarum
1947 2922 2013 2977 et
2043 2934 2355 2977 versuum
2395 2934 2478 2975 ex
2508 2934 2655 2976 mea
2685 2911 2972 2976 editione

392 3014 635 3080 Donati
679 3015 749 3078 in
793 3016 1089 3100 margine
1133 3015 1482 3102 adscriptis
1529 3014 1836 3080 lemmata
1879 3013 1985 3080 vel
2042 3014 2444 3100 praescripta
2487 3013 2571 3078 ab
2616 3011 2972 3099 interprete

390 3115 493 3180 vel
536 3115 778 3180 omissa
819 3115 1131 3181 indicavi.
1191 3117 1427 3182 deinde
1472 3117 1770 3184 diversas
1818 3115 2276 3182 adnotationes
2325 3115 2634 3195 distinxi,
2681 3136 2759 3179 ea
2803 3136 2971 3201 quae

389 3216 881 3282 continuitatem
913 3220 1261 3285 verborum
1295 3219 1564 3285 turbant
1593 3218 1778 3284 uncis
1810 3218 2134 3305 adpositis
2165 3217 2426 3298 notavi,
2458 3216 2734 3303 denique
2765 3217 2972 3282 verba

390 3319 455 3383 in
511 3319 736 3385 codice
796 3319 1399 3412 neglegentissime·
1425 3322 1702 3408 scripta,
1762 3330 2079 3407 quantum
2135 3318 2278 3382 fieri
2336 3328 2621 3405 poterat,
2690 3319 2967 3384 correxi.

391 3444 517 3508 qua
568 3422 633 3485 in
689 3444 760 3487 re
816 3424 974 3510 quid
1018 3423 1329 3490 Putschio
1389 3423 1712 3488 debeatur
1726 3470 1774 3505 ,.
1805 3421 1964 3486 satis
2021 3421 2217 3486 habui
2264 3428 2402 3484 tum
2447 3443 2595 3484 cum
2641 3443 2682 3483 a
2725 3420 2967 3485 codicis

390 3526 709 3612 scriptura
762 3523 1021 3611 longius
1075 3525 1424 3592 recedebat
1479 3524 1850 3590 emendatio
1905 3524 2227 3604 indicare,
2299 3522 2366 3586 in
2433 3521 2734 3610 reliquiS,
2804 3545 2969 3608 quae

390 3626 582 3691 facile
643 3649 683 3691 a
745 3628 979 3714 quovis
1047 3628 1328 3693 inveniri
1392 3635 1691 3715 possent,
1757 3623 1921 3689 nihil
1986 3626 2304 3689 interesse
2368 3634 2551 3689 ratus
2607 3635 2682 3690 ut
2736 3648 2968 3690 nomen

389 3729 671 3794 auctoris
725 3728 1227 3795 adscriberetur.
1318 3730 1387 3794 in
1443 3728 1878 3794 describenda
1933 3726 2175 3792 codicis
2236 3725 2713 3813 discrepantia,
2774 3749 2970 3813 quam

389 3840 755 3919 separatam
800 3854 841 3895 a
883 3854 1029 3896 mea
1071 3831 1494 3898 adnotatione
1540 3829 1821 3912 subieci,
1856 3829 2172 3894 vetustati
2217 3828 2461 3894 codicis
2507 3828 2630 3892 hoc
2676 3828 2851 3908 dedi,
2897 3839 2970 3893 ut

388 3956 466 3998 ne
509 3933 848 3998 levissima
888 3933 1152 4020 quidem
1199 3934 1363 3999 vitia
1404 3934 1849 4022 praeterirem.
1936 3941 2130 4018 atque
2177 3953 2255 3995 ea
2296 3932 2492 3996 etiam
2537 3953 2704 4017 quae
2747 3931 2832 3995 ad
2878 3931 2968 3995 di-

388 4057 640 4100 versam
687 4035 1019 4101 scribendi
1049 4034 1156 4099 vel
1196 4035 1661 4121 pronuntiandi
1690 4031 2008 4098 rationem
2050 4034 2412 4120 pertinent,
2458 4033 2765 4118 quoniam
2809 4031 2970 4097 haec

318 4201 321 4206 .
362 4125 454 4200 ⁴in
496 4137 854 4222 marginem
898 4138 1142 4202 reicere
1187 4160 1382 4224 quam
1409 4137 1477 4202 in
1507 4137 2009 4202 continuitatem
2038 4135 2389 4201 verborum
2420 4134 2709 4221 recipere
2737 4132 2965 4214 malui,

388 4239 671 4306 indicata
726 4249 908 4320 sunt,
968 4238 1096 4303 nisi
1149 4239 1324 4327 quod
1380 4262 1455 4304 ae
1498 4250 1566 4305 et
1616 4253 1658 4303 ε’
1704 4237 1810 4304 vel
1863 4244 1898 4316 ζ)
1942 4248 2009 4303 et
2065 4261 2100 4302 v
2141 4236 2673 4324 frequentissime
2716 4244 2970 4300 mutata

387 4364 531 4408 raro
587 4341 923 4408 adnotavi.
988 4339 1233 4407 'eorum
1292 4364 1456 4428 quae
1511 4343 1756 4407 recenti
1814 4363 2011 4405 manu
2063 4339 2398 4426 adscripta
2451 4349 2635 4420 sunt,
2692 4360 2967 4424 quorum

387 4442 565 4508 nulla
609 4444 965 4510 auctoritas
1009 4453 1129 4526 est,
1179 4443 1559 4530 plerumque
1603 4443 1927 4509 rationem
1956 4464 2087 4506 non
2127 4440 2355 4522 habui3
2406 4441 2631 4528 siquae
2677 4462 2716 4503 a
2747 4449 2966 4504 vetere

388 4544 656 4612 librario
713 4556 1003 4612 correcta
1056 4555 1239 4628 sunt,
1298 4557 1606 4632 corrupta
1662 4547 1990 4631 scriptura
2041 4543 2135 4608 ibi
2181 4551 2466 4622 tantum,
2533 4542 2648 4607 ubi
2692 4539 2966 4605 alicuius

390 4649 693 4713 momenti
750 4670 894 4712 esse
950 4646 1336 4729 videbatur,
1396 4647 1691 4713 exhibita
1736 4656 1857 4712 est.
1946 4645 2184 4711 librum
2228 4667 2423 4708 manu
2469 4643 2782 4729 scriptum
2826 4642 2966 4729 ipse

389 4772 539 4813 cum
592 4749 885 4814 Putschii
939 4749 1224 4832 editione
1280 4746 1561 4830 contuli3
1615 4759 1847 4834 postea
1901 4748 2077 4813 haud
2131 4748 2458 4832 ingratum
2504 4767 2687 4808 meae
2733 4766 2967 4831 operae

391 4850 911 4937 supplementum
954 4851 1115 4916 mihi
1157 4851 1464 4942 praebuit
1491 4849 1855 4915 Hermanni
1894 4849 2157 4934 Hageni
2185 4847 2539 4914 Beruensis
2582 4845 2965 4912 liberalitas,
