3541 5564
660 461 700 500 p.
735 449 934 489 nes-so
965 449 1007 488 r.
2826 463 2870 505 p.
2895 452 2984 493 sn.
3017 452 3064 491 ιε
3092 450 3139 491 L.

608 526 839 587 duobus
881 527 1231 604 generibuS,
1278 537 1342 588 ut
1387 528 1484 588 hic
1529 535 1589 588 et
1632 527 1777 588 haec
1819 530 2023 597 sortia,
2070 537 2169 588 aut
2213 528 2434 598 tribus,
2481 539 2547 589 ut
2577 529 2673 589 hic
2706 529 2941 589 ethaeo
2986 539 3044 590 et
3074 529 3194 589 hoc

607 613 880 689 elegans,
926 616 1361 691 promiscuum,
1410 616 1470 672 in
1516 632 1634 692 quo
1679 621 1779 674 aut
1822 612 2145 674 masculina
2190 621 2328 674 sunt
2372 632 2636 693 semper,
2695 623 2759 674 ut
2803 632 3015 675 corvus
3058 623 3192 674 tur-

608 696 746 766 dus,
794 704 894 757 aut
939 715 1175 777 semper
1217 699 1531 767 feminina,
1580 705 1644 757 ut
1687 698 1884 777 aquila
1941 700 2167 758 cornix.
2257 701 2489 759 numeri
2538 699 2812 759 accidunt
2859 699 3003 767 duo,
3060 701 3190 759 sin-

606 783 860 859 gularis,
911 791 975 842 ut
1019 783 1115 842 hic
1146 783 1315 852 Cato,
1364 783 1642 862 pluralis,
1690 792 1756 843 ut
1801 783 1864 842 hi
1896 783 2176 851 Catones,
2213 781 2238 864 Η
2287 786 2645 854 communia,
2693 791 2760 845 ut
2804 784 2931 844 dies
2974 783 3188 846 nubes,

606 874 744 927 sunt
788 867 1076 945 quaedam
1122 870 1359 928 nomina
1405 886 1640 947 semper
1686 867 2037 945 singularia,
2085 876 2149 927 ut
2180 887 2388 928 aurum
2420 869 2650 938 oleum,
2697 869 2986 949 quaedam
3030 888 3189 928 sem·
3222 885 3254 924 5

607 969 715 1030 per
758 952 1039 1030 pluralia,
1087 961 1154 1012 ut
1196 953 1428 1013 Puteoli
1462 952 1825 1022 Saturnalia;
1872 953 1984 1012 alia
2030 954 2216 1013 forma
2262 953 2616 1030 singularia,
2663 954 2767 1014 sed
2812 956 2868 1013 vi
2912 954 3188 1032 pluralia,

608 1045 672 1098 ut
714 1037 967 1116 populus
1013 1039 1342 1106 exercituS‚
1391 1045 1491 1098 aut
1535 1045 1740 1098 contra
1785 1039 1970 1097 torma
2002 1037 2286 1116 pluralia,
2335 1038 2437 1098 sed
2472 1040 2527 1099 vi
2559 1038 2909 1117 singularia,
2959 1045 3021 1098 ut
3051 1039 3192 1099 idus

608 1140 816 1183 nonae.
905 1123 1093 1200 figura
1149 1124 1454 1182 nominum
1499 1123 1715 1201 duplex
1760 1132 1878 1184 est:
1935 1132 2037 1183 aut
2079 1124 2241 1183 enim
2285 1124 2579 1203 simplicia
2623 1131 2761 1184 sunt
2806 1127 3072 1190 nomina,
3121 1131 3192 1183 ut

609 1206 857 1285 probuS,
906 1215 1006 1267 aut
1049 1209 1403 1286 composita,
1453 1215 1516 1267 ut
1560 1208 1888 1288 improbus.
1978 1216 2414 1286 componuntur
2470 1219 2666 1270 autem
2711 1210 2947 1270 nomina
2995 1209 3189 1269 modis

605 1299 890 1370 quatuor:
937 1298 1037 1353 aut
1082 1294 1240 1353 enim
1286 1295 1516 1370 integra
1562 1295 1862 1371 corruptis
1897 1295 1902 1374 Ι
1938 1295 2294 1371 iunguntur,
2342 1300 2405 1353 ut
2436 1295 2729 1363 insulsus,
2777 1302 2877 1354 aut
2906 1302 3186 1373 corrupta
3224 1313 3280 1350 ιο

604 1379 931 1456 corruptiS,
980 1384 1042 1437 ut
1088 1380 1378 1454 armiger,
1426 1386 1527 1438 aut
1571 1380 1803 1455 integra
1846 1380 2127 1455 integris,
2174 1386 2239 1437 ut
2282 1380 2576 1457 inpotens,
2626 1386 2724 1439 aut
2768 1386 3045 1458 corrupta
3093 1382 3186 1438 in·

607 1463 822 1539 tegriS‚
895 1468 960 1522 ut
1025 1465 1409 1542 armipotens,
1499 1481 1671 1523 casus
1725 1465 2031 1523 nominum
2091 1471 2228 1523 sunt
2282 1482 2415 1532 sex,
2474 1466 2900 1533 nominatimS,
2958 1473 3023 1525 ut
3086 1464 3187 1523 hic

606 1546 777 1615 Cato,
824 1549 1150 1624 genitivus,
1209 1556 1274 1608 ut
1326 1548 1505 1608 huius
1559 1548 1827 1616 Catonis,
1886 1547 2145 1617 dativuS,
2204 1556 2269 1608 ut
2325 1547 2462 1608 huic
2509 1549 2746 1617 Catoni,
2793 1551 3185 1617 aecusativuS,

607 1639 669 1692 ut
735 1632 892 1692 hunc
949 1632 1257 1702 Catonem,
1317 1635 1648 1701 vocativus,
1705 1642 1769 1692 ut
1826 1651 1861 1691 o
1919 1632 2090 1702 Cato,
2150 1632 2473 1702 ablativuS,
2533 1642 2600 1694 ut
2656 1634 2729 1694 ab
2786 1634 2898 1694 hoc
2942 1633 3184 1695 Catone.

607 1716 830 1776 addunt
861 1723 921 1776 et
950 1719 1268 1796 septimum
1298 1736 1528 1786 casum,
1578 1718 1757 1778 veluti
1789 1736 1922 1777 cum
1955 1718 2212 1778 dicimus
2244 1737 2352 1778 nos
2396 1723 2593 1778 ‘terra
2625 1720 2715 1778 vel
2747 1721 2898 1779 mari
2930 1723 3188 1788 vectos',
3230 1735 3279 1772 ιε»

606 1804 708 1882 qui
769 1804 1026 1881 speciem
1088 1802 1328 1862 ablativi
1387 1802 1594 1872 habet,
1655 1821 1762 1862 nec
1819 1809 2016 1863 tamen
2076 1813 2186 1863 est.
2278 1805 2404 1882 ipse
2462 1807 2622 1864 enim
2679 1804 3036 1883 aliquotiens
3078 1823 3192 1883 per

608 1889 1005 1947 accusativum
1050 1887 1336 1966 liquidius
1378 1889 1741 1966 explicatur,
1791 1906 1907 1946 non
1954 1890 2159 1967 utique
2206 1890 2403 1947 ‘terra
2448 1888 2538 1948 vel
2584 1892 2737 1949 mari
2783 1893 3035 1958 vectos’,
3083 1889 3189 1949 sed

605 1974 746 2051 ‘per
789 1980 1013 2033 terram
1057 1973 1147 2032 vel
1195 1991 1356 2034 mare
1403 1975 1661 2033 vectos'.
1733 1991 1804 2033 ex
1851 1972 1960 2032 hoc
2004 1991 2182 2033 sensu
2228 1982 2317 2033 est
2363 1973 2700 2035 ‘multum
2745 1974 2875 2034 ille
2921 1982 2993 2034 et
3038 1982 3190 2035 ter·

606 2059 713 2118 ris
757 2059 1083 2118 iactatus
1138 2066 1209 2118 et
1264 2057 1471 2118 alto'.
1560 2066 1696 2118 sunt
1750 2057 2038 2137 quaedam
2096 2060 2332 2119 nomina
2388 2077 2538 2137 quae
2594 2077 2711 2119 non
2757 2059 3078 2120 flectuntur
3123 2063 3209 2120 in-

605 2144 800 2203 varios
845 2161 1017 2203 casus
1061 2141 1383 2212 declinata,
1430 2142 1533 2203 sed
1580 2161 1696 2203 nna
1741 2142 2134 2222 appellatione
2178 2161 2287 2222 per
2342 2162 2548 2204 omnes
2602 2143 2885 2204 articulos
2927 2144 3188 2204 efferun-
3220 2163 3276 2202 so

574 2235 733 2296 ‘tur,
781 2235 845 2287 ut
888 2229 1049 2305 frugi
1093 2246 1380 2307 nequam,
1428 2247 1578 2307 quae
1625 2227 1839 2288 Graeci
1883 2235 2223 2307 monoptota
2269 2227 2590 2307 appellant.
2681 2237 2817 2290 sunt
2872 2248 3024 2308 quae
3080 2230 3187 2289 de·

605 2311 987 2373 clinationem
1032 2315 1272 2374 omnino
1317 2315 1379 2373 in
1410 2312 1696 2392 quosdam
1742 2331 1916 2373 casus
1959 2331 2078 2381 non
2123 2314 2449 2392 recipiunt,
2498 2320 2565 2373 ut
2609 2315 2699 2389 sas
2743 2315 2917 2389 nefas·
2954 2322 3188 2375 tantum

603 2415 715 2476 per
758 2399 1187 2459 nominativum
1233 2406 1292 2458 et
1337 2406 1544 2476 sponte
1594 2406 1821 2459 tantum
1868 2417 1974 2477 per
2019 2396 2337 2459 ablativum
2383 2401 2443 2458 in
2489 2417 2599 2459 usu
2645 2399 2958 2459 habentur.

1590 2567 1689 2629 DE
1733 2566 2179 2629 PRONOMINE

772 2685 1105 2748 Pronomen
1170 2695 1260 2747 est
1322 2705 1462 2766 pars
1529 2689 1816 2749 orationis
1876 2705 2026 2767 quae
2083 2687 2242 2746 idem
2296 2687 2453 2766 quod
2510 2706 2754 2758 nomen,
2823 2689 2926 2749 sed
2983 2692 3187 2751 minus
3218 2707 3273 2747 25

603 2773 777 2853 plene
829 2773 852 2851 ,Ἰ
901 2774 1217 2851 significat.
1306 2775 1642 2852 pronomini
1689 2772 1968 2834 accidunt
2011 2771 2265 2852 qualitas
2319 2774 2676 2851 significatio
2731 2776 2950 2853 positio
2994 2793 3186 2853 genus

604 2876 889 2919 numerus
946 2860 1091 2919 ordo
1146 2859 1335 2935 figura
1390 2876 1642 2937 persona
1687 2877 1879 2919 casuS.
1967 2857 2219 2937 qualitas
2264 2867 2383 2927 est,
2442 2861 2581 2938 quia
2626 2867 2761 2919 sunt
2806 2868 2906 2921 aut
2948 2862 3186 2922 infinita

602 2946 982 3024 pronomina,
1033 2952 1097 3003 ut
1139 2945 1301 3022 quiS‚
1349 2951 1450 3003 aut
1492 2945 1688 3013 finita,
1735 2952 1801 3004 ut
1845 2947 1993 3022 ipse.
2082 2944 2440 3019 significatio
2483 2946 2896 3023 pronominum
2940 2947 3002 3005 in
3049 2956 3186 3007 octo

601 3035 801 3108 partes
846 3029 1034 3090 divisa
1079 3037 1201 3089 est:
1250 3036 1351 3089 aut
1395 3031 1553 3088 enim
1599 3047 1918 3108 personam
1964 3030 2326 3105 significant,
2374 3036 2439 3087 ut
2480 3031 2613 3108 quis
2656 3048 2838 3110 quae,
2886 3039 2987 3091 aut
3029 3050 3181 3101 rem,

603 3120 667 3174 ut
710 3114 821 3174 hoe
866 3114 1056 3183 istud,
1115 3122 1217 3173 aut
1268 3120 1532 3191 gentem,
1592 3122 1656 3175 ut
1699 3115 1864 3174 cuias
1919 3122 2182 3182 nostras,
2240 3121 2343 3173 aut
2387 3133 2726 3184 numerum,
2774 3121 2839 3174 ut
2882 3123 3026 3195 quot
3068 3124 3180 3186 tot,
3213 3136 3270 3176 so

603 3205 701 3260 aut
747 3198 1045 3267 ordinem,
1106 3206 1170 3259 ut
1212 3208 1427 3278 quotus
1472 3207 1658 3269 totus,
1718 3207 1819 3259 aut
1861 3199 2234 3278 qualitatem,
2296 3206 2360 3258 ut
2402 3199 2596 3278 qualis
2641 3200 2800 3269 talis,
2849 3209 2951 3261 aut
2992 3220 3179 3281 quan-

601 3287 859 3353 titatem,
910 3290 974 3344 ut
1016 3291 1270 3363 quantus
1314 3291 1542 3354 tantus,
1590 3291 1690 3345 aut
1733 3284 1806 3344 ad
1854 3283 2108 3363 aliquid;
2155 3301 2407 3362 quorum
2452 3285 2740 3363 quaedam
2784 3293 2886 3345 aut
2929 3294 3180 3366 utraque

601 3370 925 3446 singularia
970 3378 1134 3437 sunt,
1184 3375 1247 3428 ut
1291 3387 1458 3429 meus
1501 3377 1671 3439 tuus,
1719 3378 1821 3429 aut
1865 3377 2113 3448 utraque
2158 3367 2439 3447 pluralia,
2488 3377 2553 3430 ut
2595 3373 2783 3429 nostri
2829 3374 3030 3441 vestri,
3077 3380 3183 3431 aut

601 3457 977 3515 extrinsecus
1021 3454 1376 3531 singularia,
1423 3465 1488 3514 ut
1531 3462 1733 3514 noster
1779 3462 2002 3524 vester,
2061 3460 2163 3515 aut
2207 3446 2567 3515 intrinsecus
2612 3454 2889 3534 pluralia,
2950 3465 3015 3516 ut
3058 3459 3178 3517 mei

604 3541 711 3600 tui.
797 3541 1014 3618 positio
1071 3546 1186 3607 est,
1246 3557 1359 3618 qua
1406 3546 1736 3620 spectatur,
1795 3548 1993 3599 utrum
2051 3541 2474 3616 interrogativa
2519 3541 2639 3600 sint
2681 3543 3064 3619 pronomina,
3113 3549 3178 3602 ut
3209 3562 3265 3601 35

600 3627 736 3705 quis
779 3633 912 3685 uter
940 3672 954 3695 ,
1002 3630 1103 3684 aut
1147 3627 1522 3704 responsiva,
1570 3633 1634 3685 ut
1677 3626 1775 3685 hie
1821 3627 1961 3693 iste,
2008 3632 2112 3685 aut
2156 3626 2551 3702 segregativa,
2601 3633 2663 3684 ut
2701 3628 2972 3705 quisquis
3015 3634 3174 3687 uter-

600 3728 745 3790 que,
816 3718 917 3771 aut
970 3711 1289 3789 privativa,
1356 3716 1421 3769 ut
1485 3711 1695 3790 nequis
1760 3722 1972 3770 neuter
2027 3728 2201 3770 nemo
2257 3710 2424 3769 nihil.
2514 3728 2798 3771 numerus
2840 3714 3177 3791 pronomini

600 3795 818 3856 accidit
874 3795 1223 3873 singularis,
1283 3802 1350 3854 ut
1403 3812 1512 3872 ego
1572 3797 1730 3874 quis,
1789 3795 2062 3875 pluralis,
2123 3803 2189 3854 ut
2242 3814 2349 3855 nos
2401 3798 2639 3875 quanti,
2696 3798 3051 3866 communiS,
3113 3803 3180 3856 ut

599 3900 749 3960 quae
806 3890 1045 3960 quanta.
1135 3898 1417 3942 numerus
1471 3880 1626 3959 apud
1682 3881 1940 3942 Graecos
1994 3886 2243 3960 propter
2309 3880 2539 3941 dualem
2605 3899 2916 3941 numerum
2982 3890 3180 3943 motus

600 3965 778 4027 habet
822 3984 1058 4034 novem,
1121 3967 1182 4025 in
1240 3983 1510 4025 sermone
1571 3973 1775 4027 nostro
1820 3973 2104 4045 quatuor:
2151 3973 2253 4026 aut
2294 3968 2453 4025 enim
2500 3984 2681 4027 unum
2728 3968 2904 4028 unius
2948 3969 3175 4044 signifi·
3206 3988 3262 4026 ιο

599 4069 828 4121 camna,
877 4061 941 4112 ut
985 4069 1153 4112 meus
1197 4058 1359 4119 tuus,
1419 4059 1519 4110 aut
1574 4052 1789 4112 multos
1842 4051 2187 4119 multorum,
2248 4058 2313 4111 ut
2356 4054 2542 4112 nostri
2590 4055 2798 4121 vestri,
2845 4059 2949 4113 aut
2992 4070 3177 4112 unum

737 4274 758 4324 1
800 4284 853 4324 ut
890 4274 970 4323 hic
1006 4283 1055 4323 et
1082 4272 1208 4322 haec
1244 4274 1482 4324 sacerdos
1517 4281 1604 4322 aut
1638 4274 1799 4323 tribus
1830 4272 2100 4338 generibus
2137 4285 2186 4330 ς,
2226 4288 2318 4325 om.
2350 4271 2394 4321 G
2510 4273 2542 4325 :3
2576 4269 2766 4338 aquila]
2805 4273 2976 4338 aliqua
3022 4275 3075 4322 V

599 4343 629 4392 7
668 4355 756 4394 aut
801 4341 995 4411 contra]
1039 4344 1140 4393 alia
1177 4356 1350 4394 contra
1387 4358 1422 4400 ς
1561 4346 1651 4393 sed
1686 4360 1778 4397 om.
1822 4358 1855 4399 ς
1998 4344 2060 4393 15
2109 4357 2200 4391 nos
2236 4352 2421 4391 terram
2460 4344 2537 4392 ιιεΙ
2578 4358 2717 4392 mare
2755 4344 2860 4393 VG
3000 4354 3178 4394 uectus

599 4413 643 4463 G
817 4415 881 4465 16
916 4430 1008 4481 per
1038 4417 1383 4464 accusatiuum
1414 4413 1607 4477 aliquid
1649 4416 1726 4463 ius
1760 4413 1984 4480 explicat
2021 4414 2065 4463 G
2245 4412 2306 4463 17
2347 4411 2494 4477 mari]
2532 4428 2671 4462 mare
2715 4415 2819 4465 VG
2989 4413 3054 4465 18
3084 4431 3178 4481 per

598 4495 779 4534 terram
820 4500 957 4533 mare
1004 4483 1110 4534 1106
1247 4492 1422 4534 uectus
1455 4486 1497 4535 6
1639 4478 1872 4547 multum]
1917 4485 2073 4547 Vera.
2110 4483 2238 4532 Aen.
2272 4486 2287 4532 l
2326 4484 2358 4534 :3
2499 4484 2566 4534 23
2604 4482 2786 4533 liabent
2829 4485 2882 4531 V
2889 4483 2934 4533 G
2963 4483 3179 4534 habetur
3252 4527 3263 4536 .

597 4567 631 4609 ς
770 4554 838 4606 32
876 4565 962 4602 aut
998 4554 1061 4603 ad
1098 4553 1289 4616 aliquid
1336 4561 1388 4602 ut
1424 4569 1636 4618 quorum
1688 4554 1936 4617 quaedam
1982 4556 2034 4603 V
2065 4562 2150 4601 aut
2188 4553 2378 4615 aliquid
2417 4561 2471 4602 ut
2506 4569 2718 4617 quorum
2753 4554 2955 4617 quidam
2995 4553 3041 4603 G
3084 4567 3177 4605 aut

597 4625 664 4673 ad
699 4624 892 4686 aliquid
926 4632 978 4674 ut
1014 4624 1219 4688 quidam
1257 4625 1504 4688 quaedam
1543 4639 1576 4680 ς
1716 4624 1785 4675 33
1823 4631 1877 4672 ut
1915 4626 2072 4674 nostri
2109 4649 2179 4658 -
2213 4623 2492 4689 singularia
2529 4640 2621 4675 om.
2653 4624 2698 4674 G
2836 4624 2903 4676 35
2940 4639 3038 4688 qua
3081 4640 3176 4673 ex-

596 4701 826 4758 pectatur
861 4695 914 4742 V
1046 4694 1114 4746 36
1152 4708 1397 4759 responsa
1441 4696 1494 4743 V
1628 4695 1862 4761 segatiua
1908 4696 1960 4744 V
2093 4693 2162 4744 :39
2201 4691 2384 4760 motus]
2429 4703 2591 4743 motos
2638 4693 2692 4742 V
2715 4693 2897 4743 modos
2932 4707 2966 4749 ς
3104 4694 3178 4744 40

598 4763 818 4814 insermo
856 4772 1028 4813 nostro
1064 4778 1199 4815 ωιτ.
1230 4766 1278 4812 in
1319 4774 1489 4813 nostro
1535 4765 1588 4812 V
1687 4773 1775 4814 aut
1810 4764 1943 4813 enim
1982 4765 2131 4814 unius
2170 4778 2431 4813 numerum
2467 4763 2815 4831 significamus
2852 4777 2886 4817 ς
2918 4773 3004 4813 aut
3037 4765 3177 4814 enim

597 4834 747 4884 unius
780 4833 1129 4899 significamus
1171 4834 1227 4883 V
1233 4834 1277 4884 G
