3541 5564
574 1791 682 1857 Ex
735 1792 921 1859 libris
976 1816 1174 1858 manu
1231 1795 1491 1881 scriptis
1549 1797 1845 1882 Pompeii
1900 1798 2316 1882 grammatici
2374 1807 2516 1864 tres
2571 1800 2987 1886 potissimum

405 1892 606 1979 elegi,
653 1916 922 1982 quorum
952 1894 1147 1960 fidem
1189 1896 1258 1959 in
1288 1896 1540 1962 edendo
1570 1896 1739 1963 libro
1773 1920 2109 1986 sequerer,
2156 1921 2429 1987 eosque,
2476 1910 2552 1965 ut
2581 1903 2741 1966 mihi
2771 1904 2988 1968 visum

404 2006 540 2078 est,
587 2020 805 2063 omnes
851 2021 1021 2063 nono
1067 1998 1326 2063 saeculo
1373 1998 1685 2086 scriptoS,
1730 2023 1935 2065 unum
1980 2000 2685 2088 Wolfenbuttclanum,
2732 2007 2845 2093 qui
2888 2017 2991 2072 est

402 2099 573 2163 inter
625 2101 880 2166 codices
938 2099 1603 2186 Weissenburgcnses
1662 2103 1743 2167 86
1801 2103 1956 2189 (Α),
2016 2104 2179 2169 duos
2239 2104 2608 2189 Parisinos,
2667 2107 2779 2193 qui
2835 2107 2991 2172 olim

404 2199 667 2266 fuerunt
709 2201 1308 2287 Sangermanenses
1359 2204 1523 2268 1179
1571 2204 1685 2285 (Β)
1732 2214 1799 2269 et
1846 2204 2010 2269 1180
2057 2206 2192 2291 (C).

571 2302 799 2369 Codex
842 2304 1488 2371 Wolfenbuttelanus
1534 2305 1911 2372 VVeissenb.
1959 2306 2039 2372 86
2085 2312 2319 2381 „codex
2361 2315 2706 2376 monasterii
2740 2323 2989 2378 sancto-

400 2426 535 2469 rum
580 2412 746 2485 petri
794 2416 853 2487 e(
894 2414 1076 2487 pauli
1126 2414 1189 2471 in
1242 2412 1633 2486 vissenbur9“
1684 2401 1981 2475 continet
2045 2412 2570 2479 membranarum
2600 2425 2603 2427 ’
2636 2413 2987 2482 fasciculos

403 2507 638 2592 viginti
696 2517 944 2595 septem
1000 2509 1251 2576 formae
1308 2510 1666 2598 quadratae
1729 2511 2036 2596 minoriS,
2095 2536 2130 2577 e
2186 2515 2423 2601 quibus
2470 2516 2555 2580 ad
2600 2517 2986 2603 Pompeium

400 2610 727 2696 pertinent
770 2613 1229 2698 quaterniones
1260 2612 1498 2699 viginti
1537 2617 1780 2678 tres‘et
1823 2615 2240 2680 membranae
2286 2616 2634 2684 duodecim
2678 2618 2747 2682 in
2788 2641 2990 2684 unum

400 2711 787 2777 fasciculum
853 2723 1262 2805 compactae:
1334 2738 1395 2803 q.
1446 2714 1628 2780 1—5
1697 2719 2235 2784 COMMENTUM
2288 2724 2543 2785 ARTIS
2598 2724 2918 2786 DONATI
2975 2724 2980 2803 Ι

399 2821 854 2896 uniuscuiusque
895 2824 1144 2882 scientia
1185 2858 1271 2866 —-
1313 2822 1416 2881 ubi
1446 2838 1559 2898 pes
1594 2825 1732 2894 finit
1776 2819 1868 2905 (p.
1913 2820 2144 2885 3-82
2191 2820 2294 2884 ed.
2338 2822 2600 2909 Lind.),
2645 2845 2706 2911 q.
2755 2823 2989 2887 6-24

398 2921 719 2983 INCIPIT
745 2923 1276 2985 EXPLANATIO
1306 2923 1663 2984 NOMINIS
1697 2921 1706 3005 Ι
1745 2925 2062 2986 POMPEI
2092 2927 2609 3007 GRAMMANTIC.
2637 2931 2831 3009 (corr.
2869 2926 2986 3011 CI)

403 3021 412 3104 Ι
458 3028 738 3086 orationis
780 3032 998 3102 partes
1040 3060 1123 3069 —
1160 3032 1351 3101 potest
1403 3027 1528 3087 dici
1570 3021 1660 3109 (p.
1710 3024 1793 3088 82
1813 3025 2079 3112 -414).
2138 3024 2405 3111 reliquis
2453 3023 2986 3113 quaternionibus

399 3121 611 3187 tribus
659 3125 1072 3189 continentur
1115 3123 1305 3207 haec,
1356 3124 1761 3200 Cassiodorii
1807 3126 2132 3212 praefatio
2170 3126 2252 3191 de
2298 3127 2685 3215 disciplinis,
2733 3136 2989 3194 intentus

401 3229 562 3289 nobis
609 3264 679 3274 —
730 3230 895 3290 dicta
933 3231 1235 3306 precipiat
1279 3226 1367 3312 (p.
1401 3225 1547 3290 519.
1592 3226 1720 3290 520
1763 3229 1865 3293 ed.
1907 3229 2121 3313 Gan).
2169 3229 2464 3294 eiusdem
2509 3229 2589 3295 de
2633 3231 2985 3317 generibus

402 3348 744 3392 causarum
786 3337 1134 3394 tractatus:
1168 3351 1232 3414 p.
1263 3328 1408 3407 497,
1450 3328 1725 3392 27—34
1756 3329 1859 3394 ed.
1891 3328 2110 3396 Halm.
2146 3336 2221 3395 de
2245 3336 2498 3413 pedibus
2524 3340 2815 3413 expositio
2843 3336 2991 3397 Iulii

403 3433 608 3494 Severi
617 3457 637 3493 .-
678 3429 862 3495 Mall.
895 3429 1146 3495 Theod.
1179 3429 1281 3494 ed.
1312 3429 1518 3496 HeuS.
1566 3454 1631 3517 p.
1666 3431 1935 3496 71—81.
1999 3437 2248 3498 Esidori
2286 3441 2535 3498 iunioris
2567 3441 2989 3514 palestinensis

402 3538 666 3611 episcopi
694 3540 1129 3609 yrammaticae
1157 3538 1305 3596 artis
1333 3553 1488 3597 nom.
1512 3554 1707 3611 yreqa
1735 3547 1794 3598 et
1820 3540 2015 3601 latina
2043 3546 2279 3600 notata:
2321 3536 2411 3601 ib.
2443 3559 2506 3623 p.
2539 3537 2809 3602 81—85.
2840 3557 2986 3601 cae-

401 3655 580 3696 surae
622 3654 933 3699 uersuum:
977 3635 1068 3700 ib.
1100 3657 1165 3721 p.
1197 3633 1471 3700 86—90.
1518 3639 1592 3698 de
1630 3643 1861 3701 metris:
1899 3637 1991 3703 ib.
2022 3661 2086 3724 p.
2120 3638 2388 3704 91-98,
2421 3636 2631 3703 Mallii
2660 3639 2988 3705 Theodori

404 3735 484 3799 de
527 3736 752 3800 metris
799 3735 1059 3802 libellus
1104 3737 1188 3802 ab
1234 3736 1647 3823 Heusingero
1680 3761 1765 3803 ex
1801 3738 1921 3805 hoc
1951 3739 2176 3805 codice
2221 3741 2455 3805 editus.
2514 3741 2732 3806 omnia
2761 3741 2987 3806 eadem

401 3859 598 3902 manu
644 3840 891 3924 scripta
935 3848 1121 3922 sunt,
1167 3838 1399 3905 litteris
1445 3849 1666 3905 tamen
1709 3863 1841 3906 non
1886 3840 2118 3908 eodem
2164 3841 2368 3907 ductu
2410 3864 2527 3929 per
2572 3863 2795 3907 omnes
2839 3865 2986 3929 par-

290 4024 305 4037 ·
402 3949 499 4004 tes
544 3942 856 4006 exaratis.
935 3942 1051 4006 sed
1096 3943 1165 4005 in
1209 3942 1504 4028 Pompeii
1547 3941 1735 4007 libro
1763 3953 1955 4008 vetus
2002 3944 2328 4031 scriptura
2370 3942 2668 4031 plurimis
2714 3943 2872 4010 locis
2920 3953 2988 4008 et

404 4042 680 4109 diversis
726 4043 1028 4108 manibus
1075 4055 1400 4127 correcta,
1461 4067 1593 4111 non
1647 4067 1998 4131 numquam
2043 4046 2239 4111 etiam
2286 4068 2327 4110 a
2370 4047 2848 4130 correctoribus
2893 4047 2990 4110 ita

404 4143 616 4211 deleta
660 4154 791 4227 est,
838 4155 913 4210 ut
956 4145 1113 4232 quid
1158 4144 1309 4210 olim
1355 4148 1672 4234 scriptum
1715 4146 1915 4213 fuerit
1958 4168 2089 4211 non
2132 4147 2470 4234 adpareat.
2529 4148 2598 4212 in
2641 4148 2721 4212 iis
2768 4157 2985 4212 autem

404 4269 564 4333 quae
609 4257 842 4335 postea
884 4247 1219 4334 adscripta
1262 4259 1414 4313 sunt
1459 4250 1784 4336 quaedam
1821 4248 2102 4316 ¹eandem
2144 4248 2282 4314 fere
2327 4259 2640 4332 aetatem,
2673 4271 2803 4336 qua
2844 4250 2986 4335 ipse

403 4346 564 4415 liber
609 4352 893 4436 scriptus
941 4358 1074 4432 est,
1122 4349 1239 4414 sed
1287 4350 1621 4415 diversam
1666 4360 1884 4416 tamen
1923 4374 1964 4416 a
1991 4360 2213 4416 vetere
2240 4350 2509 4416 librario
2536 4373 2798 4415 manum
2829 4372 2986 4437 prae

405 4472 470 4514 se
513 4450 754 4517 ferunt.
828 4461 1114 4517 ceterum
1159 4460 1452 4517 extrema
1493 4475 1646 4539 pars
1692 4451 1845 4518 libri
1890 4454 1969 4518 de
2012 4454 2188 4518 vitiis
2235 4460 2302 4517 et
2344 4453 2701 4518 virtutibus
2747 4452 2984 4541 oratio-

404 4554 534 4636 nis,
579 4576 750 4641 quae
794 4553 864 4617 in
908 4553 1128 4619 codice
1173 4554 1383 4634 deest,
1441 4564 1555 4619 aut
1597 4577 1951 4640 numquam
1996 4555 2241 4641 scripta
2284 4555 2412 4619 fuit
2454 4562 2569 4619 aut
2610 4555 2986 4639 antiquissi-

405 4675 505 4720 mo
561 4655 693 4720 iam
750 4664 1041 4741 tempore
1096 4657 1311 4742 periit.
1368 4678 1551 4732 ,nam
1596 4666 1786 4721 vetus
1841 4656 2369 4721 membranarum
2415 4655 2610 4730 ordo,
2657 4659 2770 4742 qui
2814 4679 2986 4722 nunc

404 4757 823 4842 perturbatus
870 4767 969 4821 est
1012 4759 1079 4821 in
1121 4757 1377 4839 codice,
1423 4760 1711 4822 numeris
1742 4759 1811 4823 in
1842 4760 1988 4823 imis
2020 4759 2426 4843 marginibus
2473 4759 2742 4845 antiqua
2785 4782 2985 4824 mann

406 4860 663 4947 scriptis
722 4859 1047 4923 indicatus
1105 4871 1230 4924 est.
1317 4860 1546 4924 eadem
1592 4882 1788 4923 manu
1833 4861 2328 4947 inscriptiones,
2384 4883 2662 4948 quarum
2708 4862 2985 4946 vestigia
3081 4926 3086 4932 ,

2490 4965 2579 5029 6*
