3541 5564
566 334 692 398 370
1646 332 2052 395 CONSENTll

619 458 658 495 p.
688 444 801 485 2055.
828 444 877 484 56
905 444 949 482 r.

566 523 1056 591 ficatum‘bahet,
1106 542 1288 582 veneo
1333 524 1642 602 patientiS‚
1692 523 1897 583 eadem
1942 524 2169 583 ratione
2216 541 2329 602 qua
2376 524 2529 582 facio
2574 531 2633 583 et
2678 524 2774 583 fio.
2816 554 2825 560 ·
2863 530 3136 584 munerat

566 607 888 705 hospitem,
963 633 1311 686 muneratur
1375 626 1702 704 hospitem,
1774 626 1979 686 eadem
2041 627 2395 702 significatio
2455 631 2543 685 est
2600 627 2660 685 in
2717 633 2968 705 utroque
3026 626 3134 686 sub

567 729 820 790 (liversis
863 728 1390 789 declinationibus:
1453 728 1632 789 habet
1686 730 1843 789 enim
1890 730 1951 787 in
1999 736 2249 808 utroque
2297 730 2413 788 vim
2458 730 2724 788 activam.
2813 728 2952 788 huie
2997 748 3134 789 con-

567 833 818 893 trarium
864 838 953 890 est
998 831 1282 891 ‘induit
1335 830 1546 890 albos
1601 850 1756 891 eum
1811 832 1993 891 vitta
2052 832 2339 890 crines'
2386 838 2445 890 et
2488 830 2843 891 ‘loricam
2890 832 3133 892 indui·

571 935 757 994 tur':
806 933 985 993 habet
1030 935 1190 993 enim
1236 936 1298 994 in
1346 941 1600 1011 utroque
1648 934 1763 993 vim
1808 934 2120 1013 passivam.
3161 955 3186 992 5

736 1035 923 1104 Nunc,
971 1037 1250 1113 quoniam
1284 1054 1390 1114 per
1423 1035 1684 1113 singulas
1714 1054 1864 1114 quae
1895 1034 2077 1094 verbo
2110 1035 2384 1097 accidunt
2428 1042 2628 1114 partes
2672 1036 2924 1096 deficere
2957 1036 3135 1096 verba

567 1128 906 1219 paulo'ante
941 1138 1369 1216 praediximus,
1418 1157 1591 1217 quem
1640 1138 1710 1197 ad
1756 1137 1993 1198 modum
2043 1140 2103 1197 in
2148 1155 2367 1215 genere
2414 1138 2581 1198 verbi
2630 1138 2917 1198 defectiva
2961 1138 3133 1199 intel-

566 1242 867 1319 legantur,
916 1241 1176 1300 breviter
1208 1239 1675 1318 conplectemur.
1738 1240 2025 1319 quaedam
2072 1242 2157 1299 sic
2203 1240 2513 1309 deficiunt,
2559 1247 2626 1299 ut
2669 1259 2786 1300 non
2831 1242 3133 1301 invenian-

567 1353 663 1403 tur
729 1344 960 1403 litterae
1031 1342 1267 1409 solitae,
1339 1361 1487 1421 quae
1544 1344 1732 1421 prima
1789 1361 2039 1421 persona
2097 1344 2430 1421 praesentis
2486 1344 2773 1422 temporis
2830 1342 3133 1402 indicativi

567 1446 724 1506 modi
770 1464 956 1523 genus
1004 1445 1440 1512 demonstrant,
1492 1463 1525 1502 o
1571 1443 1799 1505 scilieet
1846 1453 1903 1505 et
1949 1465 1999 1505 r.
2061 1464 2127 1505 ea
2176 1453 2311 1506 sunt
2340 1445 2515 1505 huius
2545 1446 2735 1513 modi,
2783 1451 2848 1504 ut
2890 1447 3132 1505 memini
3162 1467 3212 1505 ιο

567 1565 806 1628 possum
852 1548 1050 1608 taedet
1096 1550 1353 1625 inquam.
1444 1546 1730 1626 quaedam
1779 1566 1918 1607 vero
1964 1566 2036 1607 ne
2082 1546 2303 1608 habent
2348 1547 2585 1627 quidem
2633 1550 2885 1627 primam
2929 1567 3131 1628 perso-

567 1670 732 1718 nam,
793 1658 857 1710 ut
914 1651 996 1709 sis
1052 1651 1178 1709 infit
1240 1668 1363 1707 ave.
1453 1667 1562 1709 nec
1620 1650 1808 1710 solum
1865 1649 1972 1709 hac
2030 1651 2258 1709 ratione
2316 1650 2625 1719 deficiunt,
2689 1651 2790 1711 sed
2836 1651 3135 1712 interdum

568 1771 780 1812 novum
825 1750 1106 1831 quiddam
1166 1753 1467 1811 invenitur
1515 1754 1577 1811 in
1623 1770 1692 1811 eo
1738 1751 1949 1818 verbo,
2015 1771 2151 1841 quo!
2175 1769 2362 1829 genus
2407 1771 2514 1831 per
2559 1752 2820 1814 litteram
2867 1754 3131 1814 declara-

567 1865 699 1923 tur,
739 1854 976 1913 'scilicet
1021 1862 1087 1913 ut
1134 1861 1336 1913 contra
1385 1855 1671 1915 rationem
1726 1862 2061 1914 ceterorum
2119 1856 2179 1913 in
2225 1856 2339 1915 fine
2385 1854 2671 1933 producta
2717 1858 2793 1915 sit
2836 1876 2870 1914 o
2914 1857 3131 1926 littera,

567 1967 629 2018 ut
676 1965 766 2017 sto
811 1956 884 2015 do
930 1956 1024 2016 flo.
1115 1955 1218 2015 sed
1275 1956 1418 2016 haec
1477 1964 1773 2035 tamquam
1832 1955 2226 2035 monosyllaba
2275 1953 2287 2039 l
2335 1965 2539 2018 contra
2597 1958 2859 2035 regulam
2915 1958 3130 2037 produ-
3164 1978 3210 2017 15

566 2069 811 2129 cuntur,
858 2077 1210 2140 quamquam
1240 2058 1487 2137 Virgilio
1534 2060 1618 2118 sic
1649 2058 2027 2120 observatum
2075 2061 2181 2128 sit,
2227 2067 2294 2119 ut
2338 2078 2510 2120 omne
2555 2060 2801 2120 verbum
2847 2081 2880 2120 o
2924 2063 3131 2122 termi-

567 2171 798 2230 natum,
857 2169 1251 2241 quotcumque
1312 2160 1668 2241 syllabarum
1725 2170 1910 2229 esset,
1971 2161 2400 2241 produceretur
2456 2164 2651 2241 potius
2710 2182 2886 2241 quam
2942 2165 3131 2223 corri-

567 2274 827 2345 peretur.
889 2264 1174 2343 quaedam
1206 2264 1464 2324 litteram
1496 2263 1842 2324 sollemnem
1887 2284 1951 2323 ac
1999 2264 2250 2342 legitimi
2296 2267 2583 2343 temporis
2627 2266 2688 2324 in
2734 2268 2846 2325 fine
2892 2265 3130 2335 habent,

568 2368 669 2427 sed
717 2368 788 2427 ad
847 2366 1296 2444 significandum
1354 2384 1542 2443 genus
1597 2365 1746 2425 nihil
1793 2366 2063 2444 prodest,
2121 2366 2277 2447 quod
2321 2367 2479 2427 idem
2525 2367 2768 2427 verbum
2815 2376 2913 2428 aut
2958 2370 3134 2428 aliam

568 2488 881 2548 personam
927 2476 1026 2528 aut
1070 2470 1250 2529 alium
1296 2468 1531 2528 modum
1578 2468 1799 2537 adfert,
1846 2488 2019 2548 quarn
2050 2486 2167 2548 quo
2196 2487 2384 2547 genus
2427 2469 2810 2546 intellegitur,
2859 2478 2922 2531 ut
2966 2471 3131 2531 cedo.
3160 2490 3211 2528 ‘20

569 2590 683 2631 non
731 2572 890 2630 enim
939 2572 1127 2649 prima
1175 2588 1428 2648 persona
1473 2577 1563 2629 est
1608 2570 1912 2630 indicativi
1959 2570 2113 2630 ntodi
2164 2573 2452 2650 temporis
2495 2574 2843 2650 praesentiS,
2891 2573 2995 2633 sed
3041 2593 3132 2633 se-

568 2673 756 2733 cunda
803 2680 893 2732 est
935 2674 1268 2751 imperativi
1314 2672 1473 2731 modi
1519 2674 1805 2751 temporis
1847 2675 2198 2752 praesentis
2286 2674 2431 2733 cedo
2476 2676 2634 2733 enim
2680 2675 2972 2753 significat
3017 2676 3132 2735 dic.

738 2775 810 2835 Et
855 2776 1134 2854 quoniam
1179 2773 1251 2834 de
1298 2776 1588 2835 confessis
1633 2776 1893 2856 quinque
1940 2775 2262 2854 generibus
2307 2778 2449 2838 satis
2494 2776 2713 2838 dictum
2761 2786 2877 2848 est,
2926 2778 2997 2838 de
3044 2780 3133 2838 in·

567 2878 866 2958 personali
932 2896 1149 2955 genere
1217 2876 1384 2937 verbi
1451 2876 1813 2955 subiungere
1882 2882 2284 2940 necessarium
2353 2886 2460 2940 est.
2551 2882 2771 2939 etenim
2829 2881 2900 2941 de
2964 2883 3136 2941 istius

569 2980 725 3041 modi
772 2979 971 3039 verbis
1014 2981 1172 3039 inter
1216 2986 1443 3039 veteres
1487 2989 1907 3061 praeceptores
1950 3000 2067 3041 non
2113 2982 2272 3042 nulla
2318 2981 2607 3042 dissensio
2652 2989 2760 3042 est.
2823 2983 2926 3042 alii
2972 2985 3135 3043 enim
3162 3002 3213 3040 25

569 3084 681 3142 hoc
726 3102 913 3160 genus
957 3081 1124 3141 verbi
1158 3082 1349 3141 modis
1382 3083 1707 3161 adplicant,
1757 3083 1859 3143 alii
1892 3083 2213 3161 generibus
2257 3086 2453 3163 potius
2499 3093 2557 3144 et
2602 3084 3137 3161 significationibus

571 3187 821 3262 iungunt
866 3191 924 3243 et
970 3186 1135 3244 aiunt
1179 3183 1414 3244 modum
1462 3203 1590 3244 esse
1638 3204 1753 3244 non
1799 3205 2000 3265 posse,
2048 3169 2326 3266 quoniam
2373 3206 2481 3265 per
2525 3205 2730 3246 omnes
2773 3186 2977 3247 modos
3021 3188 3132 3247 sol-

570 3287 751 3347 lemni
809 3288 1156 3363 figuratione
1215 3287 1510 3347 decurrat.
1601 3306 1708 3346 nos
1761 3288 1905 3368 quid
1936 3279 1939 3282 μ
1976 3289 2343 3368 sequendum
2409 3288 2802 3358 arbitremur,
2872 3291 3135 3368 exposita

569 3391 737 3469 prius
802 3390 1269 3467 inpersonalium
1338 3392 1597 3451 omnium
1666 3392 1923 3459 ratione,
2014 3391 2357 3470 pandemus
2464 3391 2564 3451 sed
2646 3393 2988 3471 priusquam
3065 3391 3136 3451 de

571 3494 740 3571 ipsis,
782 3490 1259 3570 inpersonalibus
1324 3492 1661 3571 loquamur,
1729 3493 1842 3556 hoc
1908 3494 2496 3572 praemisisse-utile
2564 3502 2682 3561 est,
2750 3502 2815 3553 ut
2883 3495 3216 3553 sciamus30

570 3595 764 3654 onmia
821 3592 1000 3653 verba
1054 3612 1203 3672 quae
1262 3613 1548 3672 personas
1601 3596 1936 3672 significant
1991 3598 2189 3656 statim
2249 3603 2308 3655 et
2355 3603 2618 3675 tempora
2664 3597 3025 3673 significare,
3074 3602 3138 3655 ut

572 3704 708 3774 puta
757 3697 905 3774 legis
952 3696 1094 3771 legit
1141 3696 1375 3773 legebat
1421 3704 1480 3756 ct
1525 3705 1749 3766 cetera,
1812 3705 1870 3756 at
1914 3716 2054 3756 vero
2099 3716 2248 3777 quae
2298 3705 2563 3779 tempora
2611 3699 2972 3782 significant,
3022 3716 3135 3757 non

571 3800 766 3858 statim
826 3806 882 3857 et
940 3815 1249 3875 personaS,
1313 3797 1478 3858 verbi
1535 3817 1709 3859 causa
1762 3807 1828 3858 ut
1884 3799 2083 3859 dicere
2140 3801 2358 3861 dicitur
2403 3800 2712 3861 dicebatur
2758 3800 2979 3860 dictum
3026 3807 3135 3858 est.
3202 3814 3206 3817 ⁴

570 3919 726 3961 nunc
773 3900 844 3959 de
891 3899 1354 3978 inpersonalium
1399 3903 1456 3960 vi
1513 3908 1573 3960 et
1627 3903 1909 3962 varietate
1955 3902 2240 3962 dicemus
2332 3901 2509 3963 verba
2553 3903 2953 3982 inpersonalia
2999 3921 3136 3961 ron-

570 4021 746 4062 sensu
793 4002 1182 4081 plurimorum
1215 4003 1361 4085 duas
1391 4003 1612 4063 habent
1655 4006 1917 4083 species:
1967 4012 2065 4063 aut
2111 4007 2266 4079 enim
2314 4023 2345 4063 e
2392 4012 2453 4065 et
2496 4012 2519 4063 t
2565 4005 2785 4065 litteris
2830 4005 3136 4072 finiuntur,
3166 4021 3215 4062 35

570 4112 634 4164 ut
679 4103 826 4164 libet
871 4104 1067 4164 taedet
1110 4105 1373 4183 paenitet
1417 4105 1618 4174 decet,
1677 4113 1777 4166 aut
1830 4108 1891 4166 in
1939 4113 2034 4165 tur
2090 4087 2333 4175 exeunt,
2382 4114 2445 4166 ut
2491 4114 2679 4167 statur
2724 4109 2959 4167 venitur
3003 4125 3135 4166 cur-

571 4209 724 4266 ritur
781 4205 997 4283 legitur
1050 4205 1336 4266 scribitur
1390 4206 1609 4268 dicitur
1664 4210 1913 4285 geritur.
2003 4208 2107 4268 sed
2164 4208 2311 4276 baec
2367 4209 2631 4270 definitio
2677 4209 2977 4290 plerisque
3023 4228 3139 4270 non

709 4411 742 4458 2
778 4407 1107 4476 significatio]
1154 4412 1433 4461 substantia
1475 4413 1541 4461 M
1674 4413 1706 4461 4
1746 4411 1911 4462 induit
1947 4412 2111 4462 induit
2139 4412 2280 4462 albos
2320 4414 2411 4463 M.-
2449 4415 2606 4478 Very.
2641 4414 2768 4466 Aen.
2803 4413 2897 4468 Vll
2929 4414 3029 4463 417

572 4481 778 4529 luricam
812 4481 891 4531 L:
940 4482 1095 4544 Ver-9.
1136 4481 1267 4532 Aen.
1308 4483 1397 4532 Vll
1431 4481 1534 4533 640
1675 4484 1705 4531 7
1751 4480 1914 4548 verbi]
1953 4484 2110 4532 uerba
2141 4483 2189 4532 B
2328 4483 2689 4548 intelleguntur
2723 4483 2851 4532 ΒΜ
2877 4483 3139 4532 inueniun-

572 4559 653 4599 tur
689 4552 735 4599 l,
836 4549 901 4599 10
938 4549 1090 4598 buius
1125 4552 1260 4601 modi
1300 4554 1379 4615 (ut
1413 4552 1496 4601 odi
1534 4554 1652 4602 noui
1687 4553 1809 4607 add,
1851 4554 1919 4604 al.
1951 4553 2108 4618 man.)
2147 4554 2349 4602 memini
2389 4554 2437 4603 B
2470 4554 2716 4602 eiusmodi
2759 4562 2810 4602 ut
2848 4554 3052 4602 memini
3080 4552 3142 4601 M

572 4620 681 4668 eius
717 4621 855 4670 modi
894 4630 946 4668 ut
985 4621 1102 4669 noui
1136 4623 1339 4672 memini
1380 4624 1427 4672 L
1536 4624 1596 4673 ll
1638 4620 1722 4687 ne]
1758 4637 1859 4672 non
1891 4623 2073 4673 BML
2182 4624 2247 4675 16
2284 4622 2377 4687 sie}
2420 4621 2515 4672 boc
2540 4623 2607 4672 M
2705 4624 2767 4675 17
2806 4624 3143 4688 corriperetur

573 4690 622 4738 in
660 4689 759 4738 fine
798 4690 1043 4753 quaedam
1077 4690 1144 4739 M
1256 4695 1318 4744 21
1360 4692 1452 4742 sed
1487 4707 1579 4746 om.
1619 4693 1672 4741 B
1782 4693 1849 4741 22
1887 4690 1987 4759 dic]
2031 4694 2095 4742 da
2133 4693 2214 4742 uel
2254 4693 2481 4742 datiuum
2523 4693 2588 4742 M
2710 4693 2777 4744 23
2814 4693 3043 4743 confusis
3082 4692 3147 4741 M

673 4759 736 4890 d)e
763 4759 1108 4878 ἐηρετερῐιεὲῧε
1139 4762 1244 4812 BL
1367 4764 1435 4814 25
1464 4762 1689 4813 desentio
1727 4762 1792 4811 M
1822 4762 2059 4813 discretio
2099 4763 2146 4813 B
2272 4764 2337 4811 27
2369 4763 2599 4813 sollemni
2637 4762 2938 4830 significatio
2974 4762 3139 4827 (corr.

576 4843 692 4877 -one
799 4839 984 4879 ecurrit
