3541 5564
1099 355 1497 416 EXCERPTA
1546 354 1894 415 PAfflSlNA
1942 353 2091 414 XIV.
2143 355 2242 414 XV
2836 349 2963 414 615

2575 472 2618 514 p.
2645 461 2761 501 2749.
2789 460 2840 501 ω
2865 458 2913 499 Ρ.

378 565 448 607 τε
493 547 811 624 acceperit,
860 543 1120 605 secunda
1165 544 1412 623 pluralis
1457 539 1563 613 est',
1597 538 2030 623 πεποιήκατε;
2078 544 2129 605 si
2160 555 2251 622 σι,
2301 543 2491 610 tertia,
2539 535 2961 620 πεποιήκασι,

376 642 953 727 ὑπερσυντελικός
1009 647 1082 707 de
1137 649 1330 726 prima
1385 664 1638 724 persona
1692 647 1838 706 facit
1895 654 2016 706 tres
2060 645 2424 722 singulares,
2481 652 2605 704 tres
2649 661 2791 702 vero
2835 640 2963 721 plu-

376 751 534 811 rales
580 750 652 811 de
698 752 877 811 tertia
924 749 1248 827 singulari:
1299 739 1725 829 ἐπεποιήκειν
1755 767 1798 807 ν
1828 749 1890 808 in
1921 746 2124 828 σίγμα
2154 754 2376 807 mutato
2419 748 2482 805 fit
2520 739 2963 824 ἐπεποιήκεις,

376 872 419 914 ν
462 853 698 915 abiecto
764 855 829 913 fit
893 843 1299 931 ἐπεποιήκει.
1380 852 1574 929 ipsum
1631 868 1770 910 vero
1840 844 2221 929 ἐπεποιήκει
2279 855 2576 927 assumpta
2633 866 2758 928 μεν
2823 848 2965 907 facit

326 974 351 1012 5
380 952 917 1036 ἐπεποιήκειμεν,
968 960 1266 1032 assumpta
1311 970 1382 1012 τε
1429 947 1918 1031 ἐπεποιήκειτεε
1983 954 2030 1013 si
2090 964 2219 1011 σαν
2273 953 2608 1031 acceperit,
2674 950 2961 1029 pluralem

378 1061 613 1118 tertiam
663 1050 1215 1135 ἐπεποιήκεισανε
1279 1072 1413 1116 nam
1460 1049 1954 1133 ἐπεποιήκεσαν
2007 1061 2281 1133 correpta
2338 1053 2697 1134 paenultima
2729 1046 2966 1123 Ἴωνες

377 1159 781 1237 protulerunt.
871 1158 1006 1217 ideo
1063 1166 1260 1218 autem
1317 1157 1830 1236 praetermisimus
1886 1155 2187 1235 disputare
2246 1155 2318 1217 de
2375 1156 2536 1216 duali
2589 1173 2839 1215 numero
2904 1160 2965 1212 et

380 1262 452 1321 de
499 1269 765 1341 tempore
811 1262 1034 1321 aoristo
1077 1267 1137 1319 et
1181 1260 1252 1319 de
1292 1257 1609 1338 multiplici
1656 1260 1887 1318 ratione
1933 1266 2284 1337 temporum,
2343 1260 2480 1337 quia
2538 1258 2632 1318 his
2689 1255 2964 1316 omnibus

377 1371 584 1424 carent
642 1363 867 1431 Latini,
951 1362 1010 1422 id
1079 1369 1168 1421 est
1223 1356 1377 1439 περὶ
1431 1355 1768 1437 δευτέρων
1823 1355 1934 1420 καὶ
1989 1356 2211 1440 μέσων
2266 1353 2310 1439 ἢ
2366 1354 2879 1439 παρακειμένων
2921 1352 2964 1436 ἢ

304 1492 354 1529 10
378 1459 974 1544 ὖπερσυντελικῶν
1026 1458 1069 1542 ἢ
1125 1458 1545 1543 μελλόντων,
1601 1461 1820 1541 quibus
1877 1462 2055 1522 latius
2112 1461 2360 1523 Graecia
2421 1463 2544 1523 sola
2589 1460 2961 1521 diffunditur.

380 1567 452 1628 de
499 1568 734 1646 passiva
778 1567 967 1643 igitur
1010 1565 1405 1626 declinatione
1452 1563 1738 1624 dicamus,

547 1668 633 1728 De
679 1670 910 1748 passiva
956 1667 1374 1729 declinatione.
1467 1667 1678 1727 Graeci
1736 1669 1928 1727 activo
1986 1668 2231 1727 instanti
2280 1665 2596 1728 verborum
2657 1668 2718 1727 iu
2765 1685 2818 1726 ω
2862 1685 2961 1726 ex-

379 1771 648 1832 euntium
704 1770 928 1831 addunt
983 1768 1270 1850 syllabam
1315 1788 1455 1848 μαι,
1513 1777 1573 1828 et
1615 1770 1679 1829 fit
1725 1772 2040 1848 passivum.
2114 1787 2264 1849 quae
2308 1768 2531 1848 syllaba
2576 1770 2735 1829 omui
2781 1767 2964 1827 verbo

382 1873 507 1933 sola
552 1873 842 1941 sociatur,
891 1876 971 1932 ita
1027 1881 1092 1932 ut
1137 1890 1189 1931 ω
1236 1873 1402 1951 prius
1445 1871 1719 1932 ultimum
1765 1890 1923 1932 nune
1967 1870 2395 1951 paenultimum
2441 1878 2541 1931 aut
2590 1877 2851 1938 maneat,
2899 1877 2963 1929 ut

304 2000 353 2040 15
381 1975 441 2034 in
487 1974 743 2034 secunda
788 1968 1342 2054 περισπωμένων,
1388 1966 1822 2053 ἄροτριῶμαι,
1869 1976 2060 2034 autin
2092 1992 2176 2033 ov
2206 1972 2637 2052 diphthongum
2681 1976 2960 2041 transeat,

377 2084 442 2136 ut
488 2078 551 2136 in
596 2077 787 2155 prima
834 2082 894 2135 et
937 2077 1145 2145 tertia,
1206 2073 1522 2155 κινοῦμαι
1580 2075 2066 2155 στεφανοῦμαι,
2127 2082 2229 2136 aut
2271 2077 2333 2135 in
2379 2094 2413 2134 ο
2459 2076 2852 2153 corripiatur,
2899 2080 2966 2132 ut

375 2179 437 2238 in
484 2177 761 2238 omnibus
807 2160 1131 2257 ba'rytoniS‚
1178 2172 1505 2257 πλέκομαι
1547 2170 1816 2257 ἄγομαι.
1893 2195 2037 2255 ergo
2084 2195 2401 2257 numquam
2447 2178 2744 2255 passivum
2789 2194 2962 2253 grae-

378 2299 511 2340 cum
558 2281 860 2339 invenitur
903 2297 1022 2339 non
1066 2297 1174 2339 suo
1217 2280 1408 2340 activo
1452 2280 1661 2340 maius.
1749 2279 1998 2339 verbum
2046 2296 2325 2357 graecum
2372 2281 2435 2339 in
2490 2298 2608 2359 μαι
2662 2278 2960 2345 desinenS‚

376 2385 426 2442 si
475 2383 535 2442 in
582 2381 837 2442 secunda
885 2398 1139 2460 persona
1189 2381 1198 2463 1
1245 2402 1291 2461 μ
1349 2383 1411 2442 in
1468 2379 1671 2461 σίγμα
1716 2381 2008 2452 demutet,
2057 2382 2167 2442 hoc
2213 2388 2314 2442 aut
2370 2388 2460 2442 est
2503 2398 2786 2460 praesens
2826 2378 2964 2440 τῶν

297 2508 349 2547 20
376 2481 472 2556 εἰς
511 2503 611 2563 μι,
645 2491 709 2545 ut
736 2480 972 2562 τίθημι
1000 2481 1271 2562 τίθεμαι
1304 2482 1594 2561 τίθεσαι,
1640 2479 1881 2564 δίδωμι
1913 2480 2180 2564 δι’δομαι
2211 2479 2498 2561 δίδοσαι,
2528 2479 2755 2563 ἵστημι
2781 2477 2962 2542 ἵστα-

374 2605 492 2666 μαι
534 2580 823 2663 ἵστασαι,
873 2592 975 2644 aut
1019 2592 1110 2644 est
1150 2584 1290 2645 τῶν
1335 2582 1429 2657 εἰς
1489 2605 1540 2645 ω
1587 2587 1874 2665 temporis
1920 2586 2228 2665 praeteriti
2274 2586 2546 2665 perfecti,
2595 2583 2965 2663 πεφίλημαι

375 2687 763 2767 πεφίλησαι,
809 2686 1158 2767 τετίμημαι
1200 2686 1567 2768 τετίμησαι,
1615 2694 1673 2748 et
1717 2690 1781 2748 in
1825 2687 1922 2748 his
1965 2706 2200 2766 semper
2246 2683 2687 2766 ἰσοσυλλαβεῖ
2734 2689 2962 2766 primae

376 2791 633 2851 secunda
666 2809 937 2870 persona.
996 2790 1260 2871 alioquin
1304 2790 1534 2870 reliqua
1580 2793 1776 2851 omnia
1822 2809 1972 2870 quae
2019 2793 2079 2851 in
2123 2810 2243 2871 μαι
2287 2791 2586 2860 desinunt,
2634 2791 2757 2850 sive
2789 2807 2960 2868 prae-

375 2894 562 2952 sentis
606 2911 711 2952 seu
757 2894 943 2953 futuri
989 2894 1128 2961 sint,
1175 2900 1294 2953 tam
1341 2894 1559 2972 passivi
1602 2895 1843 2971 generis
1887 2912 2064 2972 quam
2096 2894 2426 2953 communis
2457 2910 2634 2952 unam
2667 2891 2961 2952 secundae

301 3016 351 3055 25
378 3011 666 3072 personae
728 2994 1009 3073 syllabam
1064 2995 1403 3056 detrahunt.
1471 2995 1806 3076 καλοῦμαι
1849 2995 2059 3077 καλῇ,
2115 2987 2371 3074 ὁρῶμαι
2416 2987 2583 3074 ὁρᾷ,
2634 2989 2963 3074 δηλοῦμαι

376 3092 592 3174 δηλοῖ,
635 3091 965 3176 βλέπυμαι
1006 3091 1244 3178 βλέπῃ,
1289 3091 1741 3178 τιμήθήσομαι
1770 3093 2135 3178 τιμηθήσῃ,
2181 3093 2593 3176 λεχθήσομαι
2639 3090 2962 3175 λεχθήσῃ,

375 3191 735 3277 τιμήσομαι
778 3194 1059 3280 τιμήσῃ,
1118 3193 1387 3278 λέξομαι
1440 3193 1618 3278 λέξῃ.
1710 3206 1773 3259 et
1832 3207 1896 3258 ut
1959 3199 2230 3277 advertas
2286 3197 2540 3259 faciliori
2588 3197 2958 3277 compendio,

375 3317 526 3378 quae
570 3315 781 3377 graeca
826 3298 1008 3359 verba
1052 3303 1280 3378 passiva
1313 3300 1633 3362 secundam
1676 3319 1990 3380 personam
2020 3302 2311 3362 minorem
2359 3299 2582 3380 syllaba
2632 3302 2958 3379 proferant,

378 3402 580 3480 accipe
635 3402 933 3479 generalis
988 3403 1231 3479 regulae
1278 3410 1575 3482 repertam
1622 3404 2062 3464 necessitatem.
2154 3404 2346 3463 omnis
2393 3403 2547 3483 apud
2592 3402 2725 3463 illos
2768 3404 2960 3483 prima

302 3527 353 3567 ao
380 3521 629 3582 persona
674 3506 923 3584 passiva,
969 3523 1120 3584 quae
1165 3507 1358 3565 activo
1402 3523 1509 3565 suo
1554 3504 1775 3584 syllaba
1822 3505 2007 3565 maior
2053 3512 2162 3574 est,
2209 3504 2355 3565 haec
2386 3503 2669 3584 syllabam
2704 3503 2962 3566 detrahit

378 3605 450 3665 de
496 3606 785 3677 secunda:
832 3624 983 3686 quae
1030 3606 1293 3687 aequalis
1337 3609 1529 3668 activo
1575 3615 1682 3677 est,
1730 3625 1937 3686 parem
1982 3609 2042 3667 in
2091 3607 2349 3668 secunda
2395 3613 2586 3668 tenet:
2634 3606 2812 3685 φιλοῖ
2844 3626 2958 3684 φι-

376 3705 646 3788 λοῦμαι,
693 3709 830 3788 quia
876 3710 1174 3788 passivum
1218 3710 1405 3770 maius
1451 3711 1641 3770 activo
1686 3718 1794 3778 est,
1844 3708 2010 3790 φιλῇ
2054 3710 2216 3778 facit,
2262 3704 2434 3770 ἕλκω
2468 3704 2745 3789 ἕλκομαι
2773 3703 2960 3789 ἕλκῃ,

373 3806 610 3887 ἔλεγον
655 3804 987 3890 ἐλεγόμην
1020 3805 1281 3889 ἐλέγου,
1330 3805 1550 3889 ἐβόων
1596 3806 1906 3891 ἐβοώμην
1951 3806 2148 3890 ἐβοῶ,
2196 3806 2464 3892 λαλήσω
2496 3805 2961 3891 λαληθήσομαι

374 3906 759 3991 λαλήθήσῃι
807 3921 1010 3973 contra
1057 3912 1290 3992 εἴρηκα
1337 3913 1625 3993 εῐρημαι,
1671 3916 1834 3994 (χιιίειΙ
1855 3931 1962 3992 par
2009 3916 2200 3974 activo
2244 3932 2352 3974 suo
2397 3920 2514 3983 est,
2563 3914 2706 3973 facit
2749 3931 2959 3973 secun-

298 4039 349 4078 35
376 4012 512 4073 dam
559 4007 1020 4093 ἰσοσύλλαβον
1066 4016 1312 4094 primae,
1361 4015 1647 4095 εῐρησαι,
1691 4011 1988 4095 εἰρήκειν
2019 4011 2299 4096 εἰρήμην
2330 4016 2582 4096 εἶρήσο,
2628 4010 2961 4094 λελάληκα

373 4110 744 4194 λελάλημαι
797 4111 1195 4196 λελάλησαι,
1253 4113 1684 4197 ἐλελαλήκειν
1740 4113 2157 4198 ἐλελαλήμήν
2215 4110 2600 4197 ε’λελάλησο.
2693 4119 2754 4177 in
2798 4119 2959 4177 omni

373 4215 557 4277 verbo
602 4218 1030 4297 cuiuscumque
1089 4221 1374 4299 temporis
1417 4221 1608 4298 prima
1653 4212 1910 4298 persona
1956 4221 2018 4279 in
2062 4239 2178 4299 μαι
2222 4221 2535 4280 terminata
2584 4219 2870 4280 translato
2912 4238 2959 4299 μ

371 4319 432 4378 in
477 4338 514 4379 τ
561 4318 820 4380 litteram
879 4321 1097 4397 migrat
1140 4323 1203 4381 in
1246 4323 1485 4381 tertiam
1530 4330 1766 4382 servato
1822 4339 2071 4395 numero
2116 4320 2493 4400 syllabarum.
2564 4321 2667 4382 sed
2713 4321 2958 4402 paenul-

377 4422 582 4481 timam
628 4422 855 4482 retinet
900 4422 958 4481 in
1020 4418 1488 4506 παρακειμένῳ
1533 4424 1778 4503 quidem
1825 4442 1998 4484 omne
2043 4422 2307 4492 verbum,
2353 4421 2721 4503 πεφίλημαι
2766 4423 2957 4503 πεφί-

295 4549 348 4590 40
380 4521 590 4602 ληται,
638 4525 703 4583 ἰη
749 4526 1050 4603 praesenti
1096 4542 1237 4594 vero
1283 4525 1401 4586 sola
1449 4527 1625 4585 tertia
1671 4524 1952 4603 συζυγία
1981 4519 2534 4605 περισπωμένων,
2581 4524 2959 4605 χρυσοῦμαι

339 4615 768 4703 ’χρυσοῦται.
859 4633 1124 4687 ceterum
1181 4628 1373 4706 prima
1415 4628 1700 4687 transfert
1746 4629 1809 4687 in
1855 4645 1915 4687 ει
1959 4627 2407 4706 diphthongum,
2464 4646 2614 4707 quae
2661 4629 2719 4688 in
2768 4630 2956 4707 prima

512 4779 574 4825 10
607 4775 840 4845 Graecia]
881 4778 1044 4843 gratia
1080 4779 1128 4828 P
1267 4781 1327 4830 15
1363 4769 1711 4846 ἄροτριῶμαι
1744 4781 1959 4830 coniecit
1995 4779 2284 4845 Obsopoens
2320 4795 2676 4845 αποτριωμαι
2710 4781 2760 4829 Ρ
2890 4782 2957 4831 26

373 4839 562 4913 δηλοῖ]
590 4841 768 4912 δηλου
793 4849 844 4897 Ρ
979 4847 1488 4914 τιμωμαιθησομαι
1518 4849 1565 4896 Ρ
1701 4850 1767 4898 28
1795 4849 2055 4914 proferunt
2081 4850 2128 4898 P
2262 4851 2329 4899 34
2354 4848 2580 4916 εἴρηκα]
2607 4862 2812 4919 ειρηκω
2837 4851 2887 4901 Ρ
