3541 5564
551 324 681 392 470
1654 326 2023 390 EVTYCHIS

605 450 648 490 p.
678 437 764 478 177.
796 437 844 476 τε
873 434 915 476 L.
2741 444 2782 487 p.
2809 434 2924 475 2171.
2956 435 3003 475 τε
3032 426 3076 476 1‘.

555 537 583 575 s
616 517 843 581 ,habeat
897 523 1031 576 ante
1090 534 1188 585 co;
1246 515 1401 595 quod
1460 534 1492 574 a
1548 517 1786 575 nomine
1844 533 1976 576 esca
2036 515 2352 576 deductum
2409 523 2526 575 tam
2573 517 2829 575 nominis
2874 518 3130 575 servavit

555 621 909 698 scripturam
965 620 1026 678 in
1093 617 1304 688 verbo,
1373 636 1548 697 quam
1615 617 1882 695 regulam
1940 637 1971 677 a
2028 620 2266 677 nomine
2334 618 2734 677 derivatorum
2790 617 3127 678 verborum.

557 728 836 781 notantur
880 721 1092 780 tertiae
1138 721 1308 779 vinco
1353 721 1540 779 vincis
1585 728 1644 779 et
1689 718 1762 780 ab
1808 738 1879 779 eo
1925 721 2276 798 composita,
2324 721 2609 780 convinco
2649 722 2979 789 convincis,
3027 720 3128 779 de-

557 823 728 881 vinco
773 821 1068 891 devincis;
1125 839 1304 899 parco
1359 840 1623 901 quoque,
1682 822 1837 900 quod
1895 820 2084 881 solum
2144 839 2173 880 r
2218 827 2353 881 ante
2398 840 2468 880 co
2514 820 2738 903 habens
2784 830 2877 881 est
2920 824 3130 881 tertiae

559 925 1012 1001 coniugationiS.
1103 942 1132 983 s
1177 941 1316 983 vero
1361 923 1779 992 antecedente,
1826 923 2119 1002 siquidem
2166 926 2287 983 sint
2330 923 2688 992 inchoativa,
2733 926 2947 984 tertiae
2993 931 3133 984 sunt
3160 935 3188 974 5

559 1027 686 1085 sine
732 1024 942 1095 dubio,
991 1043 1101 1084 ceu
1143 1025 1513 1104 praedictum
1545 1032 1663 1093 est,
1711 1026 2176 1102 coniugationiS,
2223 1033 2290 1085 ut
2319 1025 2602 1085 horresco
2634 1032 2871 1104 tepesco
2902 1025 3134 1085 calesco

560 1125 871 1187 erubesco.
922 1121 929 1200 Ι
977 1144 1127 1207 quae
1172 1145 1290 1187 non
1336 1128 1525 1188 solum
1570 1145 1602 1187 a
1636 1126 1834 1187 verbis
1880 1127 2172 1187 secundae
2217 1129 2681 1205 coniugationis,
2727 1127 2830 1186 sed
2876 1129 3053 1186 etiam
3101 1146 3131 1185 a

562 1229 695 1289 labo
739 1228 932 1298 labaS‚
991 1229 1146 1308 quod
1193 1235 1285 1288 est
1327 1231 1553 1308 primae
1599 1231 2064 1306 coniugationis,
2112 1228 2346 1290 labasco
2393 1238 2482 1297 et,
2552 1230 2694 1290 licet
2737 1246 2903 1297 raro,
2952 1248 2984 1288 a
3030 1248 3134 1287 no-

560 1331 822 1391 minibus
881 1333 1055 1392 etiam
1115 1331 1378 1392 derivata
1435 1333 1848 1401 inveniuntur,
1908 1339 1971 1391 ut
2015 1349 2365 1410 vesperasco
2425 1334 2738 1391 iuvenesco
2781 1330 2985 1408 glisco.
3076 1339 3135 1389 et

562 1434 608 1493 si
658 1451 775 1493 non
831 1435 950 1493 sint
1010 1432 1341 1493 inchoativa
1403 1431 1459 1512 [s
1506 1442 1640 1494 ante
1685 1452 1756 1493 co
1800 1431 2144 1512 habentia],
2205 1435 2254 1493 si
2310 1440 2506 1494 tamen
2553 1451 2669 1493 non
2715 1452 2746 1492 a
2793 1431 3134 1492 nominihus
3167 1449 3215 1484 ιο

564 1535 940 1603 deriventur,
1000 1536 1210 1595 tertiae
1267 1542 1405 1596 sunt
1461 1536 1768 1605 similiter,
1827 1542 1895 1596 ut
1949 1554 2125 1615 pasco
2180 1537 2376 1615 pascis
2432 1537 2595 1614 pavi,
2654 1552 2859 1594 cresco
2914 1536 3135 1594 crescis

563 1638 753 1706 crevi,
817 1654 1129 1714 compesco
1185 1639 1513 1716 compescis
1570 1639 1936 1716 compescui,
1997 1637 2160 1697 disco
2206 1637 2387 1697 discis
2431 1636 2643 1705 didici,
2703 1637 2988 1697 adsuesco
3033 1636 3133 1697 ad-

563 1740 759 1803 suevi,
807 1756 983 1816 posco
1015 1741 1286 1818 poposci,
1335 1740 1576 1818 quiesco
1620 1741 1846 1818 quievi,
1894 1740 2049 1799 unde
2083 1758 2295 1799 nomen
2338 1740 2665 1799 derivatum
2709 1741 2879 1818 quies
2917 1740 3139 1818 quietis

566 1842 836 1920 inquieto
880 1842 1180 1919 inquietas
1212 1840 1458 1900 verbum
1506 1843 1734 1920 primae
1782 1842 2223 1923 coniugationis¹
2259 1842 2429 1911 facit,
2480 1840 2917 1901 rationabiliter
2960 1839 3137 1918 sylla-

565 1942 659 2003 bis
704 1944 951 2020 genitivi
995 1945 1256 2003 nominis
1300 1942 1683 2021 respondens.
1744 1944 2046 2023 praedicta
2094 1952 2290 2004 autem
2336 1942 2513 2003 verba
2561 1962 2676 2003 non
2723 1961 2851 2002 esse
2898 1942 3137 2002 inchoa·
3170 1957 3221 1994 ¹5

568 2047 686 2105 tiva
731 2046 1122 2123 praeteritum
1166 2045 1496 2123 perfectum
1541 2054 1776 2125 tempus
1819 2045 2098 2106 ostendit.
2189 2047 2389 2105 inesco
2435 2063 2575 2104 vero
2623 2047 2870 2113 inescaS‚
2918 2051 2984 2103 ut
3027 2063 3137 2103 nec.

566 2146 962 2207 inchoativum
1008 2166 1118 2207 nec
1163 2148 1557 2225 primitivum,
1618 2147 1721 2207 sed
1779 2166 1809 2206 a
1867 2149 2106 2207 nomine
2159 2166 2293 2207 esca
2338 2146 2685 2212 deductum.
2733 2149 2863 2206 iure
2910 2148 3139 2225 primae

567 2251 1003 2326 coniugationis
1048 2257 1157 2309 est.
1247 2251 1308 2308 in
1355 2267 1457 2308 cor
1502 2249 1852 2318 desinentia,
1900 2251 2323 2327 cuiuscumque
2370 2252 2489 2309 sint
2530 2251 2769 2326 generis
2817 2247 2906 2307 vel
2952 2250 3138 2325 signi-

566 2351 885 2421 ficationis,
944 2352 1055 2411 nisi
1105 2370 1168 2411 as
1223 2351 1313 2411 vel
1370 2369 1435 2410 es
1488 2351 1579 2411 vel
1636 2354 1690 2411 is
1733 2361 1868 2411 ante
1924 2370 2026 2411 cor
2071 2353 2434 2421 inveniatur,
2481 2354 2709 2430 primae
2755 2352 2890 2410 s'unt
2935 2352 3140 2410 coniu-

563 2455 820 2530 gationis
874 2471 1242 2533 quacumque
1301 2453 1488 2514 vocali
1546 2472 1652 2513 seu
1696 2462 2057 2513 consonante
2104 2454 2515 2522 antecedente,
2564 2463 2627 2514 ut
2673 2471 2888 2533 precor
2934 2471 3138 2532 preca·
3167 2468 3219 2507 20

566 2558 680 2623 ris,
737 2557 1006 2634 suspicor
1063 2557 1413 2634 suspicaris,
1471 2555 1744 2616 ludificor
1789 2555 2139 2625 ludificariS‚
2203 2557 2364 2615 iocor
2411 2558 2653 2624 iocariS,
2704 2573 2937 2615 mercor
2979 2573 3137 2614 mer-

566 2659 749 2726 cariS,
808 2675 1054 2734 graecor
1111 2660 1442 2735 graecariS,
1503 2656 1782 2717 Horatius
1843 2659 1904 2716 in
1960 2668 2298 2717 sermonum
2354 2656 2508 2717 libro
2560 2657 2612 2716 ll
2682 2657 2827 2716 ‘vel
2884 2659 2945 2716 si
3005 2656 3140 2716 110-

570 2776 771 2820 mana
817 2759 1093 2837 fatiget
1136 2758 1420 2819 militia
1477 2759 1864 2820 adsuetum
1922 2761 2319 2837 graecari’.
2410 2758 2666 2820 bacchor
2721 2777 2953 2838 quoque
3003 2758 3140 2819 bac-

568 2861 798 2930 charis,
847 2870 911 2922 ut
957 2862 1240 2939 Virgilius
1283 2860 1576 2922 Aeneidos
1621 2860 1780 2922 libro
1823 2860 1932 2921 1111

877 2962 1286 3024 bacchatur
1330 2964 1576 3043 qualis
1621 2965 2008 3024 commotis
2053 2966 2304 3024 excita
2350 2966 2588 3024 sacris
2623 2962 2645 3044 ΙΙ
3168 2982 3221 3019 25

870 3064 1109 3145 thyaS,

570 3176 631 3227 et
675 3168 1011 3229 stomachor
1055 3167 1471 3237 stomachariS,
1517 3176 1584 3228 ut
1626 3168 1943 3229 Terentius
1986 3169 2050 3229 in
2094 3167 2380 3229 Eunucho

871 3268 944 3329 id
989 3270 1337 3349 equidem
1382 3270 1792 3330 adveniens
1826 3288 2099 3331 mecum
2146 3269 2665 3330 stomachabar
2711 3270 2943 3340 modo,

569 3372 708 3434 licet
756 3374 817 3433 in
863 3372 1008 3432 chor
1053 3373 1378 3450 aspiratum
1423 3372 1718 3441 desinunt,
1766 3381 1831 3433 ut
1876 3392 1905 3433 a
1951 3372 2292 3432 nominibus
2335 3371 2556 3431 baccha
2603 3373 2937 3433 stomachus
2982 3372 3141 3432 deri-

572 3484 731 3544 vata,
790 3482 983 3535 tamen
1042 3474 1181 3534 huic
1237 3475 1477 3552 regulae
1534 3482 1672 3534 sunt
1726 3477 1990 3553 inputata
2049 3481 2111 3534 et
2165 3475 2236 3534 ad
2293 3476 2545 3553 primam
2602 3477 2730 3534 iure
2787 3477 3220 3555 perveniuntao

571 3579 1069 3655 coniugationem.
1162 3595 1225 3637 as
1282 3585 1477 3637 autem
1534 3576 1624 3636 vel
1682 3595 1747 3636 es
1802 3578 1893 3638 vel
1942 3579 1992 3637 is
2036 3583 2169 3638 ante
2215 3595 2320 3636 cor
2366 3579 2633 3646 inventa,
2683 3579 2911 3637 etiamsi
2959 3596 2989 3637 a
3034 3596 3140 3636 no-

572 3679 834 3740 minibus
879 3679 1275 3748 deducantur,
1336 3680 1463 3738 sine
1525 3677 1705 3737 dubio
1764 3681 1975 3739 tertiae
2022 3686 2186 3749 sunt,
2237 3686 2300 3738 ut
2344 3677 2566 3738 dictum
2613 3687 2729 3749 est,
2776 3680 3139 3756 coniugatio-

572 3784 694 3851 niS,
751 3788 817 3841 ut
874 3799 1083 3841 nascor
1138 3783 1362 3841 irascor
1430 3798 1635 3840 vescor
1704 3780 1960 3840 ulciscor
2014 3782 2326 3839 nanciscor
2393 3782 2661 3859 paciscor
2726 3782 3144 3840 comminiscor

571 3884 872 3963 adipiscor
916 3881 1232 3943 obliviscor
1280 3884 1680 3962 expergiscor.
1731 3879 1737 3962 Ι

1052 4055 1174 4062 ο*

714 4174 739 4224 1
781 4174 914 4237 quod
951 4188 981 4221 a
1021 4171 1285 4234 nomines
1313 4172 1447 4234 quod
1486 4172 1602 4235 quia
1639 4186 1670 4220 a
1706 4171 1905 4222 nomine
1943 4170 1989 4221 J>
2025 4171 2144 4235 quia
2179 4189 2209 4222 a
2246 4173 2447 4222 nomine
2476 4171 2556 4221 Bt
2662 4187 2805 4221 aesca
2840 4168 2885 4219 P
2988 4173 3019 4221 2
3056 4173 3143 4222 de⁴

574 4245 902 4293 riuatiuorum
933 4246 978 4292 P
1079 4243 1113 4292 6
1150 4256 1362 4291 canesco
1386 4243 1438 4290 P
1536 4243 1567 4291 7
1597 4243 1691 4292 sed
1714 4245 1866 4292 etiam
1889 4244 2172 4308 (super-scr,
2201 4260 2227 4291 a
2259 4244 2426 4292 uerbis
2450 4244 2641 4308 primae
2665 4243 3038 4308 coniugationis
3066 4246 3142 4301 ut)

574 4314 683 4363 labo
721 4312 864 4362 labas
901 4313 1035 4377 quod
1073 4322 1150 4362 est
1180 4313 1374 4376 primae
1407 4312 1610 4362 labasco
1635 4312 1683 4361 R
1709 4313 1801 4362 sed
1827 4315 1977 4363 etiam
2016 4329 2044 4361 a
2074 4314 2186 4362 labo
2212 4329 2268 4363 as
2294 4314 2429 4374 quod
2454 4321 2529 4361 est
2556 4313 2750 4375 primae
2771 4313 2986 4361 ,tabesco
3021 4321 3041 4362 e

571 4383 605 4432 9
635 4383 892 4433 iuuenisco
925 4385 973 4432 P
1108 4383 1226 4431 etsi
1265 4397 1363 4431 non
1401 4384 1501 4431 sint
1535 4384 1815 4447 (super-scr.
1847 4401 1878 4433 a
1918 4382 2106 4446 uerbis)
2151 4393 2316 4432 tamen
2358 4382 2644 4431 inchoatiua
2686 4385 2969 4446 (super-scr,
3003 4382 3145 4436 sunt)

573 4470 598 4502 s
636 4462 750 4502 ante
790 4468 849 4502 co
887 4452 1124 4502 habentia
1158 4453 1202 4501 si
1241 4467 1340 4501 non
1379 4468 1408 4500 a
1445 4454 1732 4502 nominibus
1766 4453 2061 4502 ‹leriuantnr
2087 4453 2134 4501 B
2166 4464 2213 4501 et
2249 4455 2292 4502 si
2329 4468 2425 4502 non
2461 4464 2578 4501 sunt
2614 4453 2773 4513 (corr.
2810 4452 2938 4510 sint)
2977 4463 3144 4500 tamen

573 4522 860 4572 inchoatiua
896 4540 921 4572 s
960 4532 1075 4572 ante
1119 4538 1177 4571 co
1216 4521 1450 4571 habentia
1486 4525 1530 4571 si
1570 4538 1667 4572 non
1720 4539 1751 4572 a
1792 4524 1958 4572 uerbis
1996 4525 2097 4571 sint
2132 4524 2223 4572 sed
2258 4538 2288 4571 a
2325 4522 2608 4573 nominihus
2644 4522 2930 4571 diriuentnr
2957 4523 3007 4570 P

576 4593 640 4644 16
676 4595 877 4641 inaesco
913 4607 1035 4642 uero
1075 4594 1302 4642 inaescas
1338 4595 1390 4642 P
1523 4594 1591 4642 22
1627 4596 1677 4641 in
1717 4608 1867 4646 serm.
1910 4594 2034 4642 libro
2073 4590 2136 4656 ll]
2175 4595 2224 4651 2,
2266 4591 2329 4641 10
2468 4593 2604 4641 uelut
2645 4593 2688 4639 si
2724 4594 2773 4640 P
2911 4594 2977 4644 24
3016 4593 3141 4641 Aen.

575 4663 699 4711 libro
744 4660 852 4729 llll]
890 4679 935 4716 v.
978 4663 1076 4713 401
1255 4664 1320 4711 27
1358 4671 1435 4713 est
1464 4663 1752 4712 stomachor
1780 4663 1830 4710 P
1856 4673 1932 4712 est
1968 4670 2016 4711 et
2053 4662 2338 4712 stomachor
2374 4663 2423 4712 B
2597 4660 2647 4710 in
2686 4676 2818 4710 euuu
2856 4663 3143 4726 (superscr.

578 4732 737 4794 idem)
775 4732 1010 4794 equidem
1051 4732 1098 4781 B
1132 4733 1179 4781 in
1225 4733 1455 4782 eunucho
1492 4733 1608 4781 inde
1647 4734 1851 4796 quidem
1889 4733 1969 4795 ts:
2012 4733 2141 4783 Eun.
2184 4735 2225 4780 ll
2265 4732 2315 4790 3,
2353 4731 2419 4780 32
2559 4731 2625 4779 28
2665 4732 3071 4796 stomachabatur
3100 4732 3149 4780 P

712 4801 778 4854 30
816 4803 1116 4865 perueniunt
1155 4802 1248 4864 Pf
1277 4805 1525 4867 pertinent
1559 4802 1638 4852 Bt
1778 4802 1843 4852 34
1881 4802 2176 4868 adaepiseor
2203 4803 2252 4851 B
