3541 5564
532 372 576 439 4
1652 370 2003 434 CLEDONII

532 583 730 627 manu
769 559 1243 646 praescriptum
1279 567 1380 622 est
1406 559 1742 636 INCIPIT,
1767 556 1924 620 item
1964 559 2285 621 DONATI
2315 565 2465 621 ante
2489 554 2769 639 collecta)
2801 558 3127 621 PROBUS

534 668 649 728 ET
680 666 930 729 UASSO
960 683 1099 747 sqq.
1133 660 1425 725 codicem
1458 658 1610 725 olim
1640 658 1824 722 Petri
1855 657 2111 723 Pithoei
2155 657 2360 722 fuisse
2405 657 2653 723 indicat
2696 680 2933 724 nomen
2978 659 3129 742 eius·

530 766 600 829 in
644 766 776 829 ima
819 764 1111 847 margine
1163 762 1416 848 primae
1459 760 1743 847 paginae
1789 760 2140 846 seriptum,
2201 764 2302 823 ‘P.
2350 765 2563 825 Pitlzou
2608 764 2745 824 Emi
2784 764 3020 824 Basilia
3053 810 3067 824 .
3104 807 3120 823 .

538 868 759 933 1568’.
848 867 1338 951 inscriptionem
1393 862 1651 927 Pithoei
1705 884 1852 926 eum
1917 863 2271 948 specimine
2339 864 2698 949 scripturae
2753 864 2958 949 ipsius
3016 885 3120 927 co-

535 970 697 1035 dicis
744 969 1067 1054 expressit
1111 965 1182 1031 C.
1216 969 1301 1031 G.
1347 963 1701 1030 Muellerus
1747 962 2021 1029 analect.
2068 964 2380 1028 BernenS.
2429 974 2592 1050 part.
2637 963 2742 1028 III
2791 964 2878 1048 (a.
2929 963 3118 1049 1841)

532 1073 665 1138 tab.
716 1071 804 1135 ΙΙ.

704 1174 851 1238 Hoc
907 1171 1109 1257 igitur
1163 1170 1425 1249 codice,
1480 1192 1626 1233 cum
1684 1178 1835 1255 post
1877 1169 2056 1233 Petri
2102 1167 2355 1234 Pithoei
2399 1178 2675 1234 mortem
2719 1168 2806 1233 ad
2850 1168 3120 1232 fratrem

532 1276 990 1355 Franciscum‚
1049 1283 1123 1338 ut
1168 1271 1463 1351 videtur,
1524 1268 1778 1335 delatus
1838 1282 2043 1351 esset,
2100 1294 2258 1335 usus
2305 1280 2404 1334 est
2447 1270 2830 1352 Putschius,
2887 1270 2998 1357 qui
3043 1267 3124 1333 de

534 1377 817 1443 editione
882 1398 1001 1440 sua
1063 1375 1130 1438 in
1198 1371 1483 1459 epistula
1547 1372 1631 1436 ad
1687 1372 2044 1437 Gruterum
2116 1372 2304 1456 data,
2371 1395 2537 1459 quae
2594 1371 2895 1438 Cledonii
2952 1369 3119 1435 libro

533 1479 894 1567 praemissa
952 1488 1082 1555 est,
1138 1475 1367 1539 scribit
1410 1475 1601 1555 haec,
1661 1481 1818 1559 ‘ego
1865 1498 2022 1540 sane
2067 1475 2133 1540 in
2179 1476 2301 1540 hac
2346 1476 2654 1561 temporis
2702 1474 3038 1559 angustia,
3087 1494 3120 1537 e

531 1590 837 1667 corrupto
895 1577 1196 1644 Cledonii
1261 1577 1485 1642 codice
1552 1574 1743 1662 plura
1808 1599 2033 1641 eruere
2101 1600 2232 1642 non
2299 1580 2514 1664 potui,
2581 1599 2703 1641 nec
2756 1574 3122 1642 consultum

541 1682 891 1749 videbatur
920 1680 1180 1766 ingenio
1211 1678 1404 1742 nimis
1436 1677 1812 1762 indulgere,
1859 1677 2033 1765 quod
2079 1680 2282 1744 sciam
2327 1679 2494 1744 hanc
2523 1701 2660 1743 rem
2689 1677 2909 1743 multis
2954 1674 3122 1742 male

534 1785 950 1850 successisse.
1040 1781 1157 1845 sed
1200 1790 1274 1845 ut
1318 1803 1545 1845 verum
1591 1779 1796 1846 libere
1840 1780 2179 1867 profitear,
2226 1783 2393 1846 tanti
2437 1805 2568 1848 non
2611 1791 2712 1846 est
2756 1780 2869 1867 qui
2910 1779 3119 1845 bonas

532 1887 726 1953 horas
772 1884 939 1950 male
984 1882 1418 1963 auferat,'ita
1462 1904 1658 1968 saepe
1701 1882 1997 1948 suaviter
2038 1893 2347 1968 nugatur.
2415 1886 2570 1970 quia
2613 1893 2832 1948 tamen
2876 1880 3123 1967 aliquot

534 2000 828 2055 veterum
878 1996 1215 2051 auctorum
1259 1983 1633 2069 fragmenta
1674 1984 1928 2049 inedita
1957 1984 2277 2066 eontinet,
2325 1984 2526 2050 malui
2556 1995 2766 2054 totum
2794 1993 3120 2070 corrupte,

535 2113 730 2177 quam
773 2088 918 2153 illas
964 2088 1142 2175 ipsas
1190 2087 1337 2152 aevi
1382 2085 1620 2172 prioris
1667 2108 1957 2170 gemmas
2004 2088 2357 2174 separatim
2401 2086 2768 2176 publicare,
2802 2087 2985 2152 cuius
3027 2085 3124 2148 rei

533 2214 800 2258 causam
856 2188 1052 2255 facile
1109 2189 1430 2274 suspicari
1485 2195 1734 2276 potes’.
1828 2198 1893 2253 et
1946 2190 2288 2254 verissime
2343 2189 2607 2277 quidem
2651 2188 3002 2254 Putschius
3059 2196 3123 2250 et

537 2295 618 2359 de
674 2301 979 2378 corrupto
1040 2288 1263 2356 codice
1309 2300 1374 2354 et
1419 2289 1501 2354 de
1546 2288 1770 2355 labore
1816 2290 2208 2355 emendandi
2253 2290 2407 2357 libri
2449 2301 2717 2378 questus
2764 2299 2882 2355 est.
2970 2310 3121 2352 nam

532 2408 608 2463 ut
652 2395 864 2462 codex
895 2390 1193 2457 Cledonii
1239 2391 1629 2477 antiquitate
1672 2391 1958 2479 reliquos
2003 2415 2226 2459 omnes
2273 2393 2622 2460 latinorum
2664 2392 3122 2479 grammatico—

535 2520 683 2564 rum
738 2497 941 2563 libros
999 2502 1294 2580 superat,
1351 2493 1446 2557 ita
1501 2495 1623 2559 vix.
1672 2493 1845 2559 ullus
1899 2495 1968 2558 in
2025 2495 2149 2561 hoc
2203 2495 2572 2562 litterarum
2628 2518 2866 2582 genere
2922 2503 3120 2573 extat,

535 2603 647 2689 qui
692 2598 798 2665 vel
843 2598 1102 2680 gravius
1150 2606 1493 2682 corruptus
1540 2597 1628 2661 sit
1668 2596 1776 2662 vel
1820 2598 2134 2664 maiorem
2178 2597 2245 2661 in
2291 2597 2699 2664 emendando
2756 2595 3123 2662 molestiam

535 2713 741 2792 paret.
828 2699 1008 2765 cuius
1065 2697 1159 2762 rei
1226 2720 1426 2763 causa
1479 2720 1609 2762 non
1665 2697 1880 2765 solum
1935 2723 2020 2764 ex
2074 2698 2491 2786 neglegentia
2543 2700 2786 2765 veteris
2846 2696 3121 2778 librarii,

539 2805 837 2894 quamvis
883 2804 939 2867 is
987 2822 1241 2888 quoque
1286 2799 1494 2865 multa
1538 2804 1944 2888 peccaverit,
1992 2802 2109 2867 sed
2144 2805 2343 2868 etiam
2373 2827 2458 2869 ex
2501 2805 2754 2868 ratione
2799 2811 2863 2866 et
2906 2797 3124 2866 indole

542 2910 749 2996 ipsius
794 2905 947 2970 libri
992 2901 1347 2989 repetenda
1391 2912 1512 2967 est.
1599 2926 1808 2989 neque
1852 2899 2025 2967 enim
2071 2905 2378 2971 continuo
2426 2928 2758 2986 sermone,
2815 2905 2984 2968 sicut
3028 2924 3123 2966 re-

538 3009 700 3096 liqui
756 3004 1200 3091 grammatici,
1260 3005 1371 3091 qui
1433 3005 1929 3070 commentarios
1986 3008 2053 3070 in
2111 3007 2446 3073 Donatum
2501 3007 2931 3093 scripserunt,
2979 3003 3121 3070 Cle-

539 3112 773 3177 donius
830 3116 1181 3197 praecepta
1232 3106 1393 3172 artis
1455 3117 1882 3193 exposuerat,
1940 3109 2059 3173 sed
2113 3108 2491 3196 interpretis
2549 3131 2815 3172 munere
2859 3106 3122 3171 functus

538 3214 632 3278 ita
674 3234 792 3299 per
835 3210 1214 3274 universum
1258 3207 1495 3272 librum
1536 3209 1740 3274 verba
1784 3211 2191 3293 grammatici
2237 3222 2497 3276 secutus
2544 3220 2674 3290 est,
2721 3220 2793 3274 ut
2836 3231 2915 3272 ea
2956 3230 3123 3295 quae

541 3315 647 3380 vel
702 3312 1070 3378 accuratius
1139 3308 1532 3395 explicanda
1587 3309 1689 3375 vel
1758 3312 2025 3376 uberius
2094 3312 2482 3399 exponenda
2546 3334 2690 3376 esse
2745 3310 3125 3376 viderentur

539 3414 873 3500 adscripta
928 3412 1347 3477 adnotatione
1403 3409 1786 3478 illustraret.
1875 3415 1984 3500 qui
2042 3415 2548 3480 commentarius
2594 3413 2780 3496 olim,
2825 3424 2900 3479 ut
2944 3413 3122 3479 vide-

541 3529 679 3598 tur,
725 3539 857 3580 una
901 3537 1049 3578 cum
1094 3515 1346 3598 integro
1392 3513 1638 3579 Donati
1683 3512 1850 3577 libro
1897 3515 2179 3602 scriptus
2226 3527 2396 3600 erat3
2457 3539 2646 3593 mox,
2692 3539 2838 3581 cum
2885 3517 2968 3582 ab
3012 3515 3123 3581 illo

543 3628 986 3706 separaretur,
1045 3615 1234 3681 modo
1291 3637 1503 3702 pauca
1547 3615 1795 3679 Donati
1853 3619 2058 3682 verba
2109 3617 2434 3683 lemmatis
2489 3616 2631 3683 loco
2688 3618 2965 3704 singulis
3011 3619 3121 3684 ad-

543 3718 997 3785 notationibus
1056 3716 1494 3805 praeseripta,
1564 3718 1759 3783 modo
1830 3741 1906 3783 ea
1970 3720 2060 3783 ad
2121 3740 2286 3804 quae
2349 3711 2725 3807 interpretis
2789 3720 3123 3786 adnotatio

543 3821 914 3909 pertinebat
957 3821 1230 3901 omissa,
1277 3819 1602 3884 interdum
1647 3822 1975 3886 continuis
2022 3820 2411 3908 antiquioris
2455 3822 2861 3907 grammatici
2905 3821 3123 3886 verbis

543 3921 989 4008 transscriptis
1047 3946 1125 3988 ea
1180 3944 1346 4008 quae
1390 3920 1475 3987 ab
1521 3921 1871 4006 interprete
1918 3921 2237 3988 adnotata
2282 3934 2469 3988 erant
2513 3925 2903 4010 interposita
2948 3933 3118 3987 sunt.

546 4024 752 4091 multa
794 4034 1010 4088 autem
1054 4025 1182 4088 iam
1226 4035 1397 4104 tum,
1443 4046 1591 4088 eum
1637 4025 1915 4109 primum
1963 4024 2030 4087 in
2073 4022 2241 4089 hanc
2286 4025 2562 4089 formam
2607 4025 2774 4090 liber
2818 4025 3122 4090 redactus

545 4139 680 4210 est,
738 4126 1119 4213 perturbata
1174 4148 1318 4190 esse
1374 4125 1570 4190 facile
1615 4125 2046 4209 intellegitur3
2109 4125 2238 4190 alia
2281 4140 2510 4213 postea
2554 4128 2638 4192 ab
2684 4126 2765 4190 iis
2811 4127 2922 4213 qui
2964 4126 3124 4191 haec

546 4228 1035 4315 descripserunt
1100 4239 1164 4292 et
1233 4228 1329 4291 ad
1386 4250 1573 4291 suum
1637 4249 1831 4292 usum
1896 4227 2563 4296 adcommodaverunt
2618 4240 2925 4315 corrupta
2979 4252 3124 4294 esse

545 4330 869 4396 videntur.
947 4330 1207 4415 saepius
1255 4330 1425 4394 enim
1472 4330 1552 4393 de
1599 4352 1729 4395 uno
1777 4327 1922 4394 loco
1970 4328 2188 4415 plures
2236 4332 2516 4419 scriptae
2562 4339 2713 4395 sunt
2758 4330 3123 4398 adnotatio-

545 4456 695 4516 neS,
753 4432 892 4497 sive
949 4433 1089 4518 ipse
1145 4429 1499 4497 Cledonius
1567 4429 1791 4517 plura„
1825 4429 1908 4495 de
1961 4432 2189 4498 eodem
2253 4445 2631 4519 argumento
2701 4438 2780 4497 ‘a
2843 4419 3123 4499 diversis

544 4535 933 4615 veteribus',
992 4544 1062 4598 ut
1106 4533 1231 4614 ait,
1278 4532 1551 4599 collecta
1605 4543 1948 4619 posuerat,
2009 4535 2148 4599 sive
2206 4536 2527 4623 quaedam
2581 4536 2664 4601 ab
2711 4534 2853 4601 aliis
2901 4537 3127 4601 addita
3229 4563 3236 4572 ·

545 4647 758 4710 erant,
807 4659 1048 4722 eaeque
1080 4658 1206 4699 non
1236 4657 1585 4722 numquam
1615 4634 1759 4698 aliis
1806 4636 2210 4722 interpositis
2259 4635 2639 4719 distractae,
2688 4649 2884 4725 atque
2929 4639 3125 4703 etiam

546 4738 772 4803 eadem
830 4737 1035 4802 verba
1090 4735 1365 4802 diversis
1420 4735 1581 4802 locis
1641 4737 1920 4822 repetita
1987 4747 2158 4803 sunt.
2249 4749 2584 4825 praeterea
2638 4739 2785 4803 aliis
2840 4739 3122 4819 omissis,

543 4841 689 4906 aliis
733 4839 1149 4925 transpositis
1195 4840 1538 4904 continuae
1583 4837 2041 4906 adnotationes
2089 4839 2399 4906 disiectae
2445 4840 2549 4906 vel
2592 4854 2808 4928 partes
2856 4842 3124 4906 adnota-
