3541 5564
591 356 718 423 530
1613 356 2146 438 [PALAEMoMs]

588 548 655 611 in
700 556 839 611 arte
881 545 1124 609 Donati
1170 543 1552 630 exponenda
1595 542 1875 607 maxime
1922 542 2143 608 studia
2195 543 2769 628 grammaticorum
2817 544 3169 608 versaban-

592 657 725 729 tur,
774 647 1054 733 scriptus
1103 656 1221 711 est.
1297 668 1448 710 nam
1493 646 1806 710 minorem
1851 656 2056 712 artem
2100 645 2345 710 Donati
2392 654 2653 710 secutus
2699 645 2805 711 hic
2850 660 3167 731 gramma-

591 752 757 818 ticus
818 749 899 815 de
954 757 1100 815 octo
1160 749 1458 835 partibus
1515 750 1824 813 orationis
1882 748 2192 814 disseruit
2255 756 2320 812 et
2381 748 2667 811 maximo
2723 747 3169 835 exemplorum

590 875 854 918 numero
921 861 1227 937 congesto
1287 862 1354 917 et
1417 847 1961 915 declinationibus
2042 851 2369 915 nominum
2438 850 2753 936 adpositis
2821 861 3170 936 praecepta

589 954 759 1018 illius
806 952 1178 1020 illustravit.
1242 953 1321 1018 de
1365 953 1743 1039 pronomine
1774 974 1930 1018 vero
1963 954 2160 1016 etiam
2201 954 2556 1017 maximam
2598 962 2853 1039 partem
2897 975 2980 1017 ex
3023 953 3170 1039 ipsa

591 1056 837 1124 Donati
884 1067 1022 1122 arte
1067 1054 1373 1144 repetivit
1416 1053 1517 1119 his
1562 1055 1977 1140 praemissi5‚
2025 1061 2100 1119 de
2133 1061 2493 1135 pronomine
2524 1076 2663 1119 vero
2707 1060 2857 1119 m'ln'l
2898 1064 3169 1136 apertius

583 1167 726 1238 fieri
761 1172 988 1243 potest,
1052 1180 1229 1239 quam
1275 1163 1565 1238 quomodo
1610 1163 1670 1221 in
1715 1169 1851 1222 arte
1892 1164 2143 1236 leqimus
2186 1163 2429 1223 Donati.
2522 1156 2907 1222 eruditionis
2952 1166 3167 1221 autem

590 1260 769 1327 nulla
799 1264 866 1326 in
895 1261 1018 1327 hoc
1061 1258 1224 1326 libro
1271 1270 1423 1325 sunt
1451 1260 1760 1345 vestigia,
1794 1282 2001 1346 neque
2031 1257 2164 1324 ulla
2191 1268 2489 1324 veterum
2520 1260 2909 1347 scriptorum
2954 1282 3169 1324 exem·

589 1364 698 1451 pla
742 1364 1077 1449 adscripta
1120 1372 1295 1427 sunt.

761 1465 869 1531 Ad
925 1465 1099 1529 hunc
1152 1464 1353 1548 igitur
1394 1463 1634 1536 librum
1688 1464 2058 1550 respexisse
2101 1463 2361 1528 videtur
2403 1465 2459 1528 is
2505 1466 2615 1550 qui
2658 1465 2725 1527 in
2769 1462 2992 1529 codice
3036 1464 3169 1529 Va-

590 1570 801 1634 ticano
863 1567 1026 1632 1492
1098 1566 1178 1631 de
1242 1566 1381 1631 vita
1427 1567 1622 1652 Aspri
1691 1566 1982 1652 scripsit,
2052 1588 2200 1630 cum
2256 1575 2407 1652 post
2460 1589 2538 1630 ea
2590 1588 2757 1650 quae
2812 1566 2895 1631 de
2947 1576 3169 1632 vetere

590 1670 1016 1755 grammatico
1074 1691 1157 1733 ex
1212 1667 1367 1732 Iulii
1426 1666 1785 1753 Capitolini
1840 1670 1980 1734 vita
2032 1667 2349 1734 Antonini
2415 1667 2833 1753 neglegenter
2899 1667 3172 1734 collecta

593 1773 893 1838 exhibuit
936 1770 1208 1835 alterum
1255 1771 1452 1834 etiam
1495 1770 1811 1836 minorem
1856 1771 2062 1835 fuisse
2105 1769 2392 1857 Asprum
2437 1771 2772 1851 scriberet,
2818 1770 2930 1855 qui
2973 1770 3170 1857 paulo

591 1885 740 1962 post
783 1874 1256 1959 Hieronymum
1302 1873 1600 1938 vixisset.
1688 1897 1839 1938 nam
1883 1874 2065 1938 illum
2108 1883 2396 1938 veterem
2439 1871 2755 1938 Antonini
2798 1871 3173 1958 philosophi

588 1977 924 2064 aequalem
979 1973 1184 2038 fuisse
1228 1973 1472 2057 voluit,
1530 1975 1701 2040 hunc
1756 1975 2201 2040 recentiorem.
2290 1975 2463 2040 idem
2522 1975 2729 2039 secuti
2773 1984 2926 2039 sunt
2968 1975 3015 2039 ii
3061 1976 3171 2060 qui

590 2081 658 2142 in
702 2078 926 2143 codice
973 2075 1293 2142 Vaticano
1355 2077 1515 2141 1491
1574 2075 1925 2143 Aemilium
1979 2077 2264 2163 Asprum
2322 2086 2386 2142 et
2440 2078 2507 2140 in
2553 2076 2776 2142 codice
2820 2076 3171 2161 Reginensi

593 2181 755 2246 1818
811 2179 1012 2265 Aspri
1071 2179 1333 2245 maioris
1389 2188 1596 2244 artem
1660 2180 2153 2267 inscripserunt.
2245 2180 2506 2245 diversa
2557 2179 2808 2243 ratione
2863 2179 2967 2243 usi
3022 2188 3175 2242 sunt

590 2284 872 2348 editores
931 2280 1084 2346 inde
1140 2304 1180 2345 a
1237 2281 1529 2367 principe
1585 2281 1906 2364 editione,
1965 2283 2076 2369 qui
2121 2305 2267 2346 cum
2312 2291 2487 2346 recte
2529 2279 3002 2345 intellexissent
3045 2301 3175 2344 non

588 2409 779 2473 posse
824 2386 997 2449 hunc
1040 2383 1279 2448 librum
1323 2385 1531 2448 veteri
1573 2384 1997 2469 grammatico
2045 2383 2268 2466 tribui,
2302 2394 2374 2450 ut
2418 2384 2502 2448 ab
2549 2382 2659 2447 illo
2705 2383 3171 2464 discernerent,

589 2487 790 2573 Aspri
834 2485 1107 2551 iunioris
1152 2496 1357 2550 artem
1400 2487 1895 2573 inscripserunt.
1981 2486 2469 2550 Lindemannus
2516 2505 2671 2549 vero
2729 2495 2996 2572 propter
3038 2484 3171 2549 cul·

589 2600 728 2654 tum
775 2587 1033 2653 dicendi
1078 2609 1282 2672 genus
1329 2588 1500 2652 hune
1545 2588 1859 2653 iuniorem
1904 2588 2014 2673 qui
2060 2587 2297 2652 dicitur
2341 2586 2629 2672 Asprum
2686 2609 2815 2651 non
2858 2588 3169 2651 recentio-

590 2714 725 2755 rem
783 2713 926 2754 esse
981 2688 1314 2754 Prisciano
1383 2690 1807 2755 existimavit.
1897 2691 2001 2754 cui
2057 2691 2467 2755 consentiens
2524 2691 2827 2756 Osannus
2893 2688 3172 2776 symbol.

588 2792 711 2858 litt.
757 2792 827 2857 ΙΙ
872 2815 934 2879 p.
980 2792 1127 2874 305,
1175 2814 1322 2856 cum
1369 2815 1446 2857 ea
1491 2815 1656 2878 quae
1701 2816 1742 2857 a
1787 2793 2134 2857 Consentio
2183 2791 2262 2857 de
2305 2793 2494 2858 barb.
2540 2816 2606 2879 p.
2652 2792 2800 2875 402,
2852 2793 2930 2857 15
2983 2803 3049 2857 et
3102 2793 3172 2856 in

590 2897 916 2982 excerptis
949 2893 1228 2959 Charisii
1258 2916 1322 2980 p.
1355 2895 1498 2974 534,
1529 2895 1613 2958 39
1643 2894 1843 2980 Aspri
1887 2895 2144 2959 nomine
2186 2894 2474 2959 citantur
2516 2895 2665 2959 huie
2709 2894 2943 2959 iuniori
2975 2917 3171 2981 quem

590 2998 751 3063 dicit
805 2998 1022 3063 nescio
1080 3019 1206 3082 quo
1264 2996 1460 3062 modo
1516 2996 1915 3061 vindicanda
1971 3006 2264 3083 putaret,
2321 2995 2561 3062 librum
2615 3018 2746 3060 non
2805 2998 2964 3061 satis
3012 2997 3171 3062 inte-

589 3122 778 3185 grum
835 3099 918 3163 ad
973 3120 1089 3163 nos
1145 3098 1467 3185 perlatum
1525 3120 1669 3163 esse
1714 3100 1985 3163 censuit.
2076 3097 2350 3186 denique
2395 3099 2810 3164 Hermannus
2855 3098 3170 3185 Hagenus

589 3204 656 3267 in
701 3201 899 3268 schol.
946 3201 1254 3265 Bernens.
1304 3199 1388 3264 ad
1419 3200 1620 3285 Verg.
1668 3200 1878 3266 bucol.
1927 3210 2121 3288 atque
2164 3222 2386 3287 georg.
2422 3201 2664 3289 (suppl.
2698 3201 2912 3266 annal.
2945 3200 3166 3287 philol.

591 3304 717 3369 vol.
769 3304 896 3388 IV)
940 3327 1002 3389 p.
1052 3303 1172 3367 728
1219 3303 1301 3367 de
1346 3302 1548 3367 altero
1580 3301 1780 3389 Aspri
1824 3302 1992 3368 libro
2039 3302 2143 3367 vel
2189 3304 2653 3369 commentario
2699 3304 2766 3367 in
2811 3304 3167 3385 Donatum,

590 3429 782 3494 quem
826 3428 865 3469 a
909 3404 1255 3470 scholiasta
1299 3405 1613 3470 Bernensi
1656 3407 1724 3469 in
1756 3406 1960 3490 Verg.
2005 3428 2224 3490 georg.
2269 3404 2370 3470 IV
2409 3405 2533 3470 238
2579 3407 2845 3470 citatum
2888 3428 3032 3470 csse
3076 3406 3171 3469 in·

590 3508 864 3589 tellexit‚
896 3507 1139 3589 dicens,
1172 3508 1472 3597 quamvis
1517 3506 1689 3572 hunc
1719 3509 1878 3573 satis
1923 3507 2254 3573 diversum
2299 3530 2440 3572 esse
2485 3508 2568 3573 ab
2599 3517 2741 3572 arte
2771 3530 2937 3593 quae
2967 3508 3169 3591 vulgo

589 3611 796 3675 fertur
825 3609 1112 3691 videret,
1147 3620 1390 3689 tamen,
1422 3630 1505 3673 ne
1534 3592 1699 3674 duos
1731 3610 1935 3675 fuisse
1960 3610 2213 3696 Aspros
2244 3611 2403 3674 artis
2435 3608 2890 3696 explanatores
2922 3619 3168 3674 statue-

589 3723 709 3795 ret,
741 3715 836 3777 ita
879 3733 1025 3776 eum
1071 3733 1215 3774 cum
1259 3708 1373 3773 illa
1418 3710 1940 3797 coniungendum
1986 3734 2129 3777 esse
2159 3712 2591 3794 existimavit,
2622 3721 2696 3776 ut
2725 3712 2897 3776 hunc
2925 3709 3169 3776 librum

590 3816 669 3880 de
711 3836 838 3900 quo
882 3836 1052 3877 nunc
1084 3811 1335 3896 agimus
1382 3815 1619 3899 partim
1666 3823 1927 3879 auctum
1975 3815 2215 3901 partim
2262 3815 2674 3879 decurtatum
2720 3837 2863 3878 esse
2896 3813 3169 3878 diceret.

589 3917 761 4004 quod
806 3939 933 3999 quo
982 3914 1170 3980 modo
1218 3914 1360 3979 fieri
1405 3916 1690 4001 potuerit
1732 3938 1862 3981 non
1905 3915 2248 4001 intellege,
2297 3916 2621 4003 siquidem
2653 3926 2786 3981 tam
2821 3915 3169 3980 dissimilia

589 4029 738 4083 sunt
793 4017 1044 4098 omnia,
1102 4039 1266 4102 quae
1319 4018 1388 4082 in
1441 4015 1697 4082 duobus
1756 4016 1942 4083 libris
2003 4020 2248 4105 scripta
2294 4026 2472 4099 sunt,
2518 4028 2592 4082 ut
2636 4040 2844 4105 neque
2889 4015 3165 4082 alterurn

588 4145 673 4185 ex
730 4119 934 4185 altero
992 4118 1260 4186 ductum
1314 4142 1522 4206 neque
1576 4129 1922 4206 utrumque
1977 4144 2061 4185 ex
2103 4119 2332 4185 eodem
2377 4120 2560 4184 fonte
2608 4119 2975 4185 derivatum
3021 4143 3167 4185 esse

585 4222 921 4310 adpareat.

756 4323 887 4390 Sed
943 4323 1201 4388 omnino
1256 4323 1446 4388 huius
1506 4325 1645 4391 sive
1699 4326 1972 4390 iunioris
2030 4325 2169 4390 sive
2216 4323 2481 4389 Aemilii
2526 4324 2728 4411 Aspri
2782 4324 2941 4391 artis
2987 4325 3169 4390 nulla

587 4450 893 4515 umquam
939 4450 979 4492 a
1022 4426 1464 4511 grammaticis
1508 4428 1684 4492 facta
1728 4436 1830 4492 est
1873 4426 2136 4492 mentio,
2199 4449 2351 4491 nam
2395 4448 2563 4513 quae
2607 4429 3006 4514 antiquiores
3052 4428 3168 4492 ad-

589 4530 834 4616 scripto
879 4530 1079 4615 Aspri
1133 4530 1393 4593 nomine
1451 4531 1821 4595 citaverunt
1877 4529 2159 4596 dubitari
2215 4529 2439 4617 nequit
2482 4531 2640 4615 quin
2685 4530 2769 4594 ad
2812 4530 3167 4594 Aemilium

588 4636 904 4719 Asprum,
951 4641 1238 4696 veterem
1281 4633 1809 4717 grammaticum,
1855 4634 1936 4696 de
1967 4655 2092 4719 quo
2124 4631 2487 4718 disputavit
2518 4631 2926 4697 Ribbeckius
2973 4633 3163 4720 proll.

587 4736 655 4799 in
699 4734 898 4818 Verg.
953 4755 1018 4819 p.
1067 4734 1186 4797 128
1232 4756 1407 4820 sqq.,
1475 4733 1819 4798 referenda
1883 4736 2047 4817 sint3
2116 4735 2504 4799 recentiores
2565 4735 3027 4800 commentario
3098 4738 3170 4799 in

588 4837 953 4917 Donatum,
998 4835 1109 4921 qui
1152 4836 1222 4900 in
1263 4858 1461 4900 manu
1505 4837 1765 4922 seriptis
1811 4835 1992 4901 libris
2038 4836 2253 4921 Aspre
2298 4834 2643 4918 tribuitur,
2690 4837 2794 4901 usi
2840 4848 3019 4921 sunt3
3080 4839 3166 4904 ab
