3541 5564
636 377 764 442 214
1783 383 2089 449 POMPEI!

689 502 731 543 p.
759 489 935 530 265—67
964 489 1007 529 t.

636 571 864 630 formae
911 577 1207 649 quattuor.
1286 571 1444 631 modi
1493 581 1625 631 octo
1672 572 1766 631 i'sti
1811 580 1974 641 suut,
2022 571 2370 632 indicativus
2417 574 2798 653 imperativus
2844 575 3221 653 promissivus

638 673 927 751 optativus
972 675 1380 733 coniunctivus
1425 676 1747 734 infinitivus
1792 674 2190 772 inpersonalis
2234 675 2501 752 gerundi.
2564 676 2680 754 ipsi
2724 685 2864 737 sunt
2909 684 3073 745 octo:
3119 677 3221 737 sed

639 776 900 854 quinque
933 783 1073 834 sunt
1104 777 1200 854 qui
1246 795 1356 854 per
1403 795 1609 836 omnes
1639 783 1795 837 artes
1828 784 2075 855 possunt
2117 778 2400 846 inveniri,
2450 776 2799 838 indicativus
2842 780 3222 858 imperativus

637 878 929 955 optativus
975 880 1383 938 coniunctivus
1431 886 1489 938 et
1531 880 1873 939 infinitivus,
1965 878 2052 939 illi
2097 884 2248 948 treS,
2296 882 2682 959 promissivus
2726 880 3123 960 inpersonalis
3168 888 3223 941 ct

638 978 916 1056 gerundi,
965 975 1204 1062 lialbcnt
1248 979 1621 1040 calumniam.
1684 979 2043 1057 aliquotiens
2074 982 2153 1040 ita
2190 980 2590 1052 declinantur,
2641 1001 2817 1062 quem
2864 983 2935 1043 ad
2981 983 3265 1048 modum5

638 1083 922 1142 novimus.
1016 1081 1224 1141 modos
1279 1083 1519 1142 interim
1575 1092 1709 1141 octo
1766 1082 1887 1142 dixi
1950 1082 2176 1161 plenos.
2269 1084 2569 1145 videamus
2637 1083 2787 1145 ittos.
2877 1085 3223 1147 indicativus

638 1184 829 1244 dictus
875 1194 964 1244 est
1009 1184 1081 1245 ab
1131 1203 1229 1253 ρο,
1279 1183 1436 1260 quod
1482 1186 1610 1263 ipso
1657 1184 2001 1249 indicamus,
2078 1188 2128 1245 si
2174 1185 2337 1246 dicas
2386 1187 2530 1247 mihi
2577 1188 2758 1267 ‘quid
2804 1188 3043 1257 sacis‘3',
3094 1187 3221 1247 dico

637 1285 740 1345 tibi
788 1284 1010 1365 ‘lego’.
1105 1303 1245 1362 ergo
1299 1287 1432 1363 lego
1489 1286 1802 1347 iudicantis
1861 1295 1950 1348 est
1993 1289 2358 1366 significati&
2452 1291 2835 1369 imperativus
2881 1289 3073 1350 dictus
3118 1297 3220 1359 est,

636 1387 792 1467 quod
839 1407 946 1466 per
987 1390 1181 1467 ipsum
1228 1389 1618 1467 imperannuS‚
1677 1395 1742 1449 ut
1788 1399 1927 1469 puta
1985 1389 2114 1467 lege
2161 1389 2355 1450 scribe
2401 1390 2548 1451 doc-e
2593 1391 2752 1452 sede.
2842 1394 3222 1469 promissivus

435 1496 610 1557 41⁶2,ss
638 1498 753 1563 est,
803 1508 910 1568 per
957 1510 1132 1569 quem
1178 1492 1607 1570 promittimus,
1656 1498 1720 1551 ut
1762 1493 1812 1551 si
1858 1491 2019 1551 dicas
2066 1490 2293 1569 ‘legam
2342 1492 2499 1553 tibi’.
2560 1492 2724 1553 multi
2755 1496 2935 1555 istum
2983 1494 3219 1555 modum
3247 1516 3285 1555 ιο

637 1590 936 1671 repellunt
980 1601 1038 1652 et
1082 1591 1288 1653 dicunt
1330 1593 1505 1673 ‘quid
1553 1596 1943 1673 conputatur?
1991 1612 2110 1653 nou
2157 1602 2246 1654 est
2293 1596 2708 1673 conputandus
2754 1616 2864 1657 nec
2909 1596 3220 1658 admitten-

638 1694 748 1753 dus
794 1694 1005 1754 modus
1049 1697 1213 1755 iste’.
1270 1703 1328 1755 et
1372 1696 1510 1775 quid
1558 1695 1837 1765 facimus,
1886 1697 1936 1755 si
1983 1715 2102 1756 non
2149 1716 2285 1758 eum
2330 1697 2734 1769 admittamuS‚
2782 1718 2915 1759 cum
2964 1698 3220 1759 elocutio

636 1805 839 1856 nostra
887 1798 1080 1874 exigat
1126 1816 1296 1857 usum
1345 1798 1765 1877 promittendi?
1812 1817 1945 1858 nam
1992 1800 2040 1858 si
2086 1798 2247 1859 dicas
2294 1804 2474 1879 ‘rogo
2508 1808 2596 1871 te,
2647 1800 2718 1861 da
2754 1802 2926 1871 mihi,
2977 1802 3047 1861 da
3081 1801 3219 1871 illi',

638 1917 885 1959 necesse
951 1898 1142 1959 habco
1211 1918 1317 1978 per
1382 1903 1559 1960 istum
1615 1900 1854 1960 modum
1922 1903 2296 1981 promittere,
2356 1910 2415 1962 et
2468 1884 2667 1965 dicere
2722 1903 2916 1965 habeo
2973 1903 3219 1964 ‘dabo'.

639 1998 778 2060 tolle
823 2001 961 2062 inde
1019 2004 1195 2061 istum
1255 2002 1496 2063 modum
1556 2010 1614 2062 et
1670 2002 1878 2063 tollere
1934 2002 2118 2063 babes
2175 2006 2648 2083 promissionem.
2739 2004 2824 2066 illi
2868 2013 3064 2066 autem
3124 2007 3289 2082 quim

637 2100 934 2181 repellunt
1000 2105 1173 2163 istum
1241 2104 1482 2164 modum
1550 2104 1779 2174 dicunt,
1840 2106 1956 2165 iam
2015 2107 2332 2184 promissio
2401 2115 2490 2167 est
2553 2108 2613 2167 in
2678 2108 2989 2167 indicativo
3047 2107 3222 2167 modo

639 2215 907 2284 tempore
953 2204 1174 2265 sutum.
1236 2224 1371 2266 nam
1420 2208 1535 2268 iam
1583 2216 1671 2266 est
1715 2208 1774 2266 in
1820 2206 2134 2267 indicativo
2180 2208 2355 2268 modo
2401 2218 2666 2290 tempore
2706 2210 2940 2279 futuro,
2989 2217 3055 2270 ut
3085 2220 3221 2290 puta

639 2305 771 2383 lego
830 2304 979 2383 legis
1036 2306 1177 2384 legit
1232 2307 1520 2386 legeram,
1582 2309 1673 2369 sac
1731 2310 1995 2370 futurum
2054 2317 2315 2389 tempuS,
2373 2310 2596 2389 legam;
2673 2330 2810 2372 ecce
2864 2311 2979 2371 hoc
3024 2314 3220 2391 ipsum

635 2410 828 2486 legam
886 2412 1283 2487 promittentis
1338 2418 1444 2470 est.
1537 2412 1584 2471 si
1633 2418 1721 2470 cst
1762 2412 1824 2470 in
1880 2411 2191 2472 indicativo
2239 2413 2446 2484 modo,
2495 2412 2631 2493 quid
2679 2433 2828 2494 opus
2874 2423 2963 2474 est
3010 2424 3074 2475 ut
3119 2434 3221 2475 no-

636 2530 770 2570 vum
817 2510 1058 2570 modum
1108 2512 1319 2571 facias?
1365 2531 1528 2582 cum,
1578 2513 1732 2593 quod
1782 2514 1985 2575 habuit
2032 2534 2216 2576 novus
2263 2515 2471 2576 modus
2518 2517 2742 2587 facere,
2792 2515 3009 2576 habeat
3051 2519 3112 2577 in
3160 2538 3291 2578 seso

634 2615 748 2673 iste
809 2612 1019 2672 modus
1074 2612 1422 2676 indicativus
1478 2617 1535 2675 in
1606 2624 1875 2695 tempore
1941 2616 2159 2677 future.
2251 2636 2388 2678 ecce
2451 2637 2633 2698 quare
2699 2637 2831 2679 euin
2901 2619 3218 2698 repellunt.

635 2734 819 2794 quare
866 2712 1197 2794 repellunt?
1244 2718 1522 2796 quoniam
1568 2717 1624 2777 id
1671 2725 1869 2798 potest
1912 2718 2111 2779 facere
2156 2718 2534 2791 indicativus,
2585 2720 2740 2798 quod
2788 2729 2979 2802 potest
3024 2722 3221 2782 facere

634 2818 1038 2898 promissivus,
1131 2818 1344 2878 deinde
1399 2819 1508 2880 alia
1564 2819 1802 2881 illorum
1859 2823 2040 2890 ratio,
2112 2841 2295 2901 quare
2343 2822 2662 2902 ,repellunt
2719 2826 2896 2884 istum
2957 2823 3218 2884 modum.

635 2939 751 3000 quo
798 2919 974 2980 modo
1021 2918 1168 2980 dicis
1213 2920 1452 2981 modum
1501 2941 1657 2993 esse,
1707 2931 1766 2983 et
1812 2943 1995 2984 uuum
2044 2923 2221 2984 habet
2268 2924 2552 3004 temlpus‘?
2598 2923 2789 2986 nullus
2822 2928 2977 2987 enim
3010 2927 3223 2988 modus

634 3040 817 3084 unum
864 3029 1098 3102 tempus
1143 3021 1348 3091 habet3
1398 3041 1516 3083 nou
1561 3024 1728 3094 licet;
1777 3045 1983 3086 omnes
2014 3026 2172 3086 modi
2205 3034 2303 3086 aut
2344 3028 2458 3088 duo
2504 3036 2602 3087 aut
2646 3030 2756 3088 tria
2804 3027 3026 3088 habent
3070 3037 3217 3090 tem·
3243 3048 3289 3088 25

634 3143 800 3204 pora.
892 3141 1010 3201 quo
1058 3124 1231 3184 modo
1280 3143 1421 3203 ergo
1467 3128 1576 3186 iste
1621 3126 1832 3187 modus
1893 3127 2178 3189 dicendus
2226 3133 2350 3190 est?
2424 3149 2557 3190 nam
2606 3132 2991 3208 promisslvus
3036 3150 3219 3192 uuum

632 3225 813 3287 habet
869 3234 1102 3306 tempus
1157 3235 1215 3286 et
1272 3229 1500 3288 ratione
1559 3226 1810 3289 naturali
1868 3249 2049 3290 unum
2097 3229 2293 3291 habet.
2381 3231 2621 3291 modum
2667 3234 2768 3311 qui
2814 3232 3018 3292 dicunt
3064 3233 3222 3294 hunc

637 3347 798 3397 esse,
869 3329 981 3389 hoc
1049 3329 1279 3398 dicunt,
1344 3349 1517 3390 omne
1577 3331 1734 3408 quod
1791 3334 2190 3411 promittimus
2251 3333 2324 3393 de
2383 3333 2583 3394 futuro
2649 3335 3071 3413 promittimus,
3164 3335 3219 3395 id

636 3432 792 3491 enim
840 3430 945 3490 tibi
991 3433 1303 3510 promitto,
1352 3452 1468 3493 uon
1504 3433 1660 3511 quod
1705 3433 1962 3494 habuisti
2008 3443 2108 3496 aut
2151 3434 2306 3514 quod
2353 3434 2567 3513 habes,
2615 3436 2715 3496 sed
2763 3436 2918 3516 quod
2966 3437 3217 3498 necdum

635 3531 837 3593 habes,
927 3552 1059 3593 nam
1120 3536 1169 3594 si
1225 3534 1477 3595 habuisti
1539 3545 1640 3596 aut
1692 3516 2069 3607 habesiam,
2118 3556 2292 3616 quem
2339 3537 2409 3597 ad
2457 3537 2699 3598 modum
2749 3538 2856 3599 tibi
2901 3541 3292 3619 pronlittoiso

634 3633 778 3695 illud
837 3635 941 3694 tibi
998 3638 1308 3715 promitto,
1370 3637 1524 3714 quod
1586 3638 1838 3699 necdum
1897 3638 2097 3699 habeS.
2188 3659 2329 3718 ergo
2386 3642 2435 3698 si
2493 3640 2647 3716 quod
2716 3641 2968 3702 necdum
3036 3641 3222 3703 habes

633 3740 949 3817 promitto,
1001 3741 1180 3800 futuri
1224 3742 1509 3818 temporis
1555 3748 1661 3800 est.
1753 3759 1892 3800 ecce
1936 3750 2180 3821 propter
2225 3761 2371 3822 quas
2426 3761 2632 3803 causas
2678 3742 2881 3804 dicunt
2925 3744 3221 3824 repellen-

637 3840 775 3900 dum
835 3827 967 3901 csse
1025 3840 1114 3900 vel
1172 3860 1288 3901 nou
1344 3841 1775 3920 repellendum.
1855 3851 2051 3904 tamen
2096 3846 2145 3903 si
2191 3863 2394 3904 verum
2452 3844 2909 3914 animadvertas,
2959 3866 3081 3907 non
3127 3866 3219 3918 rc-

633 3940 943 4022 pellendus
1000 3950 1118 4010 est;
1178 3943 1279 4003 sed
1339 3943 1411 4003 de
1467 3943 1783 4004 indicativo
1841 3945 2015 4005 modo
2071 3945 2478 4027 repellendum
2528 3955 2617 4007 est
2659 3957 2892 4026 tempus
2935 3950 3217 4017 futurum,

635 4063 812 4122 quam
856 4046 970 4104 istc
1015 4044 1394 4123 repellendus
1441 4055 1527 4106 est
1571 4046 1801 4107 modus
1869 4049 2088 4126 quare?
2133 4048 2261 4108 redi
2307 4052 2461 4111 enim
2494 4049 2565 4109 ad
2613 4049 3018 4109 definitionem
3065 4052 3218 4129 ipso·
3245 4068 3291 4109 ³5

632 4166 768 4207 rum
813 4147 1155 4216 modorum,
1207 4157 1265 4207 ct
1309 4149 1569 4208 iuvenies
1615 4151 1890 4228 quoniam
1938 4168 2055 4211 non
2095 4129 2298 4230 ⁸potest
2350 4151 2698 4212 indicativus
2742 4151 2954 4212 modus
2999 4152 3217 4214 habere

633 4258 868 4328 tempus
927 4249 1212 4309 futurum.
1305 4248 1653 4311 indicativus
1708 4271 1891 4331 quare
1948 4252 2139 4314 dictus
2198 4257 2319 4314 est?
2384 4256 2545 4329 quod
2573 4272 2694 4330 per
2736 4257 2928 4330 ipsum
2974 4257 3216 4315 indica-

633 4369 779 4412 mus,
868 4352 918 4411 si
965 4369 1071 4429 pcr
1116 4351 1309 4430 ipsum
1356 4350 1714 4423 indicamus,
1774 4355 2032 4416 futurum
2078 4364 2314 4435 tempus
2371 4375 2555 4435 quare
2601 4356 2779 4417 habet
2824 4355 2896 4417 ab
2946 4376 3016 4417 eo
3064 4356 3215 4437 quod

759 4594 804 4658 ‚2
842 4591 1062 4658 gerundi
1103 4607 1135 4639 α
1172 4592 1380 4655 gerendi
1421 4592 1469 4640 A
1483 4593 1613 4642 BC:
1643 4583 1827 4657 postea
1861 4601 2151 4645 constanter
2187 4595 2401 4658 gerundi
2438 4595 2487 4643 A
2525 4595 2739 4660 gerendi
2766 4595 2816 4642 B
2830 4595 2871 4644 G
3009 4596 3042 4645 ἴ)
3077 4598 3213 4644 noui·

636 4679 748 4712 mus
786 4662 1209 4725 quemadmodum
1240 4662 1408 4712 ABG
1544 4664 1576 4712 6
1616 4663 1815 4728 plenius
1849 4665 1888 4711 (J
2028 4666 2090 4716 15
2130 4666 2244 4713 iude
2284 4680 2374 4716 om.
2415 4665 2455 4714 C
2556 4665 2625 4714 ‘20
2668 4665 2800 4727 quod
2842 4664 3017 4713 habuit
3055 4681 3214 4714 nouus

639 4733 820 4782 modus
846 4733 929 4782 Ca
968 4733 1100 4793 quod
1141 4730 1263 4794 (qno
1289 4732 1361 4792 A)
1401 4733 1573 4781 habuit
1610 4734 1792 4782 modus
1822 4748 1983 4784 nouus
2017 4735 2128 4784 AB
2234 4736 2298 4782 22
2338 4750 2492 4798 qnare
2527 4736 2779 4801 repellunt
2816 4751 2906 4785 om.
2938 4736 3005 4794 A,
3034 4738 3155 4785 add.
3181 4753 3212 4784 a

775 4803 909 4865 quod
956 4801 1084 4851 solet
1123 4801 1286 4851 facere
1331 4805 1540 4854 coniecit
1575 4804 1942 4853 Lz’udemaunus
2082 4804 2148 4854 23
2189 4802 2335 4870 ratio]
2379 4804 2604 4869 repulsio
2649 4806 2815 4855 ABG
2950 4806 3019 4855 35
3062 4821 3209 4869 quam

635 4872 731 4921 iste
760 4872 862 4922 AB
898 4887 1053 4935 quare
1091 4872 1188 4922 iste
1227 4872 1307 4922 Cb
1415 4882 1491 4923 est
1526 4889 1620 4924 οηι.
1652 4874 1731 4938 Ἀ,
1776 4874 1901 4922 add.
1944 4890 1977 4922 a
2087 4875 2149 4923 37
2180 4876 2311 4936 quod
2334 4891 2424 4940 per
2449 4876 2615 4942 ipsum
2643 4876 2925 4926 indicamus
2955 4892 3048 4930 om.
3073 4876 3213 4928 ABG
