3541 5564
555 296 681 362 538
883 343 897 356 .
1579 297 2114 380 [PALAEMONIS]
2419 289 2445 315 ’

608 419 652 461 p.
679 405 880 448 1871—73
905 407 948 450 P.

559 490 644 546 sic
701 486 768 555 d,
828 489 914 547 sic
960 505 1182 547 omnes,
1273 489 1323 546 si
1378 505 1518 546 vero
1576 487 1800 546 adicias
1865 488 2154 555 ‘littera',
2212 487 2359 546 fiunt
2411 487 2661 562 generisi
2706 486 3009 553 seminini,
3072 493 3139 545 ut

558 573 721 633 dicas
764 592 797 632 a
842 572 1070 642 littera,
1129 591 1160 631 c
1214 573 1434 632 littera.
1525 581 1583 631 et
1647 573 1831 633 multa
1899 574 2009 633 alia
2082 573 2318 632 nomina
2385 590 2533 650 quae
2598 569 2603 648 Ι
2665 570 2737 629 ad
2792 570 3021 649 pondus
3076 578 3138 630 et

555 674 893 718 mensuram
939 654 1184 717 veniunt
1229 659 1459 717 numeri
1508 665 1643 717 sunt
1689 666 1917 717 tantum
1948 657 2299 734 singularis,
2348 664 2411 715 ut
2456 663 2593 734 puta
2653 673 2863 715 aurum
2921 673 3133 734 argen-

555 751 680 803 tum
725 745 988 803 triticum
1045 742 1271 812 oleum:
1319 743 1420 802 sed
1470 742 1685 801 ‘multa
1731 742 1882 802 alia'
1931 743 2212 810 dicimuS‚
2259 759 2376 800 non
2424 743 2641 800 omnia.

725 827 973 888 Nomina
1018 829 1275 907 quae-in
1319 827 1373 886 al
1418 835 1664 895 exeunt,
1721 830 1783 886 in
1841 826 1926 895 el,
1973 830 2034 887 in
2081 827 2153 895 il,
2200 829 2261 886 in
2308 825 2396 894 ol,
2444 827 2505 885 in
2553 826 2639 894 ul,
2687 827 2748 884 in
2795 844 2891 894 ar,
2938 828 2999 885 in
3045 844 3130 894 er,
3162 841 3191 880 5

557 914 620 972 in
665 915 737 982 ir,
786 915 845 973 in
892 932 980 980 or,
1029 916 1089 972 in
1136 931 1226 981 ur,
1275 914 1332 972 in
1380 930 1474 979 an,
1520 913 1581 971 in
1628 930 1721 980 en,
1772 914 1832 971 in
1879 914 1971 980 in,
2019 914 2079 971 in
2126 931 2235 981 on,
2286 913 2344 970 in
2394 909 2646 970 ablativo
2691 909 2913 971 habent
2957 931 3019 980 e,
3067 919 3136 971 ut

556 1005 696 1076 puta
741 999 1102 1058 nominativo
1149 998 1233 1066 al,
1281 996 1612 1065 Hannibal,
1670 996 1925 1056 ablativo
1970 995 2042 1056 ab
2091 997 2200 1056 hoc
2248 995 2603 1062 Hannibale:
2652 998 3011 1055 nominativo
3056 995 3129 1065 el,

554 1090 621 1142 ut
675 1082 754 1142 sel
809 1083 949 1150 mel,
1009 1081 1265 1143 ablativo
1321 1081 1393 1140 ab
1452 1080 1562 1140 hoc
1621 1081 1756 1141 selle
1819 1082 2021 1151 melle;
2080 1082 2442 1141 nominativo
2499 1080 2569 1149 il,
2631 1088 2696 1139 ut
2749 1081 2887 1158 vigil
2945 1079 3129 1158 pugil,

555 1166 809 1228 ablativo
855 1187 886 1227 a
935 1167 1106 1244 vigile
1153 1187 1184 1227 a
1229 1167 1459 1245 pugile:
1518 1169 1881 1226 nominativo
1938 1166 2021 1236 ol,
2070 1175 2136 1227 ut
2181 1166 2299 1234 sol,
2358 1164 2614 1226 ablativo
2660 1165 2815 1234 sole;
2861 1168 3130 1225 nomina-

555 1254 674 1311 tivo
721 1252 811 1320 ul,
869 1261 931 1312 ut
988 1252 1152 1319 exul,
1211 1252 1467 1312 ablativo
1522 1251 1726 1320 exule;
1785 1254 2147 1311 nominativo
2201 1270 2296 1320 ar,
2359 1259 2423 1310 ut
2466 1250 2588 1318 far,
2637 1248 2891 1310 ablativo
2935 1252 3128 1316 farre;
3162 1267 3214 1305 10

554 1339 912 1397 nominativo
958 1344 1192 1405 nectar,
1253 1335 1503 1397 ablativo
1562 1345 1822 1396 nectare.
1911 1354 2060 1416 quae
2107 1355 2248 1395 vero
2293 1337 2353 1395 iu
2418 1354 2481 1396 ar
2526 1342 2744 1394 exeunt
2787 1337 2982 1395 neutri
3027 1353 3128 1412 ge-

554 1423 718 1481 neris
763 1429 822 1481 et
867 1441 898 1481 a
945 1429 1078 1481 ante
1125 1423 1176 1480 is
1219 1420 1557 1500 producunt
1602 1424 1662 1481 in
1707 1424 2012 1498 genetivo,
2047 1419 2368 1481 ablativum
2414 1422 2473 1478 in
2523 1422 2542 1478 i
2589 1421 2860 1488 mittunt,
2908 1427 2975 1480 ut
3018 1420 3130 1479 hoc

554 1506 748 1565 calcar
806 1506 983 1566 huius
1040 1506 1314 1575 ‹·aleariS‚
1373 1506 1486 1565 hoc
1541 1505 1783 1565 lacunar
1839 1506 2016 1566 buius
2060 1506 2385 1574 lacunaris,
2435 1504 2508 1563 ab
2553 1504 2664 1563 hoc
2709 1504 2924 1564 calcari
2970 1505 3129 1564 lacu-

553 1594 705 1650 nari.
783 1591 856 1650 ab
912 1610 983 1650 eo
1037 1591 1193 1670 quod
1251 1597 1340 1649 est
1395 1609 1502 1670 par
1547 1609 1687 1670 pare
1733 1590 1823 1651 vel
1869 1593 1999 1669 pari
2045 1591 2319 1650 dicimus,
2409 1608 2476 1649 er
2520 1591 2569 1648 si
2616 1589 2894 1649 habuerit
2937 1592 3126 1650 nomi-

553 1678 814 1744 nativus,
863 1676 1099 1736 attende
1144 1678 1512 1752 genetivum:
1560 1678 1610 1734 si
1658 1679 1709 1735 is
1754 1675 2057 1743 habuerit,
2108 1682 2247 1735 tunc
2279 1676 2464 1734 mittit
2495 1677 2554 1734 in
2602 1693 2662 1743 e,
2713 1683 2773 1734 ut
2821 1675 2917 1734 bic
2962 1683 3131 1753 pater
3162 1694 3211 1734 15

553 1761 731 1820 huius
776 1763 964 1840 patris
1009 1760 1083 1820 ab
1129 1761 1241 1820 hoc
1287 1767 1485 1839 patre;
1532 1762 1801 1839 quamvis
1847 1761 1920 1820 ab
1962 1760 2144 1820 imbri
2192 1759 2517 1839 septembri
2577 1760 2875 1828 dicamus,
2924 1763 3129 1839 sicque

551 1847 614 1904 in
661 1845 795 1905 aliis
849 1845 1232 1924 quibusdam,
1289 1864 1439 1924 quae
1500 1852 1632 1905 nota
1691 1853 1830 1904 sunt
1895 1854 1954 1906 et
2007 1847 2300 1905 mensium
2347 1853 2573 1905 tantum
2621 1846 2876 1904 nomina.
2966 1847 3027 1903 iu
3077 1848 3133 1904 ir

552 1939 792 2009 praeter
845 1933 936 1989 vir
981 1939 1180 1990 cetera
1239 1933 1300 1990 in
1346 1950 1378 1989 e
1426 1933 1685 1990 mittunt.
1778 1932 2139 1990 nominativo
2195 1949 2293 1998 or,
2352 1937 2417 1989 ut
2460 1948 2748 1998 marmor,
2797 1928 3052 1989 ablativo
3098 1949 3128 1988 a

553 2034 866 2075 marmore.
941 2017 1304 2076 nominativo
1351 2033 1449 2083 nr,
1498 2024 1562 2075 ut
1606 2016 1730 2083 sur,
1780 2015 2035 2075 ablativo
2080 2035 2111 2075 a
2157 2017 2318 2084 sure,
2368 2030 2556 2091 augur
2600 2013 2675 2074 ab
2721 2031 2966 2092 augure.
3024 2033 3128 2075 no·

553 2103 833 2161 minativo
888 2119 995 2169 an,
1046 2107 1109 2160 ut
1162 2119 1347 2179 paean
1401 2119 1643 2179 paeane.
1734 2103 2094 2160 nominativo
2148 2119 2249 2169 en,
2311 2107 2375 2160 ut
2430 2099 2525 2158 hic
2584 2107 2829 2178 pecten,
2875 2099 3213 2161 ablativum

551 2203 583 2245 a
628 2187 894 2264 pectine,
943 2186 1155 2245 ssamen
1203 2185 1470 2254 flamine,
1519 2186 1635 2245 lien
1685 2184 1869 2252 liene,
1920 2188 2049 2245 rien
2082 2187 2281 2254 riene;
2328 2187 2388 2243 in
2435 2185 2724 2244 feminino
2753 2184 2899 2243 haec
2932 2184 3129 2253 Siren,

551 2269 806 2331 ablativo
863 2269 936 2332 ab
994 2270 1104 2330 hac
1151 2269 1392 2338 Sirene;
1452 2273 1511 2330 in
1569 2278 1782 2329 neutro
1845 2271 1954 2329 boc
2009 2289 2252 2330 carmen
2308 2269 2381 2329 ab
2438 2269 2549 2328 boc
2594 2271 2887 2338 carmine3
2936 2272 3021 2329 sie
3067 2272 3131 2329 in

548 2356 892 2415 masculinis
936 2375 967 2415 a
1000 2375 1144 2415 rano
1190 2357 1568 2434 compositiS,
1617 2363 1679 2413 ut
1726 2355 1949 2416 tibicen
1994 2355 2275 2423 tibicine,
2319 2355 2531 2414 fidicen
2578 2354 2848 2422 fidicine;
2896 2356 2956 2413 in
3003 2357 3130 2433 epi·

553 2459 738 2499 coeno
794 2459 973 2499 oscen
1031 2439 1105 2500 ab
1161 2441 1380 2500 oscine.
1470 2459 1538 2499 ea
1585 2442 1820 2500 nomina
1867 2458 2015 2518 quae
2074 2441 2433 2499 nominativo
2478 2441 2537 2499 in
2587 2440 2645 2499 in
2694 2440 2980 2499 liniuntur
3024 2459 3130 2499 ne·

550 2543 714 2584 cesse
761 2533 852 2584 est
907 2532 972 2583 ut
1029 2527 1087 2584 in
1134 2525 1387 2584 ablativo
1432 2544 1462 2583 e
1509 2524 1796 2593 habeant,
1856 2533 1919 2584 ut
1973 2533 2112 2603 puta
2169 2526 2529 2583 nominativo
2574 2524 2672 2583 bic
2718 2523 2961 2603 delphin
3004 2523 3130 2584 del·
3159 2547 3216 2588 25

552 2610 752 2690 phine.
843 2612 930 2668 sic
976 2612 1153 2668 etiam
1201 2628 1349 2688 quae
1399 2612 1456 2668 iu
1505 2629 1611 2676 on,
1659 2617 1723 2668 ut
1768 2610 1866 2669 hic
1911 2609 2213 2678 Memnon,
2261 2609 2359 2668 hio
2405 2609 2621 2677 Orion,
2669 2608 2743 2669 ab
2789 2609 2901 2669 hoc
2946 2608 3129 2669 Mem-

552 2713 702 2755 none
751 2694 994 2755 Orione.
1085 2701 1143 2752 et
1187 2712 1593 2773 quaecumque
1638 2694 1818 2754 liuius
1862 2693 2022 2753 modi
2069 2696 2482 2762 inveniuntur,
2530 2712 2773 2754 necesse
2820 2700 2913 2752 est
2957 2702 3022 2754 ut
3066 2696 3129 2754 in

549 2800 580 2840 e
627 2782 863 2840 mittant
908 2778 1245 2839 ablativum.
1335 2799 1474 2839 sane
1531 2780 1667 2858 quia
1725 2779 1846 2839 dixi
1905 2798 2054 2859 quae
2100 2789 2320 2839 exeunt
2372 2780 2432 2838 in
2480 2779 2534 2839 al
2580 2781 2941 2840 nominativo
2986 2781 3047 2840 in
3095 2799 3130 2839 e

475 2872 487 2883 '
550 2867 714 2925 exire
761 2865 1043 2933 ablativo,
1093 2883 1297 2925 verum
1343 2872 1451 2923 est.
1529 2864 1631 2924 sed
1678 2883 1751 2923 ne
1799 2873 2074 2925 occurrat
2117 2867 2386 2943 quaestio
2444 2867 2700 2924 nominis
2755 2865 2915 2925 illius
2970 2865 3127 2944 quod

549 2959 640 3009 est
687 2950 945 3010 tribunal
1007 2949 1169 3023 (lacit
1214 2951 1372 3008 euim
1407 2949 1658 3009 ablativo
1690 2948 1907 3009 abhoc
1951 2950 2267 3017 tribunali,
2317 2958 2376 3008 et
2422 2950 2673 3009 cervical
2720 2948 2792 3009 ab
2838 2950 2949 3010 boc
2995 2968 3129 3010 cer·
3157 2972 3215 3013 ao

491 3046 492 3051 ’
549 3035 764 3113 vicali),
811 3037 1006 3094 facere
1054 3034 1301 3094 deberet
1347 3033 1638 3094 tribunale
1719 3042 1778 3092 et
1823 3036 2130 3103 cervicale,
2178 3036 2318 3113 quia
2364 3037 2759 3094 nominativus
2806 3034 3130 3112 singularis

547 3138 668 3180 non
726 3119 900 3179 debet
958 3138 1088 3178 esse
1147 3122 1343 3178 minor
1402 3121 1762 3179 nominativo
1824 3119 2036 3197 plurali
2101 3119 2330 3179 duabus
2385 3120 2644 3199 syllabis.
2736 3120 2840 3179 sed
2910 3123 2971 3179 in
3033 3120 3130 3180 his

547 3203 918 3272 nominibus,
977 3223 1126 3282 quae
1184 3223 1477 3283 perpauca
1537 3212 1702 3271 sunt,
1761 3206 1951 3281 magis
1997 3224 2138 3264 usus
2183 3203 2461 3265 obtinuit.
2551 3208 2860 3283 quaeritur
2906 3198 3125 3273 autem,

550 3302 748 3350 utrum
794 3289 900 3348 boc
948 3306 1148 3348 ossum
1194 3289 1460 3348 dicamus
1506 3309 1580 3348 an
1625 3290 1736 3348 hoc
1784 3308 1868 3348 οε.
1931 3289 2033 3348 sed
2081 3292 2129 3349 si
2177 3288 2289 3349 boc
2321 3308 2518 3349 ossum
2553 3290 2907 3358 diceremuS,
2956 3308 3125 3349 num-

546 3393 720 3453 quam
778 3374 1008 3434 dativus
1061 3368 1316 3453 pluralis
1370 3376 1431 3433 in
1488 3374 1599 3433 bus
1654 3376 1875 3441 exiret,
1923 3375 2025 3433 sed
2075 3376 2134 3433 in
2182 3376 2264 3434 is:
2322 3377 2403 3434 ait
2447 3376 2605 3434 enim
2652 3374 2934 3452 Virgilius
2980 3379 3124 3434 ‘at-
3155 3396 3211 3435 35

549 3478 686 3539 que
741 3457 1046 3518 ossibus
1103 3460 1441 3537 implicat
1506 3461 1809 3535 ignem’.
1912 3461 2134 3519 etenim
2202 3462 2438 3519 nomina
2494 3461 2730 3536 generis
2798 3461 2996 3519 neutri
3062 3462 3127 3520 in

548 3545 911 3604 nominativo
978 3562 1074 3602 um
1139 3543 1418 3603 habentia
1487 3546 1545 3603 in
1616 3542 1870 3603 ablativo
1942 3564 1977 3601 o
2044 3543 2294 3612 babent,
2372 3551 2438 3603 ut
2511 3545 2619 3604 hoc
2693 3545 2974 3623 templum
3050 3543 3127 3604 ab

548 3630 660 3689 hoc
727 3628 978 3707 temple,
1069 3629 1264 3689 dativo
1341 3628 1552 3706 plurali
1630 3629 1866 3707 templis
1943 3631 2104 3689 facit.
2208 3629 2363 3689 unde
2437 3631 2488 3688 si
2563 3628 2799 3688 ossibus
2875 3630 3128 3706 legimus

543 3716 611 3785 ‚in
667 3714 947 3791 Virgilio,
1009 3733 1122 3773 non
1179 3716 1371 3774 exiret
1425 3712 1655 3772 dativus
1713 3713 1963 3792 pluralis
2026 3710 2084 3773 in
2156 3713 2263 3773 bus
2330 3716 2443 3773 nisi
2520 3713 2772 3774 ablativo
2837 3714 3126 3792 singulari

549 3801 608 3858 in
657 3820 688 3859 e
738 3801 1072 3859 terminato.
1161 3798 1450 3859 ablativus
1495 3815 1638 3875 ergo
1683 3800 1874 3858 exiret
1918 3801 1978 3857 in
2024 3818 2057 3858 e
2103 3808 2204 3858 aut
2250 3818 2285 3858 u
2329 3806 2429 3859 aut
2474 3800 2514 3858 i.
2603 3799 2703 3858 sed
2750 3802 2888 3878 quia
2932 3817 3043 3859 nec
3088 3819 3125 3860 u
3155 3821 3211 3859 ιο

548 3887 698 3953 exit,
757 3903 865 3944 nec
925 3886 1319 3943 nominativus
1363 3882 1609 3962 pluralis
1654 3902 1827 3943 ossua
1872 3886 2041 3953 facit,
2103 3903 2212 3943 nec
2259 3886 2274 3943 i
2324 3886 2704 3951 terminatur,
2752 3903 2825 3944 ne
2872 3886 2989 3944 ossi
3035 3885 3126 3944 di·

548 3988 775 4038 camuS,
824 3977 1091 4030 remanet
1135 3968 1207 4028 ab
1254 3988 1406 4029 osse.
1497 3986 1629 4027 nam
1688 3971 1997 4045 genetivus
2045 3969 2176 4029 ideo
2220 3971 2343 4028 exit
2387 3970 2447 4028 in
2495 3971 2580 4037 is,
2628 3970 2762 4048 quia
2810 3971 3125 4029 nominati·

548 4074 653 4114 vus
698 4074 763 4114 os
808 4054 1014 4122 babet,
1075 4073 1192 4114 non
1238 4073 1356 4113 um.
1446 4054 1602 4112 unde
1661 4053 2027 4115 declinamus
2083 4056 2196 4122 sic,
2257 4055 2370 4115 hoc
2424 4073 2489 4113 os
2543 4053 2721 4113 huius
2778 4057 2928 4114 ossis
2984 4054 3126 4115 huic

682 4294 716 4344 6
753 4295 803 4343 in
843 4308 907 4342 on
945 4293 996 4342 in
1031 4308 1094 4340 un
1137 4309 1164 4340 e
1203 4293 1386 4342 habent
1423 4294 1469 4341 in
1503 4293 1723 4341 ablatiuo
1761 4301 1813 4342 ut
1850 4301 1970 4357 puta
2010 4292 2061 4340 in
2098 4293 2145 4341 al
2175 4293 2324 4342 editio
2347 4292 2661 4343 Basileenais
2697 4295 2746 4342 in
2784 4309 2846 4343 on
2887 4294 2939 4342 in
2974 4309 3038 4341 un
3074 4304 3127 4343 et

550 4364 734 4413 habent
770 4364 1136 4413 nominatiuum
1171 4376 1224 4411 ιιι
1261 4372 1384 4428 puta
1420 4364 1468 4411 in
1503 4364 1549 4412 al
1597 4365 1691 4416 Vq
1831 4364 1862 4411 7
1894 4360 2163 4427 Hannibal]
2206 4364 2390 4412 animal
2428 4375 2460 4417 ς
2558 4361 2864 4428 Hannibale]
2907 4365 3126 4412 animale

548 4446 580 4488 ς
728 4436 786 4484 14
824 4430 1187 4499 nominativus]
1232 4433 1314 4498 gis
1366 4434 1418 4481 V
1593 4434 1654 4483 18
1696 4434 1898 4481 mittunt
1936 4431 1988 4480 Si
2034 4434 2359 4482 inueniuntur
2399 4434 2709 4482 nominatiuo
2746 4448 2804 4481 or
2839 4445 2886 4488 ς.
2943 4437 3128 4483 lacuna

543 4510 662 4564 pose
695 4506 897 4553 mittunt
931 4504 1108 4552 relicta
1141 4511 1220 4552 εει
1249 4506 1297 4551 in
1342 4505 1399 4553 V
1564 4506 1630 4553 20
1668 4503 1981 4552 nominatiuo
2016 4502 2097 4551 hic
2134 4512 2310 4566 pecten
2358 4505 2410 4552 V
2547 4506 2613 4553 22
2651 4504 2702 4551 in
2741 4511 2915 4551 neutro
2955 4504 3006 4552 in
3041 4518 3124 4563 cn,

547 4584 600 4622 ut
629 4573 723 4622 boc
759 4589 960 4623 carmen
1001 4574 1091 4627 Vc,-
1195 4574 1270 4622 sie
1305 4588 1335 4621 a
1368 4573 1661 4623 masculinis
1698 4588 1728 4620 a
1763 4587 1889 4621 cano
1922 4574 2198 4637 composita
2236 4586 2268 4628 ς
2394 4572 2460 4624 23
2499 4574 2549 4622 in
2586 4573 2829 4637 epicoeno
2868 4573 2931 4622 ab
2970 4588 3124 4623 oscen

548 4645 718 4692 oscine
747 4656 780 4697 ς
808 4645 856 4693 ἱιι
897 4644 1138 4709 epicoena
1173 4644 1234 4692 ab
1274 4658 1426 4693 oscen
1468 4658 1648 4693 oscene
1694 4643 1747 4691 V
1883 4644 1950 4693 24
1988 4659 2115 4706 quae
2155 4645 2465 4693 nominatiuo
2504 4644 2553 4691 in
2592 4643 2643 4691 in
2676 4642 2922 4691 deliniunt
2951 4658 2985 4699 ς
3026 4660 3125 4705 que

547 4713 595 4760 in
631 4729 691 4761 en
729 4714 804 4762 nel
846 4715 893 4762 in
934 4715 982 4762 in
1018 4712 1263 4763 definiunt
1309 4715 1365 4762 V
1496 4714 1562 4762 26
1602 4709 1775 4777 etiam]
1810 4721 1858 4761 et
1903 4715 1957 4762 V
2089 4712 2156 4761 ‘28
2194 4715 2388 4763 mittent
2430 4713 2486 4761 V
2580 4711 2648 4764 30
2686 4713 2900 4761 cervical
2938 4730 3029 4764 om.
3075 4715 3132 4761 V

547 4782 616 4834 30
651 4783 888 4834 ceruit-ali
918 4798 1029 4831 eum
1067 4782 1233 4832 facere
1271 4797 1305 4839 ς
1377 4782 1442 4833 32
1481 4797 1576 4831 non
1617 4800 1706 4831 om.
1757 4784 1841 4836 Vs·
1913 4782 1974 4833 35
2000 4780 2264 4849 Virgilius]
2307 4785 2435 4837 Aen.
2478 4782 2699 4833 v11355
2771 4782 2835 4833 41
2878 4781 2958 4850 ne]
3005 4793 3058 4834 ut
3089 4796 3127 4839 ς
