3541 5564
521 383 530 392 .
595 322 723 390 304
1734 329 2040 392 ΡΟΜΡΕΙΙ

646 449 689 489 p.
715 437 895 476 acl-ca
926 434 966 475 L.

764 515 914 575 Sunt
955 517 1096 576 item
1143 516 1292 576 duae
1335 517 1576 594 figurae,
1624 515 2088 596 homoeoptoton
2143 526 2201 578 et
2246 518 2782 582 homoeoteleuton.
2872 523 3029 582 inter
3074 523 3179 583 ho-

597 626 976 697 moeoptoton
1033 625 1091 677 et
1147 617 1664 678 homoeoteleuton
1711 618 1825 679 hoc
1868 621 2147 690 interest,
2207 621 2362 700 quod
2406 622 2868 703 homoeoptoton
2914 623 2988 683 de
3034 598 3207 686 casis

596 719 704 781 bus
744 721 842 790 fit,
891 720 1408 781 homoeoteleuton
1457 719 1530 779 de
1574 718 1774 780 verbis
1820 721 1900 781 fit.
1992 720 2456 801 homoeoptoton
2503 733 2622 794 est,
2669 726 2718 785 si
2761 727 2841 785 ita
2888 724 3080 796 ὤθεε,

897 830 1276 883 merentes
1321 820 1604 882 flentes
1649 821 2147 884 lacrimantes
2193 826 2845 887 commiserantes:

594 924 704 984 hos
767 932 1094 993 merenteS,
1157 923 1265 983 hos
1330 922 1570 993 ssenteS,
1625 923 1736 984 hos
1794 912 2202 995 lacrimantes,
2280 925 2389 986 hos
2452 930 2968 997 commiserantes:
3041 948 3234 990 ecces

593 1044 801 1087 omnes
867 1044 1038 1087 casus
1104 1026 1422 1087 accusativi
1487 1035 1639 1085 sunt.
1731 1025 1869 1086 inde
1945 1027 2169 1088 dictum
2238 1036 2325 1088 est
2391 1028 2884 1109 homoeoptoton:
2971 1032 3180 1092 Graeci

595 1130 751 1190 enim
809 1130 996 1208 ptosis
1053 1126 1257 1187 dicunt
1311 1145 1502 1187 casus.
1591 1126 2109 1190 homoeoteleuton
2156 1139 2283 1200 est,
2344 1132 2616 1210 quotiens
2660 1133 2720 1191 in
2764 1131 2943 1208 verba
2990 1135 3180 1194 exitus

596 1241 684 1291 est
712 1231 891 1290 unius
920 1230 1070 1289 soni.
1132 1236 1271 1308 puta
1318 1227 1600 1288 habemus
1644 1228 1797 1308 apud
1831 1227 2196 1309 Cilceronem
2242 1233 2611 1312 apertissime
2656 1236 2945 1313 positum,
2994 1237 3175 1296 ‘ita-

595 1350 729 1411 que
785 1332 856 1391 in
913 1330 1119 1390 illum
1177 1348 1319 1390 non
1376 1330 2016 1403 animadvertisti,
2085 1334 2212 1395 sed
2269 1333 2645 1414 hospitem
2710 1333 3178 1415 reliquisti';

593 1452 782 1514 paene
836 1452 988 1494 unus
1044 1441 1132 1493 est
1186 1434 1373 1492 exitus
1427 1451 1626 1493 rerum
1683 1434 1965 1493 omnium.
2057 1437 2362 1515 antiquum
2420 1444 2512 1496 est
2564 1435 2677 1498 hoc
2735 1444 2950 1508 totum,
2998 1437 3175 1499 hodie
3205 1459 3256 1496 10

594 1529 769 1597 nemo
815 1536 985 1604 facit:
1036 1535 1188 1612 siqui
1233 1534 1470 1603 fecerit,
1519 1534 1768 1594 ridetur.

760 1637 1111 1717 Polyptoton
1145 1644 1235 1697 est
1265 1635 1577 1697 multitudo
1609 1654 1849 1697 casuum
1872 1684 1886 1707 ,
1930 1637 2036 1698 sed
2067 1638 2302 1700 diverso
2333 1639 2509 1701 modo
2541 1642 2758 1721 posita,
2796 1649 2861 1701 ut
2891 1649 2980 1703 est
3008 1641 3175 1710 illud,

893 1737 1122 1799 litora
1166 1737 1534 1806 litoribus
1580 1743 1996 1809 contraria,
2044 1739 2410 1802 fluctibus
2454 1742 2701 1803 undas,

597 1840 839 1922 [collige
896 1850 956 1901 et
1007 1841 1276 1900 invenies
1332 1859 1538 1902 omnes
1603 1846 1804 1904 casus:
1883 1851 1971 1903 est
2037 1844 2428 1903 nominativus
2491 1845 2795 1920 genetivus
2860 1844 3176 1926 ablativus]

593 1942 764 2004 litora
823 1942 1095 2011 litoribus
1151 1940 1427 2003 fluctibus
1483 1941 1699 2013 undas,
1758 1943 2074 2005 multitudo
2130 1951 2224 2004 est
2275 1963 2514 2006 casuum
2573 1947 2634 2005 in
2694 1965 2812 2006 uno
2858 1932 3020 2018 loco,
3069 1948 3172 2009 sed
3204 1968 3256 2008 15

591 2047 752 2105 vario
810 2044 988 2104 modo
1047 2045 1382 2104 constituta.
1476 2045 1701 2106 hirmos
1756 2054 1848 2105 est
1903 2047 2267 2107 continuatio
2324 2047 2611 2126 quaedam
2672 2048 2821 2127 (vide
2882 2069 2954 2110 ne
3001 2057 3175 2129 putes

594 2146 883 2207 hocesse
929 2146 1197 2216 hirmon,
1247 2146 1403 2224 quod
1452 2154 1539 2206 est
1583 2148 1756 2206 ctiam
1804 2166 2083 2226 zeugma:
2152 2150 2294 2209 satis
2348 2151 2505 2210 enim
2559 2149 2750 2210 simile
2798 2160 2888 2210 est
2930 2168 3174 2229 zeugma

596 2248 700 2328 ei),
747 2248 808 2308 id
854 2259 945 2310 est
990 2249 1350 2309 continuatio
1395 2267 1608 2309 sensus
1652 2268 1761 2329 per
1806 2247 2098 2329 plurimos
2143 2268 2365 2311 versus.
2455 2250 2681 2311 hirmos
2727 2259 2816 2311 est
2856 2259 2995 2330 puta

893 2352 1277 2430 principio
1325 2350 1613 2412 caelum
1662 2370 1741 2410 ac
1788 2360 2037 2412 terras
2082 2368 2528 2429 camposque
2572 2351 2976 2431 liquentes,

592 2472 777 2532 usque
834 2452 907 2513 ad
962 2451 1128 2513 illum
1173 2451 1399 2522 locum,
1460 2456 1681 2513 ‘nunc
1727 2457 1910 2530 age’.
2002 2455 2194 2513 omnis
2249 2452 2350 2513 ille
2404 2452 2569 2515 locus
2614 2454 2999 2534 quadraginta
3041 2473 3171 2516 ver·
3199 2480 3254 2519 20

594 2574 762 2615 suum
807 2573 962 2614 unus
1006 2573 1213 2615 sensus
1258 2563 1375 2624 est,
1423 2556 1647 2614 animas
1691 2553 2036 2614 inmortales
2078 2572 2254 2634 posse
2298 2552 2371 2615 ad
2417 2572 2669 2634 corpora
2716 2575 3004 2617 remeare.

760 2657 913 2717 Sunt
964 2658 1104 2716 item
1172 2656 1323 2718 duae
1389 2657 1639 2733 figurae,
1708 2655 2134 2735 polysyndeton
2193 2665 2250 2715 et
2306 2655 2652 2736 asyndeton.
2741 2656 3170 2738 polysyndeton

593 2760 838 2829 dicitur,
901 2757 1001 2819 ubi
1057 2765 1197 2820 sunt
1252 2754 1488 2837 mulltae
1547 2760 1931 2826 conexiones;
1991 2757 2342 2839 asyndeton,
2402 2757 2504 2819 ubi
2562 2757 2720 2820 nulla
2766 2762 3016 2822 conexio
3062 2768 3171 2820 est.

594 2837 1046 2943 polysyndeton·
1066 2869 1154 2921 est

1874 2964 2324 3043 Acamasque
2369 2963 2759 3041 Thoasque
3198 2989 3251 3028 εὖ

894 3065 1352 3144 Pelidesque
1397 3046 2084 3145 Neoptolemusque
2129 3067 2563 3146 primusque
2607 3064 2987 3127 Machaon:

593 3188 708 3250 que
770 3170 1085 3247 quinquies
1153 3167 1315 3227 dixit.
1408 3177 1545 3228 sunt
1610 3166 1840 3247 aliquae
1905 3174 2137 3248 parteS‚
2206 3165 2264 3226 id
2335 3174 2425 3226 est
2478 3175 2618 3227 sunt
2674 3165 2785 3226 alia
2852 3166 3012 3237 loca,
3072 3167 3175 3228 ubi

593 3271 750 3332 nulla
796 3274 1043 3332 conexio
1089 3278 1203 3340 est,
1249 3277 1316 3330 ut
1361 3280 1452 3329 cst
1494 3268 1667 3339 illud,

2637 3373 2766 3440 ite,

896 3477 1096 3537 ferte
1140 3475 1272 3535 citi
1318 3472 1680 3542 flammaS,
1726 3470 1894 3532 date
1939 3472 2117 3541 tela,
2164 3470 2517 3552 inpellite
2562 3491 2827 3535 remos.
3196 3493 3248 3532 so

487 3653 492 3658 ¹
592 3587 826 3659 poterat
867 3578 1037 3639 aliter
1082 3576 1298 3645 dicere,
1346 3577 1428 3635 ite
1473 3583 1533 3634 et
1575 3574 1726 3634 ferte
1774 3575 1875 3634 citi
1918 3574 2183 3635 flammas
2228 3583 2286 3634 et
2329 3573 2465 3634 date
2512 3574 2623 3635 tela
2670 3582 2728 3634 et
2770 3572 3035 3653 inpellite
3077 3594 3169 3635 re-

594 3700 751 3749 mos:
799 3679 901 3742 sed
947 3679 1152 3740 maluit
1194 3679 1545 3738 inconexam
1592 3677 1917 3737 orationem
1963 3694 2206 3756 ponere.

729 3851 761 3901 3
799 3852 868 3900 ita
915 3866 1006 3902 om.
1043 3849 1091 3899 B
1228 3851 1258 3897 4
1300 3843 1571 3912 merentes]
1616 3845 1748 3899 Eun.
1791 3848 1959 3897 annal.
1993 3848 2013 3896 1
2054 3845 2152 3896 107
2189 3848 2268 3901 ed.
2316 3849 2465 3898 Valet.
2608 3847 2924 3897 lacrimantes
2962 3848 3171 3896 commi-

592 3931 818 3971 serantes
855 3915 1052 3971 BSPc
1085 3921 1403 3969 lacrimantes
1441 3917 1536 3966 hos
1574 3917 1987 3967 commiserantes
2016 3917 2058 3967 C
2218 3921 2250 3969 5
2298 3917 2391 3967 hos
2428 3919 2497 3952 ’-
2535 3919 2950 3966 commiserantes
2985 3932 3079 3968 om.
3114 3918 3171 3979 G,

592 3992 713 4042 add.
742 4007 770 4039 c
908 3990 942 4040 6
974 3989 1150 4039 Graeci
1189 3990 1323 4038 enim
1359 4005 1450 4037 om.
1493 3985 1615 4035 PS:
1655 3987 1789 4035 enim
1824 4001 1917 4037 om.
1953 3984 2004 4033 B
2146 3991 2176 4039 7
2215 3988 2380 4037 exitus
2420 3988 2569 4036 unius
2606 3988 2719 4036 soni
2748 3988 2902 4036 uerba
2938 3995 3105 4036 tamen
3131 3986 3174 4035 S

733 4061 797 4111 12
837 4060 1122 4126 Poliptoton
1162 4069 1238 4109 est
1276 4068 1480 4109 ornatus
1512 4056 1812 4107 aschronem
1853 4056 2106 4118 hodieque
2137 4057 2232 4108 hoc
2265 4057 2318 4106 iit
2356 4056 2644 4122 Poliptoton
2685 4065 2762 4108 est
2787 4059 2835 4105 P
2869 4055 3168 4122 Polyptoton

593 4140 669 4180 est
705 4131 803 4180 hoc
837 4139 1043 4180 ornatur
1075 4144 1335 4180 ascronem
1363 4127 1514 4177 hodie
1541 4143 1670 4192 quae
1705 4126 1804 4176 hoc
1829 4125 1949 4176 fecit
1978 4125 2271 4192 polyptoton
2296 4134 2373 4175 est
2403 4125 2472 4175 S:
2504 4131 2658 4176 litura
2686 4129 2831 4176 unius
2850 4129 2969 4190 fere
2997 4142 3173 4177 versus

591 4208 710 4251 ante
747 4200 1042 4266 polyptoton
1081 4209 1159 4249 est
1191 4201 1241 4249 in
1276 4200 1324 4249 B
1432 4196 1497 4248 13
1529 4194 1703 4261 litora]
1752 4198 1908 4262 Ver-9.
1950 4197 2079 4246 Aen.
2120 4198 2211 4247 1111
2244 4197 2348 4248 628
2495 4199 2557 4247 14
2594 4196 2780 4262 collige
2816 4222 2883 4233 —
2919 4196 3170 4247 ablativus

591 4287 663 4320 ex
684 4273 918 4336 generali
940 4271 1224 4333 definitione
1253 4270 1513 4334 polyptoti,
1539 4284 1669 4333 quae
1698 4283 1796 4317 non
1825 4267 1899 4317 ad
1927 4267 2142 4331 Veryilii
2164 4271 2452 4332 exemplum,
2478 4267 2574 4316 sed
2595 4267 2669 4316 ad
2692 4281 2855 4318 onmes
2877 4281 3030 4316 casm
3046 4282 3171 4331 per-

591 4342 804 4406 tinebat,
846 4343 1009 4405 petita
1051 4347 1101 4390 et
1139 4341 1303 4390 alieno
1352 4341 1461 4388 loco
1492 4339 1798 4400 interposita
1836 4345 1953 4386 sune
2117 4337 2183 4387 15
2221 4338 2380 4387 undas
2417 4336 2601 4402 collige
2640 4345 2690 4386 et
2721 4337 2951 4386 inuenies
2991 4351 3171 4385 omnes

592 4426 742 4461 casus
778 4412 1004 4462 suumin
1042 4425 1142 4461 uno
1180 4410 1290 4459 loco
1328 4407 1370 4457 S
1544 4408 1609 4458 19
1645 4404 1922 4473 principio]
1963 4406 2120 4472 Ver-9.
2158 4408 2285 4458 Aen.
2317 4408 2386 4457 Vl
2422 4408 2524 4455 724
2665 4406 2733 4456 20
2773 4420 2908 4456 nunc
2944 4403 3066 4472 age]
3099 4407 3167 4458 ib.

590 4498 635 4531 υ.
669 4481 770 4533 756
909 4482 974 4531 21
1014 4480 1304 4529 inmortales
1341 4494 1493 4545 posse
1521 4477 1563 4527 S
1574 4482 1623 4530 P
1667 4478 1959 4527 inmortales
1998 4487 2047 4525 et
2086 4493 2237 4544 posse
2273 4478 2324 4527 Β
2338 4478 2380 4528 G
2516 4478 2584 4527 ‘25
2625 4473 2963 4542 Acamasque]
3008 4477 3171 4540 Ver-9.

593 4553 723 4605 Aen.
764 4552 804 4600 ll
837 4551 940 4602 262
1109 4550 1178 4601 26
1216 4549 1565 4614 neoptolemus
1601 4549 1899 4615 primusque
1934 4547 2035 4598 GP
2200 4548 2547 4611 machaonque
2584 4563 2781 4611 queque
2823 4546 3092 4609 quinquies
3129 4545 3171 4594 0

594 4622 836 4672 machaon
878 4637 1075 4684 queque
1114 4620 1490 4686 quinquagiens
1526 4617 1568 4667 S
1614 4618 1962 4681 machaonque
2004 4634 2236 4682 quaeque
2285 4618 2625 4682 quinquagies
2664 4620 2712 4667 P
2882 4615 2951 4666 28
2994 4625 3047 4665 ut
3092 4624 3171 4663 est

594 4693 719 4742 illud
753 4693 820 4742 ite
861 4692 987 4741 ferte
1023 4692 1109 4740 citi
1155 4692 1386 4740 flammas
1416 4691 1457 4739 S
1494 4699 1546 4738 ut
1584 4698 1661 4738 est
1711 4689 1835 4738 illud
1874 4691 1942 4738 ite
1990 4690 2077 4738 citi
2120 4688 2249 4739 ferte
2286 4689 2515 4737 flammas
2550 4688 2661 4737 Bc
2704 4687 2774 4735 nti
2819 4693 2867 4735 te
2909 4687 2993 4736 citi
3042 4685 3168 4734 ferte

593 4763 825 4811 flammas
861 4762 932 4810 P:
982 4762 1137 4826 Very.
1178 4759 1307 4814 Aen.
1352 4761 1440 4810 llll
1475 4760 1576 4809 593
1717 4759 1780 4809 31
1822 4760 1887 4808 ite
1916 4758 2110 4811 adferte
2149 4760 2233 4808 citi
2272 4756 2313 4806 S
2346 4759 2415 4808 ite
2446 4757 2572 4807 ferte
2609 4757 2695 4807 citi
2736 4756 2787 4806 B
2824 4757 2892 4805 ite
2921 4756 3007 4804 citi
3040 4755 3167 4806 ferte

593 4835 635 4884 C
772 4833 998 4883 flammas
1034 4833 1150 4881 date
1187 4833 1228 4881 C
