3541 5564
1565 386 1706 447 ARS
2795 377 2921 446 355

2524 504 2567 545 p.
2594 492 2797 531 2037-39
2824 490 2872 531 P.

356 576 642 642 retinent,
701 582 763 634 ut
810 575 1104 635 ssuctubus
1149 577 1345 654 potius
1402 595 1575 656 quam
1634 574 1911 635 {luctibus
1966 574 2184 634 dicant.
2275 574 2378 633 sed
2437 573 2499 634 id
2554 571 2919 633 consuetudo

354 676 717 756 inprobavit,
774 696 966 755 neque
1025 679 1086 737 in
1143 677 1276 737 aliis
1331 677 1699 746 nominibuS,
1758 696 1932 757 quam
1992 676 2094 736 ubi
2149 685 2240 735 est
2296 675 2648 753 ambiguitas
2695 675 2918 735 discer-

355 780 576 848 nenda,
627 780 949 846 retinetur,
1000 787 1065 839 ut
1108 779 1182 839 ab
1227 781 1337 839 hoc
1382 788 1514 840 artu
1560 780 1654 839 his
1699 788 1757 840 et
1804 779 1877 839 ab
1925 780 2017 838 his
2065 778 2311 838 artubus
2359 773 2371 859 1
2421 786 2651 840 retenta
2698 796 2736 837 ιι
2781 778 2918 837 eli'e-

354 899 580 950 ramuS,
639 900 712 941 ne
769 888 926 941 artes
983 884 1177 961 potius
1233 901 1409 961 quam
1466 889 1629 942 artus
1689 882 1909 941 dixisse
1954 877 2303 941 videamur(
2367 898 2770 959 quaecumque
2818 899 2920 940 no-

302 984 515 1043 smina
560 982 816 1043 ablativo
861 1002 1001 1043 casu
1044 984 1332 1061 singulari
1379 986 1396 1043 i
1444 985 1644 1044 littera
1688 985 1911 1044 suerint
1958 985 2301 1050 terminata,
2350 983 2675 1058 genitivum
2722 981 2920 1060 plura-

354 1085 471 1145 lem
537 1086 596 1143 in
664 1086 814 1154 ium,
883 1084 1143 1146 dativum
1210 1093 1267 1145 et
1325 1085 1645 1147 ablativum
1702 1088 1764 1146 in
1824 1085 1933 1146 bus
1990 1087 2261 1154 mittunt,
2323 1092 2386 1144 ut
2442 1084 2515 1143 ab
2572 1084 2683 1144 hac
2736 1087 2919 1163 puppi

355 1186 565 1248 barum
609 1189 898 1266 puppium
941 1188 1037 1247 his
1083 1196 1141 1248 et
1187 1189 1259 1247 ab
1305 1189 1399 1248 his
1444 1187 1762 1267 puppibus,
1853 1188 2028 1248 datur
2082 1195 2279 1247 tamen
2335 1187 2433 1245 hic
2488 1187 2774 1266 quaedam
2819 1186 2924 1246 ob-

355 1290 637 1356 servatio,
698 1307 846 1368 quae
906 1289 1125 1367 dirigat
1182 1290 1469 1350 iudicium
1527 1299 1822 1359 nostrum,
1891 1289 2180 1369 siquando
2237 1288 2482 1348 dubium
2541 1295 2658 1357 est,
2729 1296 2923 1349 utrum

355 1389 645 1451 ablativus
689 1391 1009 1468 singularis
1054 1394 1074 1452 i
1121 1411 1194 1452 an
1239 1412 1271 1451 e
1330 1392 1544 1453 debeat
1599 1395 1942 1460 terminari,
2004 1394 2280 1470 itemque
2310 1400 2507 1451 utrum
2555 1394 2926 1451 accusativus

279 1511 329 1552 ιο
356 1492 676 1569 singularis
720 1494 783 1552 in
830 1496 910 1553 im
956 1513 1028 1554 an
1074 1496 1137 1554 in
1183 1514 1296 1555 em.
1385 1514 1519 1555 nam
1577 1492 1626 1554 si
1674 1496 1736 1554 in
1783 1494 2175 1554 diminutione
2222 1493 2467 1553 ultimae
2514 1491 2776 1571 syllabae
2824 1513 2922 1551 vo·
2966 1496 2969 1501 '

355 1595 498 1655 calis
545 1613 576 1654 a
621 1597 980 1655 nominativo
1037 1599 1280 1657 veniens
1335 1597 1709 1675 producitur,
1767 1597 1910 1657 facit
1967 1599 2311 1673 contingere
2370 1597 2431 1654 iu
2490 1602 2739 1673 utroque
2786 1612 2923 1654 casu

355 1700 374 1758 i
420 1698 759 1775 ponendum
814 1717 977 1766 esse,
1049 1700 1312 1760 ut·haec
1368 1701 1553 1758 turris
1609 1699 1925 1766 turricula,
1986 1718 2052 1758 ac
2107 1698 2356 1777 perinde
2415 1717 2446 1757 a
2503 1699 2655 1757 turri
2711 1699 2925 1756 turrim

355 1799 575 1859 facere.
655 1799 810 1879 quod
856 1802 906 1859 si
961 1819 1078 1860 non
1123 1800 1472 1879 producitur
1519 1801 1764 1869 vocalis,
1815 1810 1877 1861 ut
1921 1801 2066 1860 haee
2112 1802 2341 1859 securis
2386 1799 2736 1867 securicula,
2787 1808 2925 1858 tunc

357 1901 557 1961 facere
604 1901 890 1962 debemus
922 1921 952 1963 a
985 1921 1192 1963 secure
1240 1921 1529 1962 securem.
1606 1903 1710 1962 sed
1757 1905 1837 1963 ita
1883 1904 2248 1963 cousuetudo
2294 1910 2353 1962 et
2398 1903 2720 1961 auctoritas
2766 1903 2925 1960 varie.

282 2020 330 2060 15
359 2010 568 2063 contra
614 2003 724 2063 hoc
770 2012 1021 2082 pugnat,
1082 2012 1146 2064 ut
1189 2005 1459 2085 plerique
1506 2007 1567 2064 in
1613 2004 1722 2064 hac
1768 2014 1937 2084 parte
1984 2004 2231 2065 dubium
2277 2004 2537 2063 dixerint
2582 2002 2925 2062 ablativum.

357 2112 517 2164 certe
563 2112 621 2165 et
665 2107 767 2184 qui
813 2105 1132 2167 ablativum
1178 2109 1196 2166 i
1245 2108 1440 2167 littera
1488 2107 1770 2174 efferunt,
1831 2110 2149 2186 septimum
2206 2125 2408 2166 casum
2454 2104 2525 2164 ad
2572 2124 2602 2163 e
2652 2104 2928 2182 redigunt

359 2206 687 2267 interdum:
746 2207 1031 2285 Virgilius
1086 2211 1351 2287 ‘puppi
1421 2211 1530 2268 sic
1588 2211 1792 2269 satur
1847 2208 1929 2270 ab
1988 2209 2201 2277 alta’,
2262 2208 2534 2268 Lucanus
2590 2207 2926 2267 ‘deserta

357 2328 596 2389 puppe
640 2310 1058 2385 magister'.
1149 2310 1287 2370 licet
1346 2318 1403 2370 et
1459 2313 1653 2389 ipsum
1697 2314 2014 2389 septimum
2069 2329 2269 2370 casum
2326 2311 2582 2376 varient,
2649 2308 2926 2368 ‘classe

357 2411 535 2470 veho
601 2414 933 2480 mecum’,
1003 2413 1424 2473 ‘advectum
1493 2415 1802 2474 Aeneam
1869 2413 2156 2473 elassi'.
2248 2414 2308 2471 iu
2376 2411 2485 2470 hac
2551 2411 2755 2486 regula
2812 2410 2973 2470 duo'

281 2531 508 2572 sonova
565 2512 869 2581 accidunt,
931 2532 1141 2581 unum,
1189 2514 1344 2593 quod
1392 2515 1588 2576 facere
1635 2518 2032 2575 accusativum
2092 2513 2378 2594 pluralem
2438 2514 2498 2571 in
2549 2513 2598 2570 is
2643 2511 2923 2590 syllabam

359 2615 746 2691 conpellitur,
794 2633 910 2692 quo
955 2615 1186 2675 scilicet
1230 2615 1512 2676 diseretio
1555 2618 1632 2676 sit
1678 2618 1837 2677 iuter
1884 2619 2076 2695 ipsum
2122 2617 2515 2676 accusativum
2561 2622 2620 2672 et
2664 2617 2927 2674 nomina-

358 2718 542 2775 tivum
588 2724 648 2776 et
694 2718 1048 2787 vocativum,
1097 2719 1197 2797 qni
1244 2719 1473 2778 similes
1518 2727 1655 2779 sunt
1699 2722 2077 2800 frequente-m
2124 2718 2311 2786 aliud,
2346 2716 2501 2796 quod
2534 2719 2931 2776 accusativum

359 2837 590 2898 quoque
647 2819 1006 2896 singularem
1065 2822 1126 2879 in
1185 2822 1263 2880 im
1322 2821 1612 2900 syllabam
1669 2841 1846 2901 saepe
1894 2828 2241 2888 commutat,
2292 2827 2356 2878 ut
2402 2820 2643 2898 puppim
2689 2822 2929 2878 messim

359 2923 567 2981 restim
621 2923 819 3001 potius
887 2940 1059 2999 quam
1127 2941 1384 3001 puppem
1451 2943 1705 2984 messem
1777 2934 2111 3003 restemque
2180 2921 2463 2981 dicamus.
2557 2939 2665 2980 nec
2734 2931 2927 2981 tamen

282 3031 646 3102 251)e1·1›etua
705 3030 796 3081 est
849 3022 993 3082 haec
1051 3023 1274 3100 regula.
1364 3043 1499 3085 nam
1558 3027 1945 3086 inveniuntur
1989 3026 2277 3103 quaedam
2334 3024 2570 3082 nomina
2616 3022 2792 3082 aliter
2839 3025 2927 3082 in-

360 3125 574 3185 clinata
622 3127 682 3184 in
729 3125 989 3200 genitivo
1047 3125 1294 3204 plurali,
1356 3134 1418 3186 ut
1463 3127 1537 3186 ab
1582 3128 1693 3186 hoc
1739 3128 1903 3205 vigili
1950 3127 2166 3206 pugili,
2215 3126 2427 3186 horum
2471 3125 2715 3201 vigilum
2762 3127 2928 3203 pugi-

360 3227 514 3295 lum;
573 3245 722 3305 quae
781 3225 898 3285 duo
954 3227 1220 3305 analogia
1267 3230 1425 3287 inter
1471 3249 1533 3286 se
1581 3231 1839 3298 confert,
1890 3231 2156 3308 quamvis
2200 3227 2443 3305 regulae
2490 3244 2603 3285 non
2649 3228 2928 3286 serviant.

529 3329 602 3388 Et
661 3329 940 3407 quoniam
996 3327 1068 3387 de
1126 3331 1385 3405 genitivo
1443 3331 1658 3408 plurali
1728 3334 1789 3391 in
1846 3334 1968 3390 ium
2024 3339 2276 3391 exeunte
2331 3331 2555 3388 mentio
2610 3329 2761 3390 sacta
2821 3337 2928 3396 est,

361 3429 708 3490 adiciendae
765 3436 903 3488 sunt
958 3434 1294 3491 necessario
1352 3432 1500 3493 aliae
1557 3432 1704 3492 duae
1764 3433 2034 3510 reguiae,
2093 3452 2201 3511 per
2255 3451 2401 3511 quas
2448 3430 2604 3489 idem
2651 3430 2759 3489 hoe
2806 3431 2929 3508 ple-

218 3608 225 3616 ·
283 3550 333 3590 3ο
363 3550 610 3611 rumque
655 3533 892 3589 evenire
938 3533 1314 3593 manifestum
1371 3543 1480 3594 est.
1572 3553 1687 3594 una
1744 3543 1865 3603 est,
1913 3537 2188 3614 quotiens
2233 3523 2625 3593 nominativus
2670 3532 2929 3608 singula-

361 3634 447 3692 ris
492 3652 529 3692 n
576 3639 636 3691 et
681 3651 710 3692 s
756 3630 974 3691 litteris
1018 3636 1400 3695 terminatur:
1459 3642 1581 3696 tmn
1629 3639 1790 3697 enim
1835 3639 2130 3715 genitivus
2176 3630 2442 3715 plui·a}lis
2488 3633 2824 3693 necessario
2872 3637 2930 3693 in

361 3737 484 3797 ium
528 3736 677 3800 exit,
737 3740 803 3792 ut
858 3732 956 3792 hic
1010 3753 1177 3794 mons
1222 3736 1430 3797 borum
1478 3741 1793 3806 montium,
1854 3757 2057 3798 amans
2102 3738 2444 3798 amantium.
2533 3754 2682 3813 quae
2728 3736 2931 3812 regula

361 3856 476 3897 non
535 3853 834 3915 peraeque
891 3842 1117 3895 manet:
1176 3854 1310 3897 nam
1367 3841 1562 3899 infans
1619 3841 1911 3901 infantum
1968 3842 2126 3901 lacit.
2218 3838 2328 3899 alia
2376 3843 2463 3896 est
2508 3838 2739 3914 regula,
2787 3856 2929 3924 quo-

361 3940 516 3997 tiens
561 3937 818 3998 ablativo
864 3955 1002 3997 casu
1049 3939 1334 4015 singulari
1380 3940 1664 4000 feminina
1711 3945 1949 4003 nomina
1996 3949 2270 4021 correpta
2302 3960 2333 4000 e
2369 3940 2562 4000 littera
2611 3942 2931 4001 terminan-

499 4174 532 4226 3
571 4176 843 4225 retenenda
872 4191 905 4223 u
942 4175 1006 4225 M
1107 4177 1139 4225 4
1187 4184 1324 4225 artus
1354 4175 1581 4240 §dixisse
1616 4178 1662 4226 Β
1802 4181 1833 4227 7
1870 4177 1975 4243 hic]
2017 4179 2134 4228 inde
2174 4179 2235 4228 M
2379 4178 2435 4229 11
2480 4178 2787 4242 producatur
2823 4177 2933 4226 BL

505 4246 567 4295 12
603 4247 892 4310 ponendum
932 4247 1060 4295 sicut
1091 4245 1207 4294 BL
1346 4262 1404 4294 ac
1437 4247 1620 4296 deinde
1658 4265 1686 4295 a
1723 4251 1846 4297 turri
1886 4250 2060 4297 turrim
2091 4249 2217 4298 solet
2250 4249 2414 4297 faeere
2446 4249 2509 4298 M
2648 4247 2711 4297 13
2745 4246 2933 4311 produ-

362 4322 502 4364 catur
528 4315 638 4364 BL
739 4316 803 4366 16
833 4326 968 4365 certe
1005 4324 1053 4363 et
1090 4316 1207 4378 quia
1240 4317 1286 4364 L
1323 4325 1456 4365 certe
1488 4333 1635 4378 quem
1667 4318 1728 4366 M
1835 4319 1897 4367 17
1932 4318 2182 4383 Virgilius
2224 4334 2315 4370 om.
2342 4319 2426 4368 M:
2469 4320 2625 4381 Very.
2654 4316 2782 4369 Aen.
2818 4318 2931 4364 vm

368 4385 463 4435 115
569 4400 741 4450 puppe
777 4385 839 4434 M
941 4386 1004 4434 ab
1042 4386 1140 4434 alta
1176 4385 1236 4434 Β
1263 4386 1325 4433 ab
1359 4385 1460 4435 alta
1499 4385 1595 4434 abl·
1638 4386 1681 4434 l,
1714 4386 1988 4436 ablatiuum
2028 4387 2089 4436 M
2194 4386 2452 4454 Lucanus]
2490 4388 2729 4438 Plearsal.
2776 4388 2792 4434 l
2832 4387 2929 4435 501

505 4455 566 4505 18
598 4457 794 4504 uariant
830 4466 883 4506 ιιι
909 4454 1044 4505 cluse
1079 4456 1170 4504 M.-
1217 4457 1371 4519 Ver-9.
1408 4455 1537 4507 Aen.
1579 4457 1596 4504 1
1636 4455 1741 4505 379
1886 4457 1949 4506 19
1981 4464 2029 4504 et
2056 4457 2317 4507 advectum
2353 4457 2441 4507 M:
2472 4460 2629 4521 Ver-9.
2663 4457 2792 4505 Aen.
2822 4457 2933 4504 Vlll

367 4525 425 4575 11
585 4523 726 4575 elasi
763 4525 825 4573 M
998 4525 1062 4575 21
1101 4525 1426 4590 interipsum
1465 4535 1516 4573 et
1551 4526 1918 4574 nominatiuum
1958 4537 2006 4573 et
2044 4528 2334 4574 uocatiuum
2376 4529 2431 4575 ιιῑ
2466 4529 2551 4589 qui
2588 4526 2780 4576 similes
2817 4535 2933 4574 sunt

365 4594 595 4655 frequent
635 4594 682 4642 Β
819 4595 886 4645 22
924 4595 1210 4659 frequenter
1246 4611 1337 4644 om.
1382 4595 1503 4643 ML
1643 4596 1784 4645 aliud
1822 4610 2021 4658 quoque
2061 4596 2196 4659 quod
2233 4599 2577 4646 accusatiuum
2622 4596 2931 4660 singularem

364 4665 415 4711 in
453 4664 469 4710 i
509 4664 669 4711 littera
699 4678 851 4728 saepe
885 4665 995 4713 BL
1134 4665 1202 4716 23
1238 4665 1417 4715 mesirn
1451 4663 1514 4712 M
1649 4666 1716 4714 24
1764 4680 1953 4713 mesem
1990 4665 2051 4713 Μ
2187 4667 2253 4715 25
2289 4667 2432 4715 aliter
2461 4667 2706 4716 declinata
2737 4665 2803 4714 M

364 4734 430 4781 27
467 4732 566 4781 duo
607 4748 698 4782 om.
737 4732 826 4782 M:
865 4736 933 4797 cf.
977 4735 1172 4788 Charis.
1205 4750 1261 4797 p.
1309 4734 1427 4795 136,
1464 4735 1532 4785 22
1566 4733 1756 4784 Plinius
1795 4735 1971 4784 eodem
2011 4735 2136 4785 libro
2172 4736 2237 4783 vt
2275 4735 2388 4784 ‘hie
2415 4737 2603 4800 mugil’
2643 4736 2821 4796 inquit,
2856 4740 2933 4785 ‘ut

364 4802 507 4866 pugil
545 4811 593 4850 et
631 4801 785 4868 vigil’
818 4810 911 4857 ele.
1055 4804 1123 4854 29
1156 4804 1464 4854 adiecendae
1497 4805 1563 4854 M
1698 4804 1764 4854 32
1795 4805 2072 4854 amantium
2109 4816 2280 4855 eontra
2314 4821 2442 4868 quae
2476 4807 2525 4856 B
2665 4804 2731 4856 33
2765 4813 2934 4853 manet

365 4881 419 4922 ut
448 4870 693 4922 infantum
735 4887 848 4921 nam
885 4874 996 4928 BL
1135 4875 1202 4933 34
1239 4875 1569 4931 terminantur
1607 4875 1863 4941 genitiuus
1900 4875 2108 4941 pluralis
2141 4876 2188 4928 iu
2230 4878 2331 4928 ium
2370 4877 2475 4928 exit
2514 4882 2565 4924 ut
2605 4884 2749 4927 nocte
2790 4874 2932 4924 clade
