3541 5564
579 359 704 423 578
1174 430 1180 438 ‚
1451 359 1550 420 DE
1593 359 1840 420 nvssns
1886 358 2299 420 NOMINIBVS

634 483 674 522 p.
705 471 766 510 78.
796 469 843 509 79
871 468 922 507 Η.

749 549 927 627 Dapis
969 550 1209 626 generis
1253 549 1554 616 feminini,
1604 556 1666 607 ut
1709 547 1998 606 Iuvencus
2041 545 2224 625 ‘quae
2269 546 2495 625 dapis’.
2702 581 2740 624 3

750 649 1044 729 Diploidis
1087 651 1327 728 generis
1371 650 1674 717 seminini,
1722 656 1789 709 ut
1833 648 2193 727 ‘diploidem
2237 653 2460 709 suam'.

750 753 1042 813 Diurnum
1088 752 1308 812 dicitur
1351 751 1505 830 quod
1552 770 1662 830 per
1706 752 1974 828 singulos
2019 750 2147 810 dies
2192 752 2274 809 fit.

748 854 915 915 Ebur
967 855 1206 931 generis
1260 855 1488 921 neutri,
1546 859 1612 912 ut
1655 853 1940 930 Virgilius
1987 850 2075 930 (9.
2124 850 2175 911 11
2224 847 2374 930 193)
2434 853 2694 912 ‘inflavit
2736 871 2869 912 cum
2918 854 3152 930 pinguis

582 957 789 1018 ebur’.
878 955 1034 1016 unde
1081 963 1142 1015 et
1184 955 1475 1023 eburnea,
1524 973 1641 1014 non
1687 955 1903 1014 eborea
1947 954 2280 1014 dicendum.

749 1057 1005 1118 Eculeus
1047 1060 1286 1135 generis
1331 1057 1671 1125 masculini,
1719 1066 1784 1117 ut
1829 1055 2038 1117 Cicero
2084 1056 2469 1135 ‘inequitavit
2515 1056 2817 1116 eculeus’.

749 1160 1103 1229 Erinaceus,
1162 1178 1278 1219 non
1337 1160 1578 1219 ericiuS.
1667 1166 1861 1218 tamen
1919 1158 2194 1219 Rabirius
2252 1162 2711 1242 ‘portarumque
2778 1159 2891 1218 suit
2953 1165 3153 1217 custos

581 1264 857 1322 ericius'.

749 1363 937 1424 Error
991 1365 1229 1441 generis
1283 1363 1626 1432 masculini,
1685 1371 1748 1422 ut
1805 1363 2092 1424 Iuvencus
2151 1361 2224 1440 (ll
2268 1359 2369 1440 81)
2418 1363 2587 1423 ‘nam
2634 1355 2749 1423 tibi
2794 1364 3155 1441 praeteritus

583 1468 732 1526 vitae
782 1464 1096 1525 donabitur
1140 1469 1369 1524 error’.
3182 1482 3234 1520 ιο

750 1567 1013 1627 Echinus
1055 1568 1294 1644 generis
1339 1567 1680 1637 masculini,
1730 1575 1793 1627 ut
1824 1567 2103 1628 Horatius
2149 1563 2280 1645 (sat.
2317 1565 2457 1637 114,
2489 1564 2593 1647 33)
2643 1571 2873 1628 ‘ostrea
2905 1568 3150 1636 CirceiS,

584 1670 806 1730 Miseno
852 1670 1128 1729 oriuntur
1172 1669 1425 1729 echini’.

749 1771 1055 1832 Elefantus
1098 1773 1339 1848 generis
1383 1771 1710 1841 masculini,
1760 1780 1823 1831 ut
1854 1771 2134 1832 Rabirius
2180 1776 2284 1831 ‘ac
2330 1772 2507 1832 veluti
2554 1770 2827 1831 Numidis
2871 1768 3155 1850 elephans

583 1874 986 1934 circumdatur
1031 1873 1238 1933 altus'.

750 1976 992 2054 Effigies
1046 1976 1284 2052 generis
1339 1977 1641 2044 seminini,
1700 1984 1763 2036 ut
1808 1975 2168 2036 Prudentius
2227 1972 2407 2052 (cath.
2453 1971 2524 2045 3,
2577 1971 2718 2055 194)
2780 1978 3007 2054 ‘prisca
3055 1994 3236 2037 re-15

582 2080 849 2139 nascitur
892 2079 1175 2154 efligies’.

751 2181 907 2241 Fons
950 2182 1190 2258 generis
1236 2180 1574 2248 masculini,
1623 2187 1688 2240 ut
1731 2179 2092 2240 Prudentius
2138 2176 2320 2257 (cath.
2367 2176 2438 2248 6,
2484 2176 2585 2259 35)
2637 2183 2976 2260 ‘purusque
3020 2182 3156 2240 sons

582 2282 656 2342 ab
701 2282 961 2344 aethra'.
1651 2273 1666 2286 ’

753 2382 761 2462 Ι
808 2385 968 2444 Frux
1012 2386 1252 2462 generis
1296 2386 1595 2454 seminini,
1645 2393 1707 2445 ut
1738 2385 2026 2462 Virgilius
2073 2383 2165 2462 (Α.
2200 2385 2221 2444 1
2259 2381 2398 2464 178)
2446 2387 2786 2464 ‘frugesque
2832 2388 3152 2463 receptas'.

751 2487 887 2547 Flos
930 2489 1171 2563 generis
1217 2487 1558 2556 masculini,
1609 2497 1674 2548 ut
1719 2489 2008 2548 Iuvencus
2054 2485 2096 2564 (1
2142 2483 2243 2566 30)
2294 2489 2631 2565 ‘primaevo
2675 2490 2735 2547 in
2781 2487 2927 2547 ssore
2974 2505 3153 2563 nega·
3182 2510 3239 2550 20

581 2592 720 2656 vit';
768 2588 1077 2667 pluraliter
1120 2589 1328 2656 flores,
1381 2597 1443 2648 ut
1486 2589 1845 2651 Prudentius
1893 2586 2070 2667 (cath.
2126 2586 2231 2658 12,
2284 2585 2421 2669 125)
2471 2588 2728 2649 ‘salvete
2774 2589 2951 2648 ssorcs
2995 2607 3153 2648 mar-

582 2694 838 2770 tyrum’.

750 2794 994 2854 Fretum
1051 2795 1290 2870 generis
1345 2795 1542 2854 neutri
1600 2802 1659 2854 et
1716 2794 2025 2874 pluraliter
2080 2796 2263 2864 freta,
2325 2800 2386 2854 ut
2442 2793 2759 2854 Petronius
2802 2794 2991 2854 ‘freta
3036 2793 3154 2854 Ne-

582 2896 866 2955 reidum'.

752 2998 938 3057 Fores
981 2998 1219 3074 generis
1263 2998 1566 3067 seminini,
1615 3006 1679 3059 ut
1723 2999 1869 3060 illud
1916 2998 2084 3059 ‘ante
2131 3007 2262 3059 tuas
2308 2999 2523 3057 sores'.
3183 3020 3239 3060 25

751 3099 944 3159 Filum
988 3102 1226 3177 generis
1270 3102 1497 3170 neutri,
1545 3100 1856 3179 pluraliter
1900 3100 2023 3169 fila,
2070 3109 2135 3161 ut
2179 3101 2520 3162 Lactantius
2567 3096 2808 3178 (phoen.
2855 3097 2958 3180 50)
3017 3101 3155 3161 ‘fila

581 3219 794 3262 canora
841 3200 1058 3280 lyrae’.

751 3302 946 3363 Funes
989 3307 1228 3381 generis
1269 3305 1615 3374 masculini,
1663 3313 1728 3365 ut
1772 3305 1952 3365 David
2004 3302 2124 3383 (με.
2175 3301 2313 3375 118,
2359 3300 2461 3383 61)
2521 3306 2730 3364 ‘funes
2773 3312 3154 3384 peccatorum

582 3404 966 3484 circumplexi
1011 3412 1148 3465 sunt
1191 3409 1338 3465 me’.

756 3643 782 3693 l
825 3642 971 3708 dapis
1013 3658 1129 3695 exc.
1172 3643 1326 3697 Char.
1367 3642 1496 3706 549,
1533 3646 1566 3695 5
1738 3648 1768 3696 4
1809 3646 1933 3694 ebur
1965 3646 2116 3698 Char.
2158 3644 2243 3707 73,
2280 3646 2343 3696 21
2387 3646 2513 3707 Gap.
2554 3644 2691 3694 2248
2722 3647 2865 3696 Serv.
2908 3647 2959 3694 in
2991 3646 3150 3710 Ver-9.

581 3713 711 3763 Aen.
749 3713 767 3760 l
805 3713 926 3765 592.
967 3712 1056 3763 Xn
1100 3713 1160 3762 11
1303 3712 1337 3763 6
1373 3714 1576 3763 eculeus
1610 3717 1776 3768 Prisc.
1817 3717 1940 3769 114,
1976 3715 2060 3768 20.
2102 3715 2220 3775 259,
2266 3716 2330 3765 18
2493 3716 2527 3763 9
2565 3730 2703 3763 error
2738 3715 2865 3767 Non.
2908 3717 3009 3765 201

583 3782 646 3834 13
685 3781 933 3832 elefantus
965 3784 1116 3833 Char.
1155 3785 1272 3847 127,
1311 3785 1377 3831 22
1425 3783 1591 3837 Prisc.
1622 3787 1754 3846 216,
1798 3785 1859 3835 10
1902 3788 2026 3847 Cap.
2070 3785 2206 3835 2248
2382 3784 2444 3834 19
2476 3784 2589 3833 frux
2636 3785 2762 3849 Cap.
2806 3784 2943 3836 2248
3083 3786 3157 3834 20

581 3854 675 3902 llos
714 3852 867 3906 Proh.
902 3851 1031 3913 213,
1074 3853 1138 3904 18
1290 3854 1356 3903 22
1395 3853 1576 3904 l'retum
1615 3855 1769 3910 Char.
1804 3854 1920 3919 129,
1959 3856 1993 3907 6
2030 3857 2193 3906 Pri-re.
2233 3855 2349 3913 170,
2388 3854 2420 3903 3
2461 3854 2589 3904 Non.
2629 3854 2730 3905 205
2903 3854 2971 3905 28
3006 3854 3156 3904 funes

581 3924 712 3975 Non.
750 3921 850 3973 205
882 3924 1048 3976 Prisc.
1083 3922 1199 3982 160,
1240 3924 1303 3974 17

721 4148 741 4197 1
788 4163 917 4209 quae
955 4147 1104 4213 dapis
1137 4150 1186 4195 in
1224 4148 1428 4197 quenci
1460 4148 1758 4198 carminibus
1789 4163 1884 4197 non
1920 4155 2170 4209 repertum
2206 4154 2280 4196 est
2417 4147 2449 4195 4
2489 4142 2700 4212 inflavit]
2745 4154 2798 4194 ut
2837 4145 2975 4193 ssauit
3003 4147 3049 4195 L

577 4220 610 4267 5
653 4232 750 4267 non
791 4219 1006 4267 ebur-rea
1043 4217 1178 4267 MV
1185 4219 1232 4267 L
1335 4218 1580 4267 dicendus
1622 4220 1684 4267 M
1820 4219 1853 4265 (5
1884 4218 2093 4281 equleus
2127 4226 2338 4282 ueroque
2364 4218 2472 4265 loco
2512 4217 2557 4265 L
2663 4212 2861 4280 Cicero]
2902 4216 2950 4264 in
2996 4217 3153 4266 Verr.

575 4296 680 4340 act.
718 4303 820 4341 sec.
855 4288 941 4337 llll
979 4285 1075 4349 20,
1113 4287 1180 4337 43
1225 4288 1275 4335 in
1315 4288 1394 4337 his
1432 4289 1674 4352 equitabit
1706 4288 1894 4337 eculeis
2069 4288 2100 4335 7
2137 4284 2422 4352 erinaceus]
2468 4286 2718 4337 erinacius
2753 4283 2885 4334 MV
3054 4302 3154 4336 non

578 4359 752 4407 eritius
791 4358 839 4406 L
980 4356 1203 4406 rubii-ius
1233 4357 1298 4406 M
1313 4359 1361 4407 V
1499 4367 1860 4420 portarumque
1893 4358 2147 4420 Hauptins
2183 4366 2438 4422 portarum
2480 4358 2564 4419 qui
2601 4358 2649 4406 L
2682 4367 2935 4420 partarum
2977 4358 3061 4417 qui
3109 4360 3163 4407 V

578 4427 934 4495 pantarumqtii
966 4428 1032 4476 M
1170 4436 1344 4475 custus
1383 4428 1518 4477 MV
1656 4429 1690 4478 9
1731 4422 2030 4491 praeteritur
2068 4427 2128 4476 M
2164 4426 2494 4492 praeiet-iture
2540 4428 2587 4476 V
2731 4424 2795 4475 10
2830 4425 2960 4473 vitae
2997 4426 3158 4475 dona·

580 4499 712 4547 bitur
742 4513 879 4547 error
909 4513 1002 4550 om.
1031 4497 1096 4545 M
1198 4497 1405 4546 donauit
1447 4496 1557 4547 Vl,
1701 4500 1759 4549 11
1802 4499 2004 4547 eccinus
2032 4499 2081 4547 L
2222 4506 2355 4546 ostra
2392 4495 2456 4553 V,
2484 4511 2575 4545 om.
2617 4495 2667 4544 L
2808 4494 2873 4544 13
2901 4495 3073 4546 rabius
3108 4498 3168 4544 V

715 4567 868 4616 ueluti
915 4566 1147 4616 Numidis
1181 4567 1435 4631 Haupeius
1472 4568 1610 4616 uelut
1647 4568 1695 4616 in
1735 4568 1924 4617 umidis
1960 4568 2009 4616 L
2059 4568 2196 4617 uelut
2232 4565 2513 4632 inlgumidis
2557 4566 2609 4614 V
2639 4564 2777 4613 uelut
2810 4564 3054 4615 inhumid'
3095 4567 3163 4615 M

716 4636 925 4702 elephas
963 4636 1019 4685 V
1187 4639 1245 4686 14
1290 4638 1629 4687 circumdatus
1667 4639 1761 4687 alis
1797 4639 2003 4687 coniecit
2036 4640 2260 4688 Clericus
2429 4636 2558 4684 altus
2596 4634 2851 4697 Hauptius
2886 4634 2999 4685 aliis
3044 4637 3096 4685 V
3108 4637 3160 4685 L

580 4707 679 4757 inis
717 4707 781 4755 M
918 4708 983 4757 15
1019 4716 1311 4757 renascetur
1342 4709 1407 4757 M
1421 4707 1470 4754 V
1484 4707 1530 4755 L
1699 4708 1764 4758 18
1803 4709 1977 4757 abetra
2021 4711 2071 4758 V
2088 4710 2131 4757 L
2161 4708 2389 4757 abe-terra
2430 4706 2494 4755 M
2628 4703 2695 4754 20
2734 4704 2931 4769 iugauit
2970 4705 3016 4753 L

579 4776 642 4825 21
680 4776 831 4825 flores
873 4780 1049 4837 priore
1084 4779 1192 4828 Ioco
1224 4794 1316 4830 om.
1361 4778 1480 4827 ML
1618 4779 1811 4828 samue
1848 4781 1896 4831 L
1933 4778 2119 4828 semite
2158 4777 2221 4827 M
2394 4777 2459 4826 26
2496 4772 2659 4840 filum]
2699 4774 2860 4824 fllium
2899 4776 2947 4826 L
3086 4774 3160 4826 28

581 4843 762 4911 David]
809 4846 908 4894 d'd·
949 4847 1009 4896 M
1150 4846 1218 4897 29
1250 4846 1588 4912 circumplexo
1635 4849 1687 4899 V
