3541 5564
591 337 718 402 390
1678 286 2083 401 conssnrn

642 460 686 499 p.
716 449 864 489 10—12
894 446 938 490 Β.
2933 458 2969 487 c.
2998 446 3112 485 7-9,

594 530 738 588 tium
783 527 1072 587 vocalium
1118 526 1502 587 subtrahendi
1551 546 1622 586 ex
1666 527 1761 588 his
1805 527 2057 606 aliquam
2103 527 2462 605 praebeatur
2506 528 2759 586 occasio,
2829 524 2963 599 hoc,
3009 528 3164 586 sicut

592 630 744 698 dixi,
794 633 918 708 ipse
966 636 1134 708 poeta
1182 628 1354 689 nobis
1396 632 1476 688 ita
1535 631 1649 689 iam
1698 631 1985 707 scriptum
2030 628 2274 707 reliquit
2329 636 2429 688 aut
2474 627 2649 687 nohis
2693 625 3163 687 subtrahendum

590 732 865 791 tradidit:
917 733 1203 809 scriptum
1237 730 1509 809 reliquit,
1559 738 1623 790 ut
1652 739 1743 790 est
1773 730 1944 800 illud,
1994 734 2158 790 ‘nec
2205 749 2344 790 non
2392 748 2792 810 aurumque
2839 732 3160 789 animus-

590 852 724 911 que
771 834 1177 901 Latinost';
1224 833 1397 892 nobis
1441 831 1906 893 subtrahendum
1951 835 2270 911 permittit,
2320 840 2385 892 ut
2428 839 2517 893 est
2562 832 2735 900 illud,

894 942 1109 1014 atque
1158 954 1236 994 ea
1283 934 1578 995 diversa
1624 938 1933 1014 penitus
1976 934 2137 994 dum
2184 942 2395 1012 parte
2440 941 2828 1012 geruntur.
3188 949 3213 987 5

589 1038 730 1106 hoc,
780 1045 844 1097 ut
889 1039 972 1096 ait
1016 1039 1107 1095 vir
1152 1036 1358 1096 doctus
1403 1037 1635 1107 Celsus,
1684 1038 1988 1097 commode
2036 1038 2129 1103 fit,
2181 1032 2190 1115 Ι
2244 1035 2343 1095 ubi
2402 1036 2606 1096 eadem
2663 1035 2859 1096 littera
2916 1036 3160 1104 tollitur,

590 1158 738 1219 quae
796 1141 1181 1218 exprimitur,
1251 1138 1420 1217 quale
1481 1146 1571 1198 est
1624 1139 1883 1199 ‘multa
1941 1157 2228 1219 quoquc
2284 1145 2353 1196 et
2420 1137 2617 1198 hello
2674 1141 3003 1217 passus';
3072 1140 3161 1197 in-

590 1240 987 1309 commodiuS,
1046 1239 1150 1299 uhi
1209 1241 1320 1299 alia
1368 1241 1621 1301 tollitur:
1683 1240 1799 1300 tale
1858 1249 1947 1301 est
2004 1240 2418 1317 ‘Karthago
2465 1239 2822 1300 Italiam’:
2882 1241 3159 1318 pessime,

589 1344 692 1404 ubi
742 1346 795 1402 ci
843 1362 991 1422 quae
1042 1342 1265 1402 tollitur
1310 1344 1539 1409 accedit
1584 1363 1945 1412 consonans,
1979 1342 2150 1423 quale
2196 1350 2287 1401 est
2330 1341 2671 1401 ‘multum
2719 1341 2848 1401 ille
2896 1351 2965 1400 et
3010 1349 3161 1401 ter-

591 1448 696 1505 ris
740 1448 1072 1505 iactatus
1117 1451 1186 1503 et
1231 1444 1432 1504 alto’.
1523 1445 1668 1505 haec
1714 1452 1910 1506 tamen
1958 1445 2324 1513 observatiO,
2382 1446 2537 1503 sicut
2581 1446 2708 1522 ipse
2756 1445 3038 1513 affirmat,
3097 1446 3158 1503 in
3190 1459 3239 1497 10

591 1554 850 1608 nostram
907 1545 1166 1623 linguam
1223 1546 1409 1615 cadit,
1470 1565 1586 1607 non
1646 1549 1824 1608 etiam
1882 1551 1941 1607 in
2002 1547 2386 1607 Graecorum.
2477 1545 2783 1625 ecthlipsis
2838 1552 2957 1614 est,
3027 1564 3161 1604 cum

590 1668 707 1710 non
764 1648 882 1727 sola
941 1646 1159 1707 vocalis
1215 1650 1523 1715 eximitur,
1583 1649 1685 1708 sed
1744 1669 1986 1709 neeesse
2045 1656 2136 1709 est
2188 1657 2253 1707 ut
2309 1667 2437 1708 cam
2484 1666 2814 1708 consonans
2860 1656 3158 1725 sequatur,

590 1751 760 1830 quale
807 1749 964 1829 quod
1012 1749 1298 1818 diximus,
1348 1750 1631 1810 ‘multum
1677 1750 1775 1810 ille
1824 1760 1882 1811 et
1926 1754 2160 1811 terris'.
2225 1750 2283 1810 hi
2332 1750 2449 1810 duo
2494 1749 2859 1829 metaplasmi
2906 1751 3159 1809 maxime

588 1854 894 1933 pertinent
949 1851 1019 1911 ad
1079 1851 1398 1911 scandendi
1456 1854 1777 1921 rationem,
1837 1854 1908 1913 de
1965 1853 2184 1933 quibus
2239 1854 2557 1931 separatim
2604 1852 2777 1930 paulo
2822 1859 2954 1931 post
2999 1852 3159 1911 dice-

587 1974 750 2023 muS,
806 1955 1084 2033 quoniam
1139 1952 1473 2030 longiorum
1531 1956 1898 2034 quorundam
1952 1956 2222 2032 indigent
2276 1962 2753 2034 praeceptorum.
2842 1972 3000 2015 nunc
3046 1954 3161 2014 duo
3190 1971 3239 2010 ιε»

589 2055 954 2135 metaplasmi
1014 2062 1266 2125 restant,
1336 2056 1649 2117 antithesis
1715 2066 1775 2118 et
1829 2057 2192 2118 metathesis,
2283 2056 2596 2117 antithesis
2662 2062 2781 2125 est,
2850 2074 2985 2116 cum
3052 2074 3161 2135 pro

587 2156 782 2218 littera
841 2158 953 2217 alia
1006 2157 1204 2217 littera
1262 2160 1530 2235 ponitur,
1600 2166 1666 2219 ut
1716 2162 1964 2221 mutatio
2020 2162 2147 2229 fiat,
2216 2178 2500 2220 numerus
2553 2166 2746 2218 autem
2805 2157 3157 2236 syllabarum

586 2279 701 2321 non
751 2260 932 2329 desit,
982 2267 1044 2319 ut
1089 2277 1221 2319 cum
1269 2259 1522 2320 dicimus
1567 2261 1661 2322 olli
1710 2280 1823 2340 pro
1868 2262 1973 2322 illi.
2036 2262 2383 2322 metathesis
2428 2268 2545 2329 est,
2594 2279 2728 2320 cum
2774 2278 2924 2339 quae
2969 2261 3162 2320 suerat

586 2364 647 2422 in
707 2362 925 2421 litteris
980 2360 1052 2420 ab
1113 2361 1227 2421 alio
1283 2364 1343 2421 in
1402 2361 1579 2422 alium
1636 2363 1830 2424 locum
1882 2363 2081 2424 littera
2141 2365 2527 2433 transfertur,
2597 2370 2663 2422 ut
2718 2380 2850 2422 cum
2909 2363 3163 2422 dicimus

586 2462 828 2524 'l'imbre
876 2483 984 2542 pro
1029 2462 1274 2524 Timher
1319 2470 1378 2523 et
1422 2464 1699 2525 Euandre
1746 2485 1855 2544 pro
1901 2466 2195 2527 Euander.
3187 2487 3239 2525 ‘20

754 2565 838 2625 Ex
886 2565 981 2624 his
1025 2574 1272 2643 apparet
1316 2584 1425 2644 per
1456 2575 1734 2627 accentus
1780 2576 1837 2628 et
1883 2570 2305 2648 aspirationem
2351 2567 2797 2648 metaplasmum
2841 2586 2957 2627 nou
3004 2568 3157 2626 fieri.

582 2665 729 2726 haec
775 2667 933 2725 enim
980 2667 1104 2725 sere
1137 2667 1252 2726 duo
1297 2669 1637 2745 specialiter
1681 2668 2052 2731 barbarismo
2085 2678 2420 2741 remanent;
2468 2672 2582 2730 nisi
2630 2672 2780 2731 sorte
2828 2672 2963 2749 quis
3006 2688 3159 2748 poue

583 2767 1033 2848 metaplasmum
1090 2788 1198 2848 per
1254 2768 1831 2832 trans¹mutati0nem
1889 2779 2171 2834 accentus
2226 2792 2354 2833 esse
2412 2773 2589 2834 dicat.
2680 2772 2783 2833 sed
2838 2771 2984 2832 mihi
3042 2790 3160 2831 non

583 2873 663 2931 ita
712 2872 963 2931 videtur.
1055 2890 1188 2931 nam
1236 2873 1284 2930 si
1332 2875 1579 2933 mutatio
1625 2876 1735 2933 ista
1795 2884 2073 2936 accentus
2118 2876 2282 2936 verbi
2330 2876 2821 2952 significationem
2868 2894 2985 2935 non
3032 2893 3159 2934 mu-

586 2978 766 3042 taret,
823 2975 1028 3050 utique
1085 2973 1530 3052 metaplasmum
1589 2977 1947 3037 diceremus,
2038 2997 2170 3039 cum
2229 2997 2369 3037 vero
2423 2980 2837 3038 transmutatio
2882 2985 3161 3037 accentus
3188 2997 3240 3036 25

583 3076 1077 3151 significationem
1123 3094 1355 3156 quoque
1389 3077 1556 3137 verbi
1603 3085 1820 3148 mutat,
1869 3098 1985 3141 non
2033 3084 2095 3142 in
2143 3100 2211 3140 co
2258 3088 2345 3140 est
2390 3083 2569 3150 ratio,
2618 3087 2682 3140 ut
2730 3080 2974 3140 verbum
3020 3099 3157 3139 con-

586 3184 671 3236 tra
740 3178 1227 3239 consuetudinem
1296 3183 1666 3242 enuntiatum
1734 3181 2036 3252 videatur,
2104 3183 2207 3242 sed
2273 3185 2333 3243 in
2392 3202 2462 3243 eo
2518 3185 2671 3243 ratio
2727 3191 2844 3251 est,
2906 3189 2969 3242 ut
3023 3183 3159 3242 ideo

581 3279 754 3338 aliter
799 3282 1168 3341 enuntiatum
1216 3284 1318 3352 sit,
1378 3286 1657 3362 quoniam
1705 3285 2059 3361 significatio
2103 3303 2220 3345 non
2266 3285 2470 3345 eadem
2518 3284 2901 3364 sequebatur.

748 3380 911 3442 Multi
980 3385 1137 3443 inter
1205 3385 1619 3464 metaplasmos
1685 3395 1983 3464 reponunt
2050 3388 2341 3465 speciem,
2411 3405 2586 3466 quam
2653 3386 2860 3446 dicunt
2923 3389 3154 3453 tmesin,

581 3500 826 3561 eamque
874 3481 1150 3545 bifariam
1197 3486 1468 3547 dividunt
1513 3489 1618 3547 sic.
1681 3489 1890 3548 dicunt
1935 3491 2096 3549 enim
2140 3508 2316 3549 unam
2363 3499 2593 3568 partem
2639 3492 2769 3549 eius
2814 3507 2973 3557 esse,
3022 3506 3156 3547 cum
3184 3511 3237 3550 30

580 3585 651 3644 de
707 3603 824 3645 una
878 3593 1044 3664 parte
1103 3590 1391 3650 orationis
1444 3589 1596 3649 duae
1655 3591 1804 3649 fiunt
1857 3598 2086 3670 parteS,
2134 3599 2200 3651 ut
2243 3600 2333 3651 est
2377 3593 2549 3652 ‘non
2598 3592 2747 3653 ulla
2792 3590 3161 3660 laborum,

578 3706 612 3745 o
668 3689 908 3764 virgo,
968 3692 1294 3750 nova‘mi
1352 3691 1651 3750 facies'.
1742 3695 1941 3770 posuit
1996 3695 2154 3753 enim
2211 3693 2357 3754 duas
2412 3702 2639 3774 parteS,
2698 3694 2759 3754 id
2805 3700 3052 3754 estnon
3100 3703 3161 3752 et

579 3788 725 3859 ulla,
774 3808 881 3868 pro
925 3809 1072 3861 una,
1121 3811 1272 3871 quae
1320 3800 1408 3852 est
1453 3793 1632 3853 nulla.
1723 3794 1899 3854 aliam
1944 3802 2173 3873 partem
2231 3796 2362 3856 eius
2405 3815 2533 3856 esse
2580 3796 2816 3866 dicunt,
2874 3814 3007 3855 cum
3054 3797 3157 3854 uni

577 3894 731 3970 parti
790 3895 1075 3954 orationis
1131 3896 1471 3953 immittitur
1524 3913 1663 3973 pars
1719 3898 2008 3956 orationis
2063 3899 2206 3968 alia,
2254 3917 2405 3978 quae
2452 3901 2532 3959 ita
2578 3900 2639 3958 in
2687 3899 2882 3959 medio
2927 3904 3047 3966 est,
3095 3904 3159 3956 ut

576 3993 705 4054 illas
750 3995 895 4055 duas
939 4003 1169 4075 parteS,
1216 3995 1435 4076 quibus
1480 3997 1906 4058 circumcincta
1953 4008 2070 4070 est,
2129 4019 2372 4061 necesse
2420 4003 2498 4061 sit
2542 4019 2718 4061 sensu
2765 4008 2939 4079 atque
2987 3998 3151 4059 audi·
3181 4019 3234 4056 35»

575 4097 734 4156 tione
781 4098 1102 4174 coniungi,
1151 4097 1324 4176 quale
1370 4104 1459 4157 est
1507 4103 1825 4176 ‘septem
1873 4100 2216 4162 subiecta
2264 4105 2534 4163 trioni'
2590 4121 2698 4181 pro
2745 4103 3153 4181 septemtrioni

715 4403 739 4452 l
780 4402 947 4465 aliqua
984 4399 1042 4450 M
1184 4404 1215 4451 2
1257 4413 1343 4451 aut
1379 4419 1408 4450 a
1447 4405 1592 4455 nohis
1641 4405 1971 4456 subtrahendi
2012 4407 2077 4457 M
2208 4408 2240 4457 3
2283 4423 2373 4456 nec
2415 4406 2535 4475 non]
2589 4410 2743 4473 Very.
2784 4409 2915 4459 Aen.
2956 4408 3051 4457 Xll
3086 4409 3153 4458 23

713 4474 745 4520 5
775 4469 948 4536 atque]
1009 4474 1164 4538 Verq.
1204 4474 1333 4527 Aen.
1379 4473 1514 4524 Vllll
1559 4476 1585 4526 1
1703 4476 1736 4525 6
1783 4477 1970 4527 cellsus
2010 4477 2073 4525 M
2208 4480 2261 4528 tit
2297 4478 2567 4528 Cramer-us
2604 4477 2698 4527 suit
2738 4478 2796 4527 M
2901 4481 2930 4528 7
2973 4477 3149 4543 multa]

582 4540 737 4606 Ver-q.
771 4541 904 4594 Aen.
949 4543 965 4590 l
1001 4545 1032 4593 5
1140 4558 1323 4609 passus
1357 4545 1419 4593 M
1559 4551 1591 4593 8
1628 4545 1909 4613 Karthago]
1956 4548 2113 4613 Vera.
2151 4550 2281 4598 Aen.
2324 4551 2339 4597 l
2382 4549 2443 4599 13
2583 4548 2616 4596 9
2654 4550 2845 4598 accedit
2887 4551 3155 4600 Cramer-us

573 4613 754 4661 accidit
793 4612 858 4661 M
961 4612 1169 4663 multum
1209 4614 1292 4662 ille
1329 4617 1507 4664 eterris
1547 4615 1639 4666 M:
1684 4618 1841 4680 Ver-9.
1879 4618 2054 4666 Aen.l
2091 4616 2123 4668 3
2239 4618 2298 4668 11
2339 4617 2602 4667 iectlimsis
2641 4630 2717 4668 est
2753 4620 2817 4667 M
2925 4619 2986 4669 13
3023 4618 3151 4667 mul-

572 4692 675 4730 tum
715 4682 799 4730 ille
838 4682 1016 4731 eterris
1055 4683 1119 4731 M
1259 4683 1322 4733 18
1368 4686 1599 4746 sortasse
1634 4701 1744 4734 cum
1786 4698 1975 4736 mutato
2017 4688 2194 4737 ordine
2244 4691 2327 4750 qui
2370 4690 2529 4738 fuerat
2566 4688 2614 4736 iu
2652 4690 2833 4738 litteris
2974 4688 3043 4738 29
3079 4697 3153 4736 te·

573 4752 735 4800 mesin
773 4751 838 4800 M
939 4750 1001 4803 31
1039 4761 1161 4817 post
1190 4762 1242 4801 ut
1281 4764 1359 4803 est
1396 4758 1466 4803 al.
1499 4771 1627 4804 man.
1656 4761 2053 4818 superscriptum
2091 4765 2168 4807 est
2203 4768 2249 4805 et
2290 4759 2373 4806 M:
2417 4760 2572 4822 Verq.
2603 4758 2733 4807 Aen.
2774 4758 2837 4805 Vt
2884 4758 2980 4809 103
3084 4757 3151 4807 32

573 4817 662 4887 mi]
700 4821 775 4870 ῐηῑ
811 4821 870 4870 M
1007 4821 1074 4872 :33
1111 4833 1303 4887 partem
1341 4838 1455 4873 esse
1483 4826 1656 4873 dicunt
1693 4828 1802 4873 eius
1839 4841 1951 4875 cum
1989 4827 2053 4876 M
2166 4826 2233 4876 36
2272 4824 2484 4893 septem]
2538 4830 2692 4892 Ver-9,
2730 4843 2906 4892 yeorq.
2949 4828 3012 4878 lll
3051 4827 3149 4878 381
