3541 5564
674 365 796 449 110
1469 455 1476 462 ,
1807 378 2113 447 pompm

718 490 1013 547 p.31-³31.2

665 575 760 635 ilia
809 584 867 636 et
912 575 1009 636 illa
1053 575 1247 636 littera
1294 575 1434 635 facit
1478 574 1948 654 quattuordecim
1995 573 2264 654 syllabaS,
2315 584 2373 636 et
2416 572 2513 636 illa
2562 581 2620 637 et
2663 573 2760 637 illa
2808 585 2893 637 tot
2935 576 3092 648 facit,
3144 596 3258 639 nec

664 677 927 738 ulterius
1005 679 1172 738 Sinni
1219 687 1305 738 est
1349 676 1501 737 liber
1547 677 1865 756 Capitonis.

426 807 543 869 422,
573 809 637 857 32
832 782 989 858 Ergo
1034 783 1181 840 istae
1227 789 1365 840 sunt
1414 778 1817 840 semivocales.
1909 788 2240 857 sequuntur
2288 790 2502 842 mutae.
2594 791 2791 842 mutae
2836 793 2974 843 sunt
3017 802 3255 852 novem,

664 882 700 942 b
747 903 778 943 c
823 883 859 943 d
905 903 941 960 g
986 883 1024 943 1ι
1073 883 1107 942 k
1153 901 1191 961 p
1236 901 1273 961 q
1320 889 1356 941 t.
1419 900 1490 941 ex
1521 882 1613 941 bis
1645 881 1794 941 duae
1825 881 2161 961 superfluae
2191 882 2490 954 videntur,
2539 883 2577 943 k
2610 893 2669 944 et
2699 904 2763 963 q,
2812 887 3088 964 quoniam
3140 905 3254 964 pro

662 985 776 1044 illis
821 1005 852 1043 c
900 992 1093 1063 potest
1137 985 1294 1062 poni.
1358 982 1506 1044 nihil
1550 985 1819 1052 interest,
1869 992 2063 1058 utrum
2107 1003 2215 1062 per
2260 984 2298 1044 k
2344 985 2568 1047 scribas
2599 1005 2671 1056 an
2703 1005 2810 1066 per
2854 1005 2890 1065 q
2938 1006 3010 1047 an
3057 1006 3168 1065 per
3198 1007 3254 1047 c.
3285 1007 3310 1045 5

664 1084 810 1145 nibil
873 1089 1151 1156 interest,
1212 1094 1411 1146 tamen
1469 1094 1558 1146 est
1611 1085 1806 1163 aliqua
1851 1086 2198 1146 differentia.
2288 1088 2439 1166 apud
2498 1090 2753 1149 maiores
2797 1098 3030 1149 nostros
3075 1089 3259 1168 longe

662 1189 809 1249 aliae
867 1187 1109 1264 regulae
1169 1187 1434 1255 luerunt,
1495 1188 1646 1265 apud
1706 1207 1814 1248 nos
1869 1188 2043 1265 longe
2098 1188 2246 1248 aliae
2291 1199 2445 1249 sunt.
2540 1192 2794 1251 maiores
2839 1193 3056 1262 nostri,
3104 1211 3255 1270 quo·

661 1292 1067 1368 tienscumque
1124 1308 1155 1348 a
1211 1289 1597 1365 sequebatur,
1658 1308 1766 1368 per
1826 1289 1861 1349 k
1906 1289 2276 1350 scribebant:
2338 1302 2476 1370 puta
2523 1291 2714 1353 kanna
2761 1293 2941 1354 karus
2987 1293 3259 1355 kalamus

662 1401 853 1453 totum
909 1411 1017 1470 per
1073 1390 1111 1450 k
1167 1389 1535 1460 scribebant,
1594 1393 1872 1469 quoniam
1933 1411 1963 1451 a
2020 1391 2398 1471 sequebatur.
2488 1394 2664 1454 modo
2725 1414 2842 1455 non
2905 1395 3257 1456 scribuntur

660 1496 774 1555 nisi
825 1493 942 1574 duo
999 1492 1315 1552 admodum
1361 1491 1570 1560 verba,
1632 1493 1929 1571 Karthago
1987 1502 2044 1572 et
2098 1493 2425 1564 Kalendae,
2486 1505 2572 1564 et,
2622 1505 2686 1556 ut
2728 1498 2872 1557 dicit
2915 1498 3042 1568 ille,
3092 1499 3254 1577 quod
3285 1513 3333 1551 1⁰

660 1595 873 1656 salsum
919 1604 1032 1664 est,
1082 1603 1279 1673 caput.
1343 1591 1518 1670 modo
1566 1597 1722 1654 enim
1769 1614 1877 1674 per
1922 1614 1953 1655 c
2001 1575 2308 1664 scribitur;
2358 1599 2583 1677 antiqui
2630 1618 2736 1677 per
2781 1599 2819 1659 k
2865 1600 3253 1678 scribebant,

662 1698 896 1775 quando
950 1695 1226 1756 volebant
1281 1696 1601 1773 significari
1658 1696 1815 1773 quod
1873 1717 1903 1757 a
1963 1698 2341 1775 sequebatur.
2436 1698 2844 1761 stultissimam
2915 1720 3041 1761 rem
3114 1703 3259 1762 dicit

661 1799 805 1859 Iuba
853 1799 926 1858 de
971 1798 1081 1859 hac
1126 1817 1218 1858 re:
1267 1798 1409 1858 dicit
1455 1799 1633 1857 ‘mibi
1668 1798 1896 1860 videtur
1939 1799 2097 1860 illius
2141 1802 2228 1860 rei
2275 1820 2449 1861 causa
2483 1802 2665 1862 scribi
2713 1821 2820 1881 per
2863 1803 2933 1871 k,
2983 1802 3118 1863 ideo
3166 1807 3256 1865 sic

659 1902 843 1961 fuisse
890 1904 1293 1980 conpositum,
1351 1910 1442 1969 ut,
1502 1900 1737 1980 quando
1785 1905 2138 1963 sententiam
2184 1921 2215 1962 a
2258 1902 2554 1964 iudicibus
2611 1905 3006 1984 accipiebant,
3055 1925 3166 1985 per
3211 1907 3251 1966 k

662 2002 996 2063 scriberent
1042 2011 1248 2082 caput,
1299 2004 1464 2079 quasi
1511 2003 1927 2064 condemnatio
1973 2003 2266 2083 capitalis,
2315 2004 2467 2084 quod
2518 2005 2631 2065 hoc
2674 2007 2871 2085 ipsum
2917 2015 3095 2087 caput
3139 2027 3252 2087 per
3282 2022 3332 2061 15

663 2106 696 2165 k
745 2105 1291 2166 condemnaretur'.
1385 2104 1537 2164 hanc
1583 2105 1728 2165 dixit
1770 2104 1870 2165 ille
1914 2107 2226 2166 rationem.
2302 2126 2444 2184 ergo
2492 2108 2667 2168 modo
2714 2127 2823 2170 nos
2867 2127 2976 2187 per
3022 2128 3055 2169 c
3101 2111 3252 2170 scri·

658 2209 871 2268 bimus.
960 2209 1103 2267 item
1172 2208 1398 2285 antiqui
1459 2209 1675 2276 nostri,
1746 2209 2017 2287 quotiens
2083 2226 2122 2268 ιι
2187 2208 2581 2285 sequebatur,
2639 2230 2748 2290 per
2793 2230 2831 2290 q
2884 2209 3249 2273 scribebant.

660 2309 836 2369 modo
883 2316 970 2369 est
1015 2306 1217 2386 regula
1265 2310 1515 2388 optima,
1563 2309 1773 2369 melior
1818 2309 1892 2370 ab
1939 2311 2197 2389 antiqua.
2263 2329 2578 2390 numquam
2627 2330 2941 2390 possumus
2988 2332 3096 2373 nos
3139 2332 3254 2392 per

661 2430 697 2490 q
743 2410 1039 2480 scribere,
1090 2412 1201 2469 nisi
1245 2419 1382 2489 post
1428 2427 1464 2487 q
1508 2419 1790 2490 sequatur
1837 2431 1872 2472 u
1921 2421 1978 2472 et
2022 2420 2156 2491 post
2185 2431 2221 2472 u
2267 2413 2378 2473 alia
2411 2422 2692 2493 sequatur
2726 2413 2965 2483 vocalis,
3010 2424 3079 2476 ut
3106 2425 3251 2495 puta

661 2510 794 2591 quia
848 2513 985 2573 ideo
1040 2531 1149 2591 per
1205 2532 1241 2591 q
1288 2512 1628 2581 scribimus.
1688 2515 1822 2590 quia
1881 2522 2018 2593 post
2061 2534 2099 2574 u
2146 2517 2416 2594 sequitur
2461 2515 2696 2576 vocalis.
2785 2517 2835 2577 si
2880 2525 3079 2578 autem
3127 2537 3249 2578 non
3278 2533 3331 2572 ει)

661 2624 938 2695 sequatur
983 2614 1093 2674 alia
1139 2613 1381 2684 vocaliS,
1428 2634 1538 2693 per
1583 2634 1614 2674 c
1660 2615 2007 2685 scribimus,
2067 2625 2131 2676 ut
2175 2618 2223 2675 si
2270 2617 2535 2678 dicamus
2578 2636 2743 2688 cum,
2805 2637 2912 2697 per
2958 2637 2990 2679 c
3034 2619 3249 2680 scribi-

662 2736 809 2779 mus.
886 2717 1106 2797 quare?
1153 2718 1428 2796 quoniam
1471 2726 1605 2796 post
1651 2734 1685 2776 ιι
1733 2735 1852 2777 non
1901 2720 2168 2799 sequitur
2213 2718 2322 2779 alia
2371 2719 2600 2780 vocalis,
2694 2720 2825 2781 ideo
2871 2739 2979 2801 per
3026 2742 3058 2782 c
3102 2722 3250 2782 scri·

663 2820 885 2889 bimus,
936 2820 1214 2898 quoniam
1259 2837 1590 2879 consonans
1634 2823 1919 2898 sequitur.
1994 2820 2032 2880 h
2078 2821 2393 2901 aliquando
2440 2825 2716 2901 aspiratio
2763 2831 2877 2894 est,
2928 2821 3249 2901 aliquando

659 2922 883 2991 littera,
931 2930 1071 3001 puta
1118 2922 1494 3001 ‘quisquis
1539 2921 1774 2982 bonos
1824 2922 2151 2993 tumuli’;
2201 2922 2293 2984 bic
2338 2926 2621 3002 aspiratio
2668 2934 2784 2985 est:
2845 2929 3092 3004 ‘terga
3140 2928 3249 2987 fa-

660 3027 983 3102 tigamus
1027 3023 1308 3091 basta'3
1359 3024 1453 3083 bic
1501 3024 1506 3103 Ι
1556 3043 1667 3102 pro
1713 3024 1906 3085 littera
1951 3023 2222 3085 habetur.
2288 3043 2439 3103 quae
2483 3028 2558 3086 sit
2602 3029 2749 3088 ratio
2796 3027 2971 3098 haec,
3022 3029 3086 3088 in
3130 3027 3246 3108 syl·
3276 3046 3331 3085 25

659 3125 807 3187 labis
861 3126 1151 3193 dicemus:
1214 3145 1285 3185 ex
1342 3128 1572 3186 ratione
1626 3124 1986 3205 syllabarum
2031 3126 2462 3205 intellegimuS,
2520 3127 2619 3187 ubi
2664 3131 2739 3190 sit
2783 3130 3095 3209 aspiratio,
3144 3129 3246 3190 ubi

659 3228 872 3310 littera.
936 3248 971 3308 y
1015 3236 1261 3288 vero-et
1305 3246 1333 3286 z
1379 3246 1627 3306 graecae
1673 3236 1840 3296 sunt;
1887 3227 1993 3288 sed
2027 3230 2202 3289 etiam
2234 3230 2386 3309 apud
2434 3249 2542 3291 nos
2580 3233 2664 3290 sic
2707 3230 3018 3302 habentur,
3067 3250 3245 3311 quem

800 3451 823 3500 1
867 3449 982 3498 Xlll
1030 3450 1255 3513 syllabas
1296 3450 1381 3498 illa
1418 3450 1459 3499 C
1594 3452 1624 3497 ⁶.)
1665 3446 1830 3514 Sinni]
1874 3450 1971 3499 sini
2012 3451 2075 3503 Β.
2123 3451 2185 3500 tle
2230 3449 2395 3502 Sirmii
2426 3453 2682 3516 Capitonis·
2716 3452 2845 3505 libro
2882 3454 3158 3518 disputavit
3190 3452 3240 3505 I.

657 3520 920 3570 Beckerns
967 3522 1214 3583 ephe-mer.
1264 3520 1417 3583 antiq.
1471 3518 1693 3577 (Ztschr.
1731 3521 1775 3581 f.
1821 3519 2210 3585 Atterthumsw.)
2247 3540 2296 3575 a.
2341 3522 2473 3573 1847
2506 3536 2563 3584 p.
2606 3521 2737 3574 1057
2887 3526 2920 3572 4
2954 3524 3241 3588 superfluae

660 3592 895 3638 uidentur
939 3590 970 3638 k
1017 3602 1064 3638 et
1102 3606 1133 3652 q
1172 3591 1412 3653 quoniam
1449 3590 1498 3637 A
1547 3605 1894 3656 superuacuae
1932 3600 2049 3639 suot
2087 3591 2120 3639 k
2156 3602 2203 3640 et
2242 3608 2272 3653 q
2309 3595 2546 3655 quoniam
2593 3592 2641 3640 L
2679 3593 2968 3657 superfluae
3010 3594 3245 3642 uidentur

660 3660 692 3709 k
732 3670 778 3707 et
807 3678 838 3724 q
868 3660 1103 3708 uidentur
1132 3675 1245 3708 esse
1281 3660 1572 3722 supet-{luae
1604 3660 1841 3723 quoniam
1883 3660 2035 3710 BCa
2211 3662 2244 3711 6
2277 3662 2402 3710 nihil
2436 3663 2645 3711 interest
2678 3666 2964 3725 posteriore
3000 3668 3109 3714 loco
3145 3678 3237 3716 om.

660 3730 766 3780 Bc
904 3729 969 3779 10
1008 3740 1058 3777 ut
1097 3729 1215 3779 dicit
1248 3729 1332 3777 ille
1370 3728 1503 3789 quod
1542 3727 1726 3778 falsum
1764 3742 1840 3778 est
1868 3729 2009 3779 Bca
2043 3742 2094 3779 ιιι
2131 3732 2255 3781 dicit
2292 3731 2380 3780 illa
2405 3732 2540 3795 quod
2576 3748 2603 3780 c
2632 3731 2818 3781 falsum
2860 3743 2938 3782 est
2974 3734 3024 3781 A
3064 3742 3118 3782 ut
3153 3733 3242 3781 illa

658 3816 699 3870 q
735 3816 762 3848 c
793 3800 978 3849 falsum
1018 3810 1094 3848 est
1128 3800 1174 3847 L
1319 3799 1376 3848 11
1420 3798 1610 3860 antiqui
1652 3814 1739 3862 per
1778 3799 1810 3847 k
1848 3801 2137 3850 scribebant
2175 3802 2427 3864 quomodo
2468 3802 2707 3851 uolebant.
2745 3801 3037 3868 significare
3075 3803 3242 3853 solisi-

659 3885 789 3919 mam
826 3870 949 3920 dicit
982 3870 1103 3919 iuna
1141 3869 1203 3916 de
1240 3867 1336 3916 hac
1372 3885 1424 3916 re
1463 3868 1592 3916 dixit
1620 3868 1741 3918 mihi
1777 3871 1974 3918 uidetur
2011 3871 2109 3921 illis
2139 3871 2208 3919 1ei
2246 3887 2398 3920 causa
2435 3872 2587 3921 scribi
2626 3887 2718 3937 per
2760 3872 2792 3920 k
2821 3874 2934 3921 ideo
2972 3874 3046 3922 sic
3085 3873 3243 3921 fuisse

659 3942 906 4006 possitum
947 3948 1000 3988 ut
1026 3939 1228 4003 quaudo
1255 3937 1552 3987 sententiam
1582 3954 1610 3985 a
1641 3939 1891 3988 iudicibus
1917 3942 2227 4005 accipiebant
2265 3957 2354 4007 pet·
2380 3942 2412 3990 k
2438 3943 2726 3990 scribebant
2763 3943 2966 4021 quando
2998 3943 3241 3992 uolebant

657 4027 935 4106 significari
967 4026 1271 4076 solissimam
1308 4024 1514 4089 kapitou
1553 4024 1713 4090 kaput
1749 4028 1896 4088 quasi
1929 4028 2283 4077 condemnatio
2324 4029 2584 4094 capitalis
2596 4030 2645 4079 L
2771 4011 2852 4078 12'
2886 4009 3242 4077 stultissimam

659 4095 753 4161 Cb
774 4093 1082 4162 solissimam
1098 4093 1244 4158 ᾸΒ
1264 4112 1599 4176 potissimam,
1635 4113 1961 4172 ratissimam,
2000 4116 2337 4178 aptissimam,
2376 4116 2698 4165 scitissimum
2740 4120 2816 4166 vel
2851 4114 3236 4163 subtilissimam

657 4184 866 4231 coniecit
894 4181 1207 4231 Mercklinus
1230 4181 1412 4234 Philet.
1445 4198 1491 4233 v.
1522 4183 1609 4230 llll
1649 4199 1700 4248 p.
1731 4183 1861 4234 206:
1907 4184 2182 4234 solitariam
2220 4185 2434 4234 litteram
2473 4186 2596 4234 dicit
2629 4186 2764 4236 iuba.
2805 4185 2868 4233 de
2901 4183 2996 4232 hac
3026 4199 3081 4233 re
3117 4184 3236 4233 mihi

659 4254 857 4300 videtur
892 4251 1050 4301 solius
1096 4253 1167 4298 rei
1204 4262 1354 4315 caput
1392 4253 1546 4300 scribi
1580 4268 1668 4317 per
1707 4252 1769 4315 k,
1811 4252 1961 4315 idque
1997 4255 2069 4303 sic
2108 4254 2269 4305 fuisse
2317 4258 2651 4319 compositum
2709 4265 2788 4307 ten
2836 4254 3028 4314 Brink,
3081 4254 3237 4303 Iubae

658 4322 917 4371 Maurusii
948 4323 1043 4369 ret.
1077 4321 1343 4372 Ultraiecti
1379 4339 1429 4370 a.
1470 4322 1603 4372 1854
1635 4338 1687 4384 p.
1727 4326 1780 4372 8.
1821 4332 2107 4387 corruptam
2142 4326 2357 4374 codicum
2391 4327 2697 4388 scripturam
2732 4326 2929 4390 reliqui,
2962 4333 3238 4386 propterea

657 4393 790 4457 quod
822 4393 924 4441 diei
949 4394 1142 4455 nequit,
1181 4392 1356 4455 quibus
1394 4391 1557 4441 verbis
1594 4393 1754 4443 Iubae
1795 4398 2165 4445 sentententiam
2194 4399 2515 4457 expresserit
2547 4397 2829 4459 Pompeius.
2896 4402 3112 4444 ceterum
3147 4395 3237 4443 Ιιοο

656 4466 738 4512 idle
774 4463 987 4511 voluisse
1021 4462 1233 4519 videtur,
1262 4461 1417 4527 kaput
1448 4477 1545 4523 per
1580 4463 1613 4510 k
1647 4465 1864 4513 litteram
1901 4465 2070 4526 scr-ibt,
2104 4466 2238 4531 quod
2262 4482 2324 4514 ea
2359 4468 2409 4515 in
2440 4468 2700 4516 sententiis
2733 4465 2943 4517 {ecdicum
2978 4467 3234 4528 capitalem

656 4534 1099 4583 condemnationem
1146 4534 1453 4597 se'ynificaret
1598 4534 1659 4584 13
1704 4534 1767 4583 de
1816 4533 1908 4581 hac
1953 4550 2006 4583 re
2056 4536 2178 4584 dicit
2215 4535 2337 4583 multi
2379 4537 2462 4586 Ca
2498 4537 2560 4584 de
2602 4536 2698 4585 hac
2734 4554 2787 4587 re
2824 4535 2947 4584 milti
2986 4534 3101 4585 ΑΒ

657 4605 771 4652 ideo
810 4603 852 4651 si
893 4601 1052 4651 fuisse
1092 4602 1132 4652 G
1306 4601 1369 4652 18
1409 4602 1587 4651 melior
1620 4605 1682 4652 ab
1719 4605 1928 4664 antiqua
1967 4604 2108 4654 BCa
2160 4605 2335 4654 melior
2369 4609 2572 4670 antiqua
2608 4607 2656 4655 A
2831 4620 3106 4669 possumus
3142 4618 3231 4652 nos

657 4673 835 4722 Isca:
878 4687 970 4721 nos
1006 4686 1096 4720 om.
1145 4672 1192 4720 A
1368 4673 1435 4721 22
1480 4689 1634 4735 quare
1670 4701 1738 4710 —
1769 4689 1863 4738 per
1900 4690 1925 4721 c
1971 4676 2238 4725 scribimus
2271 4691 2363 4727 om.
2402 4678 2472 4738 A,
2511 4677 2632 4725 add.
2672 4692 2707 4725 a
2882 4678 2947 4725 24
2987 4676 3150 4724 littera
3183 4674 3230 4721 in

657 4743 869 4802 syllabis
907 4743 1137 4791 dicemus
1175 4743 1410 4800 (dicimus
1438 4744 1539 4794 AC
1573 4744 1755 4793 dicitur
1782 4754 1833 4792 ut
1859 4742 1933 4806 L)
1971 4753 2089 4808 puta
2117 4744 2338 4795 ABCL
2444 4747 2675 4810 quisquis
2699 4746 2864 4795 honus
2890 4745 3034 4795 AL:
3074 4747 3225 4807 Ver-9.

655 4814 785 4862 Aen.
816 4812 862 4860 X
901 4812 1000 4862 493
1174 4810 1339 4879 terga]
1393 4814 1549 4877 Very.
1588 4815 1717 4866 Aen.
1759 4814 1904 4863 Villi
1938 4813 2041 4864 610
2218 4817 2284 4864 25
2322 4830 2452 4879 quae
2479 4818 2556 4872 ,sit
2603 4818 2728 4867 ratio
2762 4816 2886 4866 haec
2934 4831 2997 4865 ex
3042 4815 3229 4865 ratione

657 4883 962 4949 syllabarum
1002 4883 1167 4933 ABG
1195 4883 1291 4933 hoc
1322 4899 1384 4933 ex
1419 4886 1614 4933 ratione
1650 4885 1960 4949 syllabarum
2003 4885 2046 4933 L
2767 4913 2771 4917 <
