3541 5564
1456 328 1927 393 COMMENTVM
2863 326 2991 393 255

1525 485 1533 498 ἱ
2623 451 2665 491 p.
2691 438 2870 479 356-58
2897 437 2940 477 L.

404 524 561 583 inter
616 528 856 580 centum
912 518 1043 579 illas
1101 519 1394 589 civitateS,
1456 535 1600 596 quas
1653 518 1936 598 legimus,
1998 520 2183 580 fuisse
2241 537 2419 579 unam
2469 519 2791 587 civitatem,
2839 536 2991 597 quae

406 623 518 682 boc
565 623 802 682 nomine
845 618 1207 700 appellatur.
1255 622 1447 682 Creta.
1508 620 1721 681 exinde
1766 621 1985 682 factum
2020 629 2109 681 est
2141 627 2206 681 ut
2236 621 2463 682 diceret
2504 620 2757 681 ‘Creta
2800 619 2991 679 lovis

405 726 700 801 magni'‚
748 741 865 783 non
912 724 1241 801 respiciens
1286 722 1357 782 ad
1405 724 1797 804 provinciam,
1844 722 1948 783 sed
1994 724 2323 801 respiciens
2367 722 2438 784 ad
2487 724 2797 782 civitatem.
2886 719 2989 780 sed

404 825 539 912 ideo
582 828 645 886 in
691 843 957 886 errorem
1006 826 1163 884 venit
1206 826 1313 885 ista
1359 827 1539 895 ratio,
1586 826 1868 905 quoniam
1910 824 2337 903 homonymum
2383 831 2500 893 est,
2548 823 2608 883 id
2656 831 2745 884 est
2786 821 2989 883 simili-

353 940 379 979 5
408 928 674 987 tudinem
719 925 898 988 babet
942 928 1214 988 nominis,

572 1027 720 1090 Illud
760 1036 1055 1108 superest:
1106 1048 1224 1090 non
1271 1028 1588 1099 debemus,
1637 1029 1814 1100 dicit,
1861 1031 2329 1111 praepositiones
2371 1030 2617 1106 iungere
2663 1025 2987 1095 adverbiis3
3020 1040 3227 1100 416,16

405 1131 508 1192 sed
552 1132 834 1209 legimus,
883 1134 980 1192 ait.
1070 1133 1368 1193 videamus
1410 1133 1521 1193 ista
1574 1149 1724 1212 quae
1769 1130 1918 1193 lecta
1964 1142 2131 1205 sunt,
2177 1139 2319 1211 puta
2365 1129 2634 1191 desubito
2679 1128 2989 1189 desursum
3017 1111 3133 1169 440,
3162 1110 3189 1157 ⁷

409 1233 620 1294 exinde
665 1234 945 1313 deinceps
991 1241 1050 1293 et
1092 1235 1292 1293 nescio
1338 1252 1489 1314 quae
1536 1233 1694 1296 talia.
1786 1235 1897 1294 ista
1947 1232 1954 1312 Ι
2009 1252 2151 1313 ergo
2197 1233 2341 1313 quid
2386 1232 2670 1293 dicimus?
2718 1249 2856 1291 ecce
2901 1233 2990 1291 in-

406 1338 672 1397 venimus
727 1335 1009 1416 plurima;
1068 1335 1238 1404 dicit,
1300 1353 1418 1396 non
1474 1345 1611 1397 sunt
1657 1338 1809 1396 vitia.
1897 1354 2081 1416 quare
2128 1354 2248 1396 non
2291 1342 2430 1396 sunt
2472 1336 2643 1395 vitia?
2716 1333 2992 1413 quoniam

330 1450 380 1489 10
409 1456 526 1498 una
569 1456 708 1517 pars
752 1438 1035 1499 orationis
1079 1439 1382 1517 conposita
1432 1445 1550 1507 est,
1602 1457 1719 1499 non
1764 1446 1905 1499 sunt
1934 1438 2088 1499 duae
2134 1446 2329 1519 partes
2375 1438 2677 1498 orationis.
2740 1437 2790 1495 si
2835 1434 2994 1495 dice-

405 1558 503 1600 res
560 1540 668 1600 (ἐκ
714 1539 853 1600 inde
898 1538 996 1600 ille
1043 1541 1252 1609 venit',
1311 1559 1377 1600 re
1434 1558 1569 1601 vera
1629 1540 2029 1602 soloecismus
2085 1548 2240 1610 erat,
2302 1558 2478 1620 quem
2537 1538 2608 1599 ad
2657 1537 2897 1598 modum
2943 1537 2994 1596 si

407 1642 668 1703 dicamus
714 1642 824 1702 ‘de
869 1659 1042 1703 mane
1088 1640 1188 1702 ille
1234 1643 1393 1702 venit
1412 1646 1452 1701 ⁹.
1540 1649 1806 1703 ceterum
1854 1642 2031 1703 modo
2079 1643 2290 1703 exinde
2336 1641 2450 1714 tale
2497 1649 2585 1702 est
2628 1659 2695 1700 ac
2739 1640 2787 1699 si
2833 1638 2995 1698 dicas

403 1744 570 1805 inde:
631 1746 750 1804 iam
806 1763 926 1805 non
985 1743 1254 1805 videntur
1311 1744 1463 1805 duae
1521 1751 1720 1824 partes
1776 1763 1906 1805 esse
1966 1746 2278 1812 orationis,
2337 1743 2441 1804 sed
2499 1762 2615 1804 una
2670 1743 2990 1820 conposita.

407 1862 524 1922 quo
569 1845 779 1906 modo?
846 1865 963 1906 non
1023 1854 1111 1905 est
1166 1845 1238 1906 de
1295 1845 1524 1907 duabus
1579 1845 1848 1926 partibus
1904 1848 2154 1918 sactum,
2216 1846 2318 1906 sed
2368 1863 2483 1906 una
2528 1864 2666 1924 pars
2711 1844 2995 1903 orationis

330 1960 380 1999 15
407 1948 730 2026 conposita.
805 1956 944 2026 puta
991 1949 1268 2009 ‘curator
1312 1967 1481 2009 meus
1527 1957 1616 2009 est
1658 1950 1805 2010 iste'
1855 1948 2007 2009 bene
2052 1948 2215 2017 dico;
2262 1951 2649 2028 ‘procurator
2695 1964 2860 2007 meus
2905 1951 2996 2005 est

405 2050 572 2119 iste',
632 2056 690 2109 et
743 2049 857 2110 hoc
913 2048 1068 2110 bene
1126 2048 1277 2111 dico.
1369 2051 1463 2111 sac
1519 2056 1662 2130 ‘pro
1719 2057 1959 2111 curator
2017 2069 2185 2112 meus
2241 2057 2332 2111 est
2385 2052 2553 2121 iste',
2612 2057 2672 2109 et
2716 2065 2833 2108 non
2881 2053 2995 2106 stat

408 2151 702 2221 elocutio,
755 2152 1033 2231 quoniam
1088 2170 1197 2231 pro
1266 2160 1535 2232 separata
1590 2154 1709 2213 iam
1777 2153 2137 2232 praepositio
2204 2160 2310 2212 est.
2401 2150 2724 2211 debueram
2794 2147 2995 2207 dicere

402 2257 793 2333 ‘procurator
859 2272 1029 2314 meus
1092 2262 1180 2314 est
1244 2255 1408 2316 iste’.
1483 2254 1563 2336 [si
1629 2256 1992 2334 praepositio
2049 2261 2244 2315 autem
2311 2254 2605 2331 iungitur,
2670 2254 2749 2312 ita
2816 2249 2994 2310 debui

407 2355 634 2426 dicere,
681 2364 1035 2435 procurator
1079 2375 1249 2417 meus
1295 2366 1384 2417 est
1427 2358 1568 2427 iste,
1626 2353 1761 2437 sed]
1825 2358 2101 2434 quoniam
2148 2358 2233 2416 sic
2278 2352 2478 2435 pesth,
2526 2362 2594 2414 ut
2634 2371 2811 2414 unam
2857 2369 2993 2429 par-

329 2470 380 2509 20
409 2465 525 2518 tem
571 2459 1001 2536 significarem,
1061 2476 1180 2519 non
1236 2458 1512 2520 videntur
1565 2460 1682 2518 iam
1740 2457 1892 2519 duae
1946 2466 2146 2539 partes
2190 2448 2476 2517 orationis
2522 2474 2679 2526 esse,
2728 2453 2832 2515 sed
2880 2471 2994 2514 una

408 2561 734 2640 conposita.
822 2562 1299 2640 praepositiones
1343 2562 1501 2621 enim
1547 2559 1783 2640 quando
1828 2561 1890 2621 in
1935 2562 2322 2621 conexionem
2367 2560 2638 2626 veniunt,
2698 2574 2816 2617 non
2862 2563 2997 2615 sunt

408 2662 576 2741 quasi
634 2661 784 2721 duae
839 2669 1068 2741 parteS,
1126 2662 1228 2723 sed
1291 2663 1455 2741 quasi
1512 2661 1849 2724 membrum
1906 2663 2089 2743 ipsius
2144 2663 2330 2742 partis
2397 2663 2488 2723 cui
2558 2661 2997 2737 coniunguntur

407 2765 569 2844 ipsae
614 2765 1104 2844 praepositiones,
1171 2771 1230 2825 et
1276 2764 1435 2826 unde
1481 2764 1877 2845 intellegimus
1918 2766 2196 2844 quoniam
2240 2784 2355 2826 una
2388 2782 2525 2845 pars
2556 2770 2647 2826 est
2675 2761 2996 2824 orationis?

406 2865 575 2936 hinc,
624 2865 780 2946 quod
823 2884 1007 2927 unum
1054 2875 1363 2928 accentum
1409 2867 1607 2947 habet.
1698 2870 1748 2928 si
1794 2867 2028 2931 diceres
2074 2868 2184 2930 ‘de
2230 2868 2368 2929 inde
2414 2869 2602 2929 venit’
2652 2867 2847 2946 (nemo
2891 2882 2995 2923 au-

330 2980 382 3020 25
409 2976 530 3029 tem
585 2967 698 3028 hoc
759 2967 951 3047 dicit),
999 2970 1049 3028 si
1111 2969 1342 3030 diceres
1397 2970 1504 3029 ‘ex
1563 2970 1699 3031 inde
1756 2973 1947 3031 venit’
1998 2970 2193 3050 (nemo
2250 2979 2445 3031 autem
2503 2970 2617 3030 hoc
2671 2967 2844 3035 dicit,
2891 2964 2994 3025 sed

409 3069 656 3130 ‘deinde
701 3072 916 3141 venit'‚
979 3070 1229 3131 ‘exinde
1274 3072 1521 3150 venit’)‚
1569 3074 1618 3132 si
1662 3072 1764 3133 illo
1811 3072 1987 3132 modo
2031 3071 2294 3141 diceres,
2353 3071 2468 3132 duo
2516 3070 2857 3131 viderentur
2899 3086 2995 3127 ac-

408 3180 645 3241 centu5‚
707 3181 770 3232 ut
819 3170 1153 3254 sepafratim
1213 3171 1443 3234 diceres
1489 3173 1562 3233 de
1623 3174 1776 3235 inde.
1871 3192 1990 3234 non
2035 3182 2230 3234 autem
2277 3174 2361 3233 sic
2406 3180 2573 3252 potes
2617 3171 2846 3239 dicere,
2893 3168 2995 3230 sed

409 3291 584 3335 unam
646 3280 873 3353 partem
930 3274 1106 3344 sacis,
1164 3274 1325 3336 unde
1382 3284 1627 3355 apparet
1684 3277 1966 3353 quoniam
2012 3294 2166 3336 unus
2210 3285 2492 3336 accentus
2538 3282 2645 3335 est.
2733 3289 2875 3350 ergo
2922 3269 2997 3331 ob

408 3375 562 3436 banc
617 3394 888 3445 causam,
950 3378 1228 3453 quoniam
1286 3376 1397 3437 sub
1457 3395 1576 3437 uno
1633 3385 1878 3439 accentu
1936 3379 2347 3455 coniungitur,
2404 3376 2636 3437 videtur
2689 3392 2804 3435 una
2860 3391 2999 3452 pars

333 3491 540 3538 soesse
607 3480 913 3538 orationis,
1001 3477 1180 3558 plane
1246 3479 1319 3539 de
1385 3477 1482 3541 illa
1550 3498 1646 3550 re,
1716 3499 1746 3541 a
1805 3498 2006 3549 mane,
2065 3479 2242 3540 audio
2297 3477 2613 3558 plerosque
2668 3478 2754 3537 sic
2808 3473 3142 3552 loquit512,
3169 3488 3234 3535 36
3304 3531 3305 3534 ,

408 3580 661 3658 iungunt
714 3580 1214 3660 praepositionem
1275 3579 1586 3651 adverbio;
1646 3600 1824 3642 nemo
1882 3581 2025 3641 dicit
2082 3600 2114 3642 a
2171 3599 2360 3642 mane.
2455 3583 2507 3641 si
2562 3587 2755 3639 autem
2801 3576 3000 3637 dicere

409 3680 664 3743 volueris
722 3701 754 3743 a
809 3701 1012 3752 mane,
1073 3690 1304 3743 mutare
1362 3681 1544 3744 habes
1601 3702 1833 3753 casum,
1896 3691 1954 3744 et
2013 3682 2210 3745 dicere
2256 3682 2440 3743 habes
2482 3682 2662 3746 mani.
2752 3678 3002 3756 legimus

410 3787 567 3845 enim
624 3784 778 3864 apud
836 3782 1107 3846 Plautum
1165 3788 1232 3860 ‘a
1290 3789 1481 3845 mani
1539 3804 1767 3865 usque
1825 3785 1911 3846 ad
1964 3789 2411 3865 vesperum'.
2500 3794 2557 3845 et
2612 3801 2726 3864 qua
2771 3782 3000 3842 ratione

409 3888 652 3947 mutavit
696 3887 935 3948 casum?
982 3884 1103 3946 noli
1149 3893 1357 3966 putare
1389 3905 1498 3967 per
1526 3888 1895 3968 inperitiam;
1943 3889 2089 3968 quin
2133 3889 2316 3948 immo
2347 3888 2460 3948 hoc
2493 3886 2819 3967 prudenter
2863 3885 3003 3944 fecit

336 4000 386 4041 35
412 3996 469 4047 et
514 3988 704 4050 docte.
766 3990 1022 4049 maiores
1066 3989 1250 4048 nostri
1297 3988 1409 4049 hoc
1454 3991 1648 4069 ipsum
1693 4008 1868 4050 mane
1912 3990 2226 4051 voluerunt
2267 3987 2490 4051 habere
2533 4006 2754 4067 genus:
2805 3985 2998 4046 ‘dum

411 4108 616 4153 mane
663 4093 981 4152 novum'.
1072 4088 1360 4152 ‘novum'
1404 4108 1592 4169 genus
1638 4099 1746 4153 est.
1810 4091 2096 4170 numquid
2142 4098 2341 4172 potest
2383 4109 2571 4170 genus
2616 4089 2856 4166 adiungi
2901 4086 3000 4147 ad·

548 4349 579 4396 2
618 4343 787 4412 Creta]
836 4348 993 4410 Very.
1035 4345 1165 4398 Aen.
1198 4345 1265 4393 111
1307 4342 1408 4395 104
1585 4345 1619 4397 6
1655 4343 2088 4413 praepositiones]
2134 4346 2402 4412 conposita
2436 4347 2606 4397 ABG
2766 4345 2800 4395 8
2834 4344 3003 4393 nescio

411 4429 510 4478 qne
546 4416 670 4465 talia
708 4417 877 4467 ABG
908 4416 1085 4465 nescio
1123 4423 1309 4478 quanta
1344 4414 1443 4463 alia
1477 4411 1544 4463 α*
1688 4416 1752 4466 12
1793 4418 1891 4466 tale
1923 4418 1987 4465 sit
2024 4433 2083 4467 ac
2110 4418 2273 4468 ABG
2415 4418 2479 4468 15
2514 4424 2714 4466 curator
2748 4423 2822 4464 est
2860 4429 3003 4462 meus

415 4487 508 4535 iste
546 4486 595 4534 A
618 4486 720 4535 BC
882 4493 1180 4551 procurator
1205 4492 1281 4534 est
1314 4485 1408 4534 iste
1443 4485 1607 4534 ABG
1779 4485 1842 4536 18
1878 4487 1924 4536 si
1961 4488 2278 4553 praepositio
2311 4498 2476 4538 autem
2516 4487 2743 4551 iungitur
2773 4484 2923 4534 Bca
2959 4483 3004 4532 si

411 4556 812 4621 praepositiones
850 4565 1019 4605 autern
1055 4557 1332 4622 iunguntur
1367 4554 1415 4604 A
1524 4555 1590 4606 19
1619 4556 1710 4604 sed
1735 4571 1829 4609 om.
1864 4556 1930 4614 A,
1968 4557 2089 4606 add.
2118 4573 2152 4604 a
2255 4559 2322 4608 24
2358 4558 2475 4607 hinc
2509 4556 2645 4620 quod
2677 4556 2717 4606 G
2752 4555 2834 4603 bic
2869 4555 3005 4616 quod

412 4626 509 4674 Ba
551 4625 635 4674 hic
669 4624 871 4687 quando
904 4626 954 4676 A
1058 4628 1123 4676 27
1163 4634 1332 4691 potest
1366 4624 1474 4674 AC
1610 4625 1678 4677 32
1716 4641 1869 4676 casus
1908 4626 1949 4675 0
2087 4626 2245 4676 habes
2272 4629 2411 4677 mani
2447 4627 2498 4676 B
2532 4625 2689 4676 habes
2720 4639 2869 4674 mane
2906 4623 3010 4673 AC

409 4695 569 4744 habes
607 4710 636 4744 a
668 4696 806 4744 mani
843 4713 894 4756 a,
924 4696 1020 4745 sed
1054 4696 1228 4746 deletis
1261 4696 1445 4745 litteris
1481 4709 1510 4744 a
1538 4703 1589 4745 et
1627 4696 1641 4743 i
1750 4696 1817 4746 33
1854 4697 1989 4745 enim
2027 4713 2119 4750 om,
2151 4696 2228 4754 A,
2262 4698 2387 4750 add.
2428 4713 2461 4746 a
2569 4695 2706 4761 apud
2743 4690 2999 4759 Plautum]

414 4764 639 4817 Mostell.
681 4766 751 4814 111
786 4766 838 4828 2,
868 4766 937 4816 80
973 4765 1099 4828 (767
1135 4767 1226 4826 Β.)
1264 4766 1333 4829 cf.
1367 4780 1526 4828 supra
1553 4782 1605 4830 p.
1642 4765 1711 4817 88
1744 4768 1823 4816 ed.
1866 4767 2018 4818 Lina,
2161 4782 2205 4815 a.
2228 4768 2364 4816 mani
2400 4767 2495 4818 Ba
2524 4782 2554 4816 a
2593 4780 2742 4816 mane
2770 4765 2871 4814 AC

411 4833 480 4885 35
517 4831 660 4901 dum]
712 4835 870 4901 Very.
906 4850 1083 4901 geor-9.
1117 4836 1184 4885 ill
1221 4835 1323 4886 325
