3541 5564
1366 366 1838 428 COMMENTVM
2784 364 2904 426 149

1569 508 1575 515 .
2535 488 2574 527 p.
2607 477 2776 514 lle—21
2812 474 2852 512 1..

479 556 588 616 Est
646 557 818 618 etiam
878 553 1140 616 verbialc
1194 573 1442 615 nomeu:
1502 554 1761 615 verbiale
1819 554 2033 615 dicitur
2080 553 2087 635 Ι
2138 575 2356 616 nomen
2401 554 2559 635 quod
2606 555 2679 615 de
2726 555 2905 615 verbo
2930 564 3139 624 1130,ssss

304 660 573 720 nascitur
631 665 689 718 et
742 660 803 717 in
860 666 952 719 tor
998 676 1240 736 semper
1286 659 1420 718 exit.
1513 656 1761 718 dicimus
1806 657 1922 716 iam
1968 657 2138 717 istam
2185 657 2470 736 regulam.
2562 676 2678 736 quo
2727 656 2936 717 modo

303 761 538 851 fitthoc
595 760 847 821 nomen?
920 761 1026 820 ita:
1097 758 1171 819 de
1226 758 1477 838 gerundi
1532 758 1695 819 modi
1750 761 1954 819 ultimo
1997 766 2261 836 tempore
2306 760 2570 821 ultimam
2617 757 2899 837 syllabam

306 862 551 942 [futuri]
611 865 675 923 in
730 882 797 923 or
852 863 1031 922 vertis
1088 867 1147 921 et
1203 860 1345 922 sacis
1401 879 1638 921 nomen.
1728 859 1966 938 legendi
2025 859 2274 939 legendo
2319 861 2632 940 legendum
2682 860 2896 921 lectum

251 965 496 1027 alectu:
546 973 709 1026 verte
753 967 926 1025 istam
973 962 1236 1025 ultimam
1282 961 1561 1043 syllabam
1606 964 1668 1022 in
1716 981 1811 1032 or,
1863 969 1922 1024 et
1966 963 2110 1024 facis
2155 962 2371 1024 lector:
2432 965 2687 1042 scriptu,
2737 972 2899 1023 verte

304 1068 574 1129 ultimam
632 1069 692 1127 in
741 1086 838 1137 or,
885 1067 1170 1145 scriptor:
1234 1066 1466 1134 auditu,
1515 1064 1774 1126 auditor:
1833 1063 2019 1134 lectu,
2066 1063 2272 1126 lector.
2367 1074 2425 1125 ct
2469 1067 2554 1125 sic
2599 1067 2746 1125 fiunt
2790 1068 2896 1126 ista

302 1172 566 1231 uomina.
636 1169 860 1229 idcirco
907 1170 1080 1230 etiam
1125 1167 1423 1229 sarciendi
1468 1167 1781 1228 sarciendo
1825 1166 2200 1234 sarciendam
2246 1174 2472 1228 sartum
2517 1179 2705 1229 sartu:
2755 1188 2895 1228 con-

304 1279 470 1332 verte
525 1273 697 1332 istam
755 1270 1022 1331 ultimam
1066 1272 1126 1330 in
1173 1289 1268 1341 or,
1318 1278 1376 1330 et
1421 1269 1560 1350 quid
1607 1269 1782 1329 facit?
1840 1277 2034 1330 sartor
2081 1270 2238 1329 facit.
2331 1287 2508 1348 saepe
2555 1272 2710 1330 enim
2761 1270 2897 1330 hinc

302 1374 415 1435 sibi
464 1375 689 1434 faciunt
733 1375 1151 1454 ‘quaestionem
1199 1380 1257 1433 et
1303 1371 1573 1433 dubitant
1615 1372 2125 1450 frequentissime,
2185 1371 2325 1451 quid
2374 1370 2630 1434 debeant
2674 1372 2890 1433 dicere.

224 1493 276 1531 ιο
301 1485 504 1538 utrum
558 1494 754 1537 sarsor
809 1475 1061 1537 dicimus
1117 1483 1218 1535 aut
1272 1476 1600 1535 sarcinator
1656 1480 1756 1534 aut
1807 1474 2032 1534 sartor?
2097 1492 2213 1534 non
2258 1483 2456 1553 potest
2499 1477 2628 1536 lieri
2674 1476 2784 1534 nisi
2834 1483 2897 1534 ut

298 1580 477 1640 saciat
521 1586 734 1638 sartor.
826 1576 1095 1638 ultimum
1153 1578 1310 1638 enim
1368 1582 1600 1656 tempus
1656 1576 1911 1654 gerundi
1958 1575 2119 1636 modi
2164 1583 2325 1637 sartu
2373 1577 2539 1637 facit:
2617 1586 2894 1638 converto

299 1683 360 1742 in
410 1700 508 1749 or,
560 1688 618 1741 et
647 1681 787 1740 l'acit
816 1686 1028 1740 sartor.
1091 1679 1375 1761 numquid
1410 1689 1579 1759 potes
1608 1681 1876 1740 invenire
1907 1678 2163 1756 aliquam
2196 1680 2672 1740 contrarietatem
2689 1683 2710 1738 ’Β
2757 1681 2894 1739 111110

299 1782 398 1845 1113
445 1784 711 1863 quaestio
756 1780 1027 1852 solvitur,
1076 1800 1227 1860 quae
1271 1783 1332 1843 in
1379 1781 1743 1843 dubitatione
1792 1790 1896 1842 est.
1966 1800 2113 1842 cano
2163 1788 2222 1840 et
2266 1788 2466 1841 canto:
2515 1783 2740 1842 faciunt
2783 1782 2892 1842 sibi

301 1886 540 1948 stultam
588 1885 1023 1965 quaestionem,
1084 1903 1218 1945 cum
1266 1885 1442 1974 verba
1488 1883 1719 1944 diversa
1764 1886 1901 1945 sint.
1991 1902 2124 1943 nam
2173 1883 2244 1944 ab
2292 1902 2363 1942 eo
2408 1882 2564 1963 quod
2613 1891 2703 1943 est
2746 1903 2893 1944 cano

226 2001 277 2040 15
303 1995 363 2048 et
420 1994 594 2048 canto
652 1986 867 2047 diversi
921 1994 1059 2047 sunt
1114 1986 1361 2064 gerundi
1417 1985 1596 2048 modi.
1685 1987 1777 2047 sac
1831 1985 2085 2065 gerundi
2141 1985 2298 2045 modi
2358 1985 2430 2046 ab
2489 2004 2558 2044 eo
2603 1985 2756 2064 quod
2806 1995 2897 2046 cst

300 2108 469 2150 cano.
563 2087 815 2150 canendi
871 2088 1138 2148 canendo
1196 2088 1529 2150 canendum
1588 2095 1826 2149 cantum
1885 2096 2091 2148 cantu:
2172 2097 2377 2148 cantor
2445 2089 2601 2147 lacit.
2681 2085 2755 2146 ab
2822 2107 2890 2147 eo

301 2191 459 2273 quod
506 2198 596 2253 est
639 2197 812 2251 canto
858 2197 1058 2250 cantas
1102 2190 1194 2251 sac
1239 2190 1491 2269 gerundi
1543 2188 1552 2272 Ι
1598 2189 1779 2250 modi.
1872 2189 2147 2250 cantandi
2193 2188 2487 2249 cantando
2533 2189 2891 2250 cantandum

300 2301 605 2355 cantatum
652 2299 920 2354 cantatu:
968 2298 1252 2353 cantator.
1345 2300 1404 2352 et
1450 2311 1565 2352 non
1613 2298 1704 2351 est
1747 2293 2129 2352 contrarium.

478 2395 581 2456 Est
627 2397 804 2456 etiam
850 2412 1066 2454 nomen
1112 2395 1409 2473 participii
1456 2392 1665 2455 simile.
1754 2395 2050 2472 participii
2106 2391 2295 2453 simile
2343 2411 2556 2453 nomen
2606 2402 2692 2452 est
2735 2393 2890 2473 quod
2917 2406 3033 2460 430,
3060 2407 3125 2454 29

218 2499 389 2559 eosic
447 2505 619 2557 sonat
687 2497 852 2576 quasi
911 2497 1319 2577 participium,
1380 2514 1596 2556 nomen
1668 2505 1757 2556 est
1831 2504 2055 2564 tamen,
2116 2503 2178 2554 ut
2240 2503 2471 2575 potenS.
2565 2513 2704 2555 ecce
2771 2514 2888 2555 non

298 2602 387 2660 sic
433 2607 523 2659 est
567 2607 808 2678 potens,
856 2617 1031 2678 quem
1078 2597 1151 2658 ad
1198 2597 1437 2658 modum
1484 2597 1721 2676 legens?
1769 2607 1829 2658 et
1874 2607 2067 2658 tamen
2115 2607 2375 2677 apparet,
2424 2597 2659 2677 quando
2704 2598 2884 2676 parti-

298 2703 522 2784 cipium
571 2703 677 2770 sit,
726 2700 962 2780 quando
1007 2719 1243 2760 nomen.
1308 2718 1523 2760 nomen
1570 2706 1683 2769 est,
1733 2701 1783 2759 si
1828 2700 2078 2779 recipiat
2120 2702 2629 2779 conparationem,
2677 2708 2887 2780 potens

296 2805 602 2884 potentior
647 2804 1105 2882 potentissimus
1178 2805 1227 2863 si
1272 2803 1648 2882 participium
1694 2803 1901 2873 suerit,
1952 2822 2067 2862 non
2117 2804 2328 2882 recipit
2370 2803 2882 2881 conparationem;

232 2898 235 2899 ⁷
298 2925 474 2967 nemo
523 2905 669 2965 dicit
710 2903 1002 2983 legentior
1047 2903 1499 2983 legentissimus.
1591 2903 1703 2965 hoc
1748 2906 1935 2966 noluit
1978 2904 2212 2965 adicere
2260 2905 2544 2973 Donatus,
2596 2904 2747 2983 quod
2798 2912 2883 2965 est

210 3006 440 3068 25utile
497 3008 667 3068 satis:
746 3018 881 3067 sunt
936 3007 1127 3087 aliqua
1184 3008 1423 3066 nomina
1479 3008 1718 3085 penitus
1775 3005 2104 3087 [nomina],
2163 3007 2690 3087 souoparticipia3
2751 3014 2886 3067 sunt

293 3109 495 3190 aliqua
552 3110 857 3188 participia
914 3111 1178 3189 penitus:
1236 3117 1375 3169 sunt
1431 3107 1621 3188 aliqua
1678 3108 1890 3169 media.
1985 3127 2124 3169 ecce
2179 3116 2392 3188 potens
2436 3117 2663 3169 tantum
2707 3110 2883 3170 modo

293 3230 513 3273 nomen
573 3221 661 3271 est
715 3229 825 3271 nec
881 3219 1073 3290 potest
1129 3230 1260 3272 esse
1318 3212 1724 3290 participium,
1781 3210 1883 3270 sed
1933 3229 2147 3270 nomen
2196 3218 2285 3270 est
2327 3217 2572 3271 tantum.
2665 3216 2882 3291 quare?

293 3316 430 3392 quia
488 3314 701 3391 recipit
754 3315 1264 3393 conparationem,
1332 3321 1544 3392 potens
1606 3314 1908 3391 potentior
1961 3307 2421 3391 potentissimus
2514 3333 2623 3374 nec
2689 3323 2883 3394 potest

293 3435 426 3476 esse
470 3416 867 3495 participium.
962 3418 1180 3492 quare?
1239 3416 1372 3494 quia
1432 3432 1548 3476 non
1607 3415 1765 3475 venit
1810 3432 1841 3474 3
1888 3414 2123 3475 101110,
2179 3417 2227 3475 si
2275 3417 2429 3477 enim
2477 3436 2508 3477 a
2555 3416 2737 3478 verbo
2785 3437 2880 3477 ve-

209 3536 265 3575 1111
292 3520 483 3585 niret,
533 3525 689 3578 esset
730 3518 1127 3597 participium.
1189 3534 1331 3595 ergo
1376 3519 1425 3576 si
1469 3535 1499 3576 a
1546 3515 1727 3576 verbo
1773 3535 1891 3577 non
1938 3516 2119 3577 habet
2158 3518 2444 3596 originem
2494 3525 2552 3577 et
2595 3537 2877 3598 conpara-

293 3622 518 3680 tionem
564 3617 772 3688 habet,
820 3621 1189 3698 apertissime
1237 3638 1453 3680 nomen
1501 3627 1607 3680 est.
1667 3637 1806 3679 ecce
1838 3618 1999 3680 vides
2044 3637 2219 3699 quem
2267 3620 2339 3679 ad
2379 3619 2615 3680 modum
2665 3640 2877 3682 nomen

293 3729 400 3782 est.
498 3741 531 3781 e
577 3722 876 3781 contrario
921 3722 1292 3800 participium
1341 3728 1427 3781 est
1471 3720 1690 3798 legens.
1767 3723 1987 3803 qnare?
2034 3723 2306 3798 quoniam
2352 3722 2426 3781 ab
2473 3741 2542 3781 eo
2587 3722 2742 3802 quod
2791 3731 2881 3783 est

292 3822 427 3901 lego
482 3823 623 3883 inde
679 3831 767 3883 est
822 3821 1028 3905 legens
1062 3810 1142 3881 ⁵et
1197 3824 1679 3901 conparationem
1724 3840 1844 3883 non
1891 3824 2127 3903 recipit:
2188 3843 2363 3884 nemo
2409 3824 2550 3883 dicit
2592 3823 2878 3903 legentior

292 3924 753 4003 legentissimuS.
807 3922 815 4005 Ι
875 3943 1018 4002 ergo
1063 3927 1112 3984 si
1157 3944 1187 3985 a
1236 3923 1416 3985 verbo
1463 3925 1622 3985 venit
1667 3929 1723 3984 et
1765 3943 1883 3985 non
1931 3927 2144 4005 recipit
2187 3927 2693 4004 conparationem,
2743 3945 2874 4005 par-

214 4041 266 4081 35
294 4029 557 4113 ticipium
607 4034 712 4089 est.
790 4036 881 4086 est
923 4025 1158 4104 aliquod
1205 4025 1495 4095 medium,
1543 4034 1608 4086 ut
1652 4034 1740 4085 est
1786 4045 2006 4088 amans.
2079 4027 2315 4107 quando
2359 4028 2609 4089 dicimus
2654 4045 2874 4107 31113113,

292 4138 491 4210 potest
547 4138 605 4189 et
661 4150 692 4190 a
748 4128 928 4189 verbo
986 4147 1145 4198 esse,
1194 4147 1328 4188 amo
1384 4147 1545 4189 amas
1601 4137 1784 4199 amat:
1862 4148 2000 4190 ecce
2047 4148 2079 4189 a
2125 4129 2304 4191 verbo
2352 4131 2533 4191 venit:
2580 4137 2777 4208 potest
2820 4138 2878 4190 et

293 4233 561 4311 recipere
620 4232 1135 4310 conparationem,
1195 4248 1398 4291 amans
1453 4232 1744 4291 amantior
1801 4233 2251 4292 amantissimus,
2342 4232 2478 4311 quid
2538 4250 2678 4309 ergo
2734 4233 2872 4293 saci-

293 4335 460 4393 mus‘?
527 4351 701 4412 quem
749 4331 820 4393 ad
868 4332 1108 4392 modum
1155 4332 1575 4402 discernimuS,
1633 4333 1868 4411 quando
1927 4340 2014 4394 cst
2058 4351 2304 4403 nomen,
2360 4333 2593 4411 quando
2638 4335 2873 4413 partici-

430 4521 463 4571 3
499 4523 571 4571 ita
605 4523 668 4568 de
702 4521 919 4586 gerundi
960 4521 1093 4569 modi
1136 4521 1360 4569 ultimam
1400 4518 1647 4582 syllabam
1689 4561 1904 4575 ......
1947 4519 2132 4581 (futuri
2171 4524 2220 4569 in
2255 4524 2408 4573 litura
2440 4522 2499 4581 a)
2539 4522 2588 4569 in
2629 4535 2685 4569 or
2716 4522 2873 4572 uei-tis

293 4601 342 4640 01
379 4591 502 4641 sacis
544 4590 699 4640 futuri
728 4590 913 4655 (11111111
950 4592 1131 4641 delevit
1163 4590 1222 4651 a)
1259 4605 1440 4637 1111111011
1481 4590 1529 4636 A
1568 4591 1635 4638 ita
1666 4591 1874 4653 gerendi
1916 4591 2050 4639 modi
2089 4592 2314 4640 ultimam
2352 4591 2596 4656 syllabam
2631 4591 2784 4640 futuri
2820 4594 2872 4641 in

294 4677 348 4710 01·
383 4664 544 4710 uertis
583 4671 632 4709 et
670 4660 797 4710 sacis
834 4675 1014 4710 nomen
1056 4660 1278 4709 futurum
1314 4660 1362 4709 B
1401 4661 1468 4707 ita
1513 4660 1575 4709 de
1612 4660 1826 4725 gerundi
1865 4662 2002 4709 modi
2041 4662 2199 4722 (corr.
2244 4663 2414 4725 modo)
2457 4662 2682 4710 ultimam
2714 4663 2870 4725 sylla·

294 4733 403 4780 ham
435 4731 595 4780 futuri
638 4732 685 4778 111
726 4746 782 4780 or
820 4731 976 4780 nortis
1012 4741 1060 4779 01
1095 4730 1223 4780 sacis
1263 4744 1443 4777 nomen
1484 4732 1522 4778 G
1700 4731 1762 4779 10
1802 4745 1896 4779 uon
1937 4739 2104 4795 potest
2153 4732 2259 4781 lieri
2299 4734 2395 4780 nisi
2434 4742 2487 4779 ut
2521 4731 2672 4780 faciat
2709 4742 2871 4781 sartor

291 4818 382 4851 om.
418 4802 487 4864 A,
528 4800 651 4850 add.
685 4816 717 4849 a
837 4801 895 4851 ll
938 4811 1075 4851 sartu
1107 4799 1297 4849 faciunt
1338 4799 1501 4849 ABG
1643 4801 1704 4849 12
1733 4808 1896 4865 potest
1935 4800 1984 4849 Α
2125 4803 2191 4851 22
2229 4802 2290 4851 sit
2330 4818 2420 4851 om.
2464 4802 2510 4851 A
2651 4803 2719 4852 24
2753 4802 2868 4855 dicit

294 4871 469 4936 legens
504 4870 757 4937 legentior
788 4870 898 4920 AB
1036 4870 1102 4921 35
1141 4880 1193 4919 ut
1219 4867 1316 4938 est]
1357 4869 1491 4932 quod
1528 4879 1603 4918 est
1641 4869 1689 4919 Α
