3541 5564
679 302 802 367 194
1812 308 2119 371 POMPEI!

727 415 775 467 μ’
796 415 972 454 221-23
999 413 1046 454 L.

670 494 960 571 iugerum.
1021 512 1160 556 nam
1203 512 1322 557 non
1368 503 1565 575 potest
1607 496 1669 555 in
1703 494 1955 557 ablativo
1999 495 2284 574 singulari
2327 515 2362 556 o
2407 495 2603 558 littera
2650 498 2955 558 terminari
2996 499 3061 559 in
3110 516 3258 559 neu-

672 603 761 656 tro
806 614 1027 675 genere
1070 598 1183 659 nisi
1227 617 1259 659 a
1307 598 1666 659 nominativo
1711 617 1809 658 um
1856 599 2196 668 terminato,
2245 598 2358 659 boc
2402 598 2685 680 templum
2732 599 2806 661 ab
2851 598 2965 660 boc
3009 598 3256 679 templo,

672 697 782 758 hoc
839 705 1060 760 tectum
1117 699 1190 761 ab
1249 700 1362 760 hoc
1416 708 1591 762 tecto.
1680 702 1729 761 si
1785 702 1870 761 sic
1928 699 2178 770 dixeris„
2237 700 2312 761 ab
2359 700 2470 762 hoc
2515 702 2749 779 iugero,
2799 702 2913 763 erit
2954 693 3278 779 iugerum(

667 800 772 860 sed
826 802 1044 862 iterum
1099 802 1310 864 falsum
1369 810 1484 871 est,
1543 804 1708 882 quia,
1767 804 1819 864 si
1878 801 2097 864 dixeris
2140 804 2443 881 iugerum,
2490 822 2697 864 omnes
2740 821 2914 864 casus
2958 802 3257 865 secundae

670 911 842 962 erunt
896 902 1326 965 declinationis,
1417 922 1594 985 quem
1648 904 1719 965 ad
1780 904 2021 965 modum
2077 903 2190 966 hoc
2247 922 2552 967 scamnum
2612 906 2789 967 buius
2842 907 3074 967 scamni
3118 905 3303 966 huics

667 1021 907 1065 scamno
967 1005 1078 1066 hoc
1135 1023 1471 1075 scamnum,
1527 1007 1612 1067 sic
1668 1006 1852 1067 habes
1909 1016 1968 1069 et
2023 1006 2136 1069 hoc
2192 1006 2527 1077 declinare,
2587 1007 2702 1069 hoc
2756 1009 3032 1086 iugerum
3089 1007 3257 1068 huius

664 1105 885 1184 iugeri;
934 1126 1056 1169 non
1099 1107 1274 1169 huius
1318 1108 1567 1185 ingeris,
1617 1107 1720 1168 sed
1766 1110 1947 1169 huius
1992 1109 2200 1187 iugeri.
2291 1109 2393 1171 sed
2437 1127 2554 1170 non
2601 1109 2715 1171 hoc
2759 1111 3103 1188 sequimur,
3153 1107 3254 1170 sed

665 1226 1025 1288 usurpamus
1070 1228 1270 1272 casum
1317 1208 1636 1271 ablativum
1667 1209 2057 1288 singularem:
2102 1211 2319 1290 reliqui
2364 1229 2573 1273 omnes
2617 1230 2791 1275 casus
2835 1222 3258 1273 remanserunt

663 1311 725 1372 in
771 1313 944 1372 tertia
988 1310 1397 1374 declinatione.

830 1414 878 1473 V
923 1415 1275 1475 terminatus
1320 1413 1607 1475 ablativus
1651 1416 1991 1491 genetivum
2050 1414 2337 1495 pluralem
2387 1413 2394 1497 Ι
2443 1417 2504 1476 in
2549 1435 2692 1477 uum
2739 1418 2945 1485 mittit,
2992 1415 3249 1477 dativum
3277 1434 3321 1471 ιο

663 1522 722 1574 et
766 1514 1084 1576 ablativum
1129 1517 1189 1576 in
1237 1515 1373 1586 buS,
1436 1524 1499 1577 ut
1543 1515 1615 1576 ab
1662 1516 1776 1576 hoc
1826 1535 1997 1578 versu
2044 1517 2258 1578 horum
2303 1536 2581 1583 versuum
2626 1517 2718 1579 bis
2764 1526 2822 1580 et
2865 1517 2940 1579 ab
2985 1518 3080 1579 his
3125 1536 3255 1579 ver·

432 1628 552 1689 434,
580 1628 646 1677 28
671 1616 852 1677 sibus,
929 1619 1267 1698 quaeritur,
1317 1626 1514 1679 utrum
1560 1618 1885 1680 debeamus
1928 1619 2130 1680 dicere
2176 1619 2491 1689 versubus,
2540 1638 2717 1700 quem
2761 1618 2845 1681 ad
2880 1619 3125 1681 modum
3171 1619 3256 1680 di-

661 1721 853 1780 cimus
897 1720 1186 1790 arcubuS,
1235 1739 1412 1800 quem
1458 1721 1528 1781 ad
1577 1720 1817 1782 modum
1864 1719 2115 1782 dicimus
2158 1720 2423 1783 artubus.
2515 1725 2597 1782 ait
2637 1724 2754 1792 sic,
2803 1723 2961 1783 ‘non
3006 1741 3253 1783 necesse

660 1826 799 1882 est'.
891 1840 1003 1901 qua
1057 1825 1291 1884 ratione
1348 1842 1467 1884 non
1514 1842 1755 1885 necesse
1803 1825 1926 1884 est?
1983 1824 2262 1903 quoniam
2307 1823 2407 1885 ille
2452 1822 2679 1886 dativus
2722 1823 2966 1905 pluralis
3010 1823 3102 1883 vel
3149 1823 3253 1884 ab·

659 1922 897 1992 lativus,
947 1925 1181 2005 quando
1227 1934 1446 1987 exeunt
1489 1927 1551 1985 in
1596 1925 1776 1993 ubus,
1839 1927 2187 1986 necessitate
2234 1934 2484 1995 exeunt,
2532 1944 2652 1987 non
2697 1924 3023 1988 secundum
3068 1944 3248 2004 regu·
3279 1941 3327 1979 1⁵

658 2024 801 2096 lam;
861 2027 966 2088 sed
1013 2026 1275 2088 volentes
1319 2029 1516 2089 facere
1562 2027 1955 2088 differentiam
2001 2028 2434 2108 interponimus
2477 2029 2651 2090 istam
2698 2027 2952 2089 litteram
3002 2036 3061 2089 et
3104 2046 3249 2089 con·

655 2129 960 2189 vertimus
1051 2138 1113 2190 ut
1158 2137 1294 2210 puta
1341 2128 1415 2189 ab
1461 2129 1574 2189 boc
1618 2148 1759 2191 arcu
1807 2137 1866 2191 et
1909 2128 1984 2190 ab
2029 2129 2138 2192 hac
2183 2148 2320 2192 arce
2366 2131 2611 2191 facimus
2666 2129 3014 2191 ablativum:
3078 2128 3239 2190 aliud

656 2238 746 2291 est
789 2249 924 2301 arx,
974 2230 1131 2293 aliud
1178 2240 1267 2292 aet
1309 2249 1512 2300 arcuS,
1559 2230 1671 2292 alia
1717 2232 2068 2309 significatio
2112 2240 2229 2301 est;
2276 2234 2327 2293 si
2357 2232 2519 2294 dicas
2549 2232 2812 2301 arcibus,
2859 2250 3032 2294 arces
3064 2234 3246 2311 signi·

655 2335 822 2403 ficas:
869 2336 918 2393 si
965 2333 1128 2394 dicas
1172 2332 1456 2402 arcubu8‚
1505 2351 1679 2394 arcus
1723 2334 2038 2413 significas·
2126 2341 2190 2394 ut
2233 2335 2419 2414 possit
2463 2336 2727 2404 secerni,
2776 2352 3020 2395 necesse
3065 2333 3253 2395 babes
3295 2360 3299 2371 ’

652 2436 672 2494 i
717 2437 778 2495 in
824 2454 865 2496 ιι
911 2442 1170 2505 mutare,
1219 2443 1284 2496 ut
1328 2435 1488 2496 aliud
1537 2436 1612 2495 sit
1655 2453 1859 2509 arcuS,
1909 2433 2067 2496 aliud
2116 2454 2281 2497 arces
2327 2444 2383 2496 et
2428 2436 2659 2498 similia.
2737 2443 3003 2497 ceterum
3050 2444 3117 2496 ut
3158 2436 3248 2496 di·
3275 2453 3323 2492 ευ

651 2555 857 2597 camus
904 2535 1194 2598 versubus
1237 2544 1340 2598 aut
1383 2536 1684 2608 versibus,
1733 2556 1884 2617 quae
1930 2540 2044 2598 erit
2088 2537 2455 2598 differentia?
2501 2538 2783 2617 numquid
2829 2536 3069 2617 quando
3115 2538 3251 2599 dico

651 2639 969 2707 versubus,
1018 2637 1178 2726 aliud
1225 2640 1370 2708 erit,
1421 2646 1478 2699 et
1522 2640 1757 2719 quando
1804 2640 1937 2701 dico
1986 2639 2268 2709 versibus,
2314 2638 2475 2700 aliud
2521 2642 2667 2700 erit?
2725 2659 2865 2701 non.
2933 2640 3099 2701 unde
3145 2659 3252 2720 ap-

649 2750 820 2821 paret
862 2744 998 2823 quia
1045 2759 1163 2803 non
1211 2741 1589 2803 retinendum
1637 2750 1744 2804 est.
1805 2741 2009 2823 regula
2041 2744 2197 2817 enim
2228 2743 2357 2822 ipsa
2401 2744 2490 2803 sic
2533 2741 2744 2804 tradita
2791 2750 2908 2810 est.
2956 2741 3249 2806 ablativus

647 2844 964 2923 singularis
1006 2863 1047 2905 ιι
1091 2843 1282 2905 littera
1312 2847 1684 2907 terminatus
1728 2844 1988 2910 dativum
2033 2852 2093 2905 et
2135 2844 2450 2905 ablativum
2482 2843 2772 2925 pluralem
2803 2847 2867 2905 in
2900 2844 3009 2907 bus
3042 2848 3239 2916 mittit,

645 2963 686 3005 ιι
729 2947 789 3005 in
834 2948 853 3005 i
899 2955 1121 3008 mutata
1175 2964 1430 3027 semper.
1520 2945 1594 3007 ab
1652 2946 1763 3007 hoc
1820 2965 2023 3015 versu,
2092 2956 2251 3008 muta
2309 2966 2346 3006 u
2401 2948 2462 3006 in
2508 2948 2557 3016 i,
2605 2946 2756 3007 adde
2803 2946 2943 3016 bus,
2995 2956 3058 3008 et
3102 2949 3319 3009 tacitas

650 3047 942 3118 versibus;
974 3043 1064 3109 'ab
1110 3047 1221 3109 hac
1266 3066 1440 3110 manu
1489 3049 1628 3109 lacit
1663 3047 1667 3126 l
1705 3049 2005 3118 manibus:
2052 3047 2126 3109 ab
2155 3049 2265 3109 hac
2296 3050 2554 3128 porticu,
2602 3067 2639 3108 u
2685 3050 2744 3110 in
2791 3050 2811 3108 i
2855 3058 3037 3116 muta,
3088 3049 3240 3112 adde

653 3147 790 3219 ltus,
851 3158 909 3211 et
962 3151 1103 3211 facit
1159 3151 1416 3213 dativum
1472 3159 1530 3212 et
1586 3149 1905 3211 ablativum
1965 3150 2284 3231 pluralem,
2344 3149 2436 3211 bis
2493 3158 2551 3210 et
2606 3149 2680 3210 ab
2736 3149 2827 3211 his
2885 3151 3240 3230 porticibuS.

647 3252 883 3332 quando
949 3259 1147 3314 autem
1212 3261 1482 3315 remanet
1547 3272 1613 3324 u,
1683 3271 1926 3315 necesse
1983 3248 2166 3314 habet
2216 3270 2528 3314 remanere
2589 3270 2767 3314 causa
2822 3253 3236 3323 discretionis;

646 3355 880 3434 quando
926 3355 1176 3415 dicimus
1219 3355 1475 3418 arcubus
1520 3364 1579 3417 et
1622 3355 1891 3425 arcibuS,
1939 3374 2014 3416 ne
2058 3357 2136 3416 sit
2178 3354 2372 3435 aliqua
2418 3354 2715 3424 confusio,
2764 3372 3010 3416 necesse
3056 3356 3240 3418 habe-

647 3475 779 3518 mus
834 3458 948 3518 hoc
1004 3457 1340 3520 observare.
1433 3466 1491 3519 et
1546 3460 1690 3519 item
1748 3475 1825 3518 ne
1881 3457 2149 3518 confusio
2195 3458 2273 3517 sit
2312 3457 2468 3518 inter
2513 3464 2675 3517 artus
2716 3464 2777 3518 et
2818 3464 3010 3527 artes,
3061 3476 3316 3520 causano

645 3557 1018 3620 discretionis
1073 3559 1187 3621 hoc
1245 3578 1491 3622 necesse
1551 3559 1838 3620 habemus
1891 3559 2117 3628 facere,
2186 3567 2251 3620 ut
2314 3578 2352 3620 u
2417 3567 2739 3620 remaneat.
2826 3559 2942 3620 hoc
2998 3560 3239 3640 quidem

647 3659 817 3722 hene.
911 3670 970 3723 et
1013 3681 1196 3742 quare
1240 3662 1354 3723 sibi
1397 3664 1568 3723 istam
1613 3662 1873 3723 litteram
1920 3659 2273 3740 adsumpsit,
2323 3663 2396 3722 u?
2452 3680 2636 3741 quare
2682 3679 2800 3722 non
2845 3661 3099 3722 dicimus
3146 3681 3240 3722 ar-

644 3763 860 3833 cobuS,
907 3763 1012 3824 sed
1059 3764 1352 3826 arcubus?
1402 3763 1670 3845 [quando
1714 3765 1986 3825 confusio
2033 3771 2148 3833 est,
2195 3782 2316 3824 non
2363 3770 2569 3824 vacant
2611 3764 2757 3824 istae
2802 3781 3011 3823 omnes
3054 3766 3236 3826 ratio-

644 3864 776 3945 nes]
836 3867 1113 3945 quoniam
1169 3867 1525 3928 antistichon
1584 3874 1687 3927 est.
1778 3865 2134 3927 antistichon
2191 3866 2433 3935 dicitur,
2503 3865 2739 3945 quando
2795 3864 2979 3925 altera
3037 3865 3237 3928 littera

643 3987 751 4048 pro
807 3966 988 4028 altera
1044 3970 1302 4048 ponitur.
1394 3969 1504 4029 hae
1559 3976 1755 4029 autem
1814 3967 1976 4029 solae
2034 3970 2158 4029 eius
2216 3968 2374 4029 modi
2419 3975 2582 4036 sunt,
2630 3985 2781 4048 quae.
2824 3985 2937 4046 pro
2979 3986 3047 4029 se
3091 3971 3231 4048 poni
3259 3986 3315 4025 ss

639 4063 928 4150 possunt,
965 4089 1003 4130 u
1051 4077 1110 4131 et
1150 4072 1171 4130 i
1215 4070 1438 4140 littera;
1485 4073 1627 4132 istas
1682 4070 1910 4133 litteras
1963 4088 2282 4149 possumus
2325 4071 2482 4130 inter
2524 4088 2589 4130 se
2632 4076 2880 4131 mutare.
2943 4072 3032 4130 vis
3076 4072 3233 4131 scire

783 4243 846 4293 12
884 4241 1129 4291 debemus
1165 4241 1280 4291 AB
1424 4242 1488 4293 13
1523 4243 1739 4292 arcubus
1773 4248 1822 4292 et
1858 4241 2069 4291 artubus
2106 4240 2156 4289 A
2297 4240 2363 4291 14
2397 4255 2497 4303 qna
2534 4241 2728 4290 ratione
2765 4255 2865 4290 nou
2903 4256 3115 4291 necesse
3153 4251 3231 4292 est

639 4327 731 4366 om.
762 4312 891 4371 AB,
922 4314 1046 4362 add.
1084 4311 1157 4361 ab
1266 4311 1328 4362 15
1361 4312 1413 4360 in
1446 4313 1578 4362 ubus
1609 4329 1643 4360 α
1677 4313 1725 4361 in
1766 4313 1861 4361 bus
1900 4310 2065 4362 ABG
2172 4310 2235 4360 17
2273 4311 2413 4359 aliud
2451 4318 2529 4360 est
2561 4325 2655 4360 arx
2690 4310 2831 4361 aliud
2870 4325 3020 4361 arcus
3048 4312 3091 4362 C
3128 4312 3232 4362 alia

639 4393 717 4434 est
755 4396 848 4432 arx
897 4382 1039 4432 alind
1085 4390 1163 4432 est
1199 4380 1302 4445 (est
1336 4398 1427 4437 om.
1461 4382 1585 4446 Ba)
1617 4397 1765 4431 arcus
1802 4381 1915 4431 AB
2060 4383 2129 4431 24
2164 4380 2363 4430 datiuos
2401 4389 2450 4430 et
2487 4380 2742 4431 ablatinos
2779 4380 3007 4446 plurales
3038 4384 3088 4431 A

638 4456 840 4503 mittunt
874 4453 980 4504 AC
1118 4453 1185 4502 25
1232 4467 1382 4503 uersu
1434 4461 1571 4502 muta
1607 4468 1640 4500 u
1678 4451 1777 4502 Ba
1824 4466 1975 4501 uersu
2026 4459 2215 4501 mutata
2264 4466 2295 4498 u
2332 4450 2444 4502 AC
2579 4451 2648 4503 26
2684 4467 2715 4500 u
2753 4452 2802 4501 in
2844 4452 2858 4500 i
2898 4461 3090 4503 mutata
3123 4451 3233 4502 Bc

773 4524 841 4573 29
877 4524 1078 4573 arcibus
1115 4523 1216 4572 nisi
1251 4524 1318 4571 sit
1352 4523 1517 4574 ABC
1615 4519 1684 4573 30
1720 4522 1817 4572 hoc
1849 4522 2123 4571 obseruare
2161 4520 2267 4571 Ac
2298 4519 2393 4569 hoc
2421 4536 2630 4570 seruare
2658 4522 2742 4572 Ba
2849 4519 2915 4572 31
2965 4530 3226 4572 remaneat

638 4594 700 4642 ab
750 4593 845 4641 hoc
880 4593 930 4643 A
980 4602 1238 4643 remaneat
1282 4592 1346 4641 ob
1396 4593 1491 4644 hoc
1527 4592 1578 4641 B
1718 4592 1785 4642 32
1833 4589 2071 4658 litteram]
2115 4591 2342 4657 regulam
2383 4591 2434 4640 B
2573 4590 2641 4642 33
2679 4590 2946 4642 continuum
2977 4592 3020 4642 C
3153 4591 3223 4641 34

636 4665 873 4727 quoniam
912 4663 1214 4713 antistichon
1250 4663 1441 4724 (littera
1479 4663 1601 4712 add.
1635 4661 1689 4726 c)
1721 4672 1798 4711 est
1838 4661 2141 4712 antistichon
2184 4659 2367 4709 dicitur
2398 4660 2439 4710 C
2474 4663 2711 4725 quoniam
2748 4663 3018 4712 autisticon
3060 4663 3217 4722 (anti-

634 4733 831 4782 sthicon
859 4732 934 4796 A)
962 4733 1128 4784 littera
1166 4742 1241 4783 est
1279 4734 1547 4782 antisticon
1583 4732 1847 4793 (anthicon
1880 4733 1927 4782 Α
1961 4731 2269 4782 anthisticon
2295 4728 2353 4793 a)
2390 4731 2574 4780 dicitur
2601 4732 2713 4782 AB
2814 4733 3016 4794 quaudo
3054 4731 3213 4782 altera

634 4804 798 4852 littera
835 4821 868 4852 a
903 4804 1104 4866 quando
1144 4819 1172 4852 a
1206 4803 1366 4852 littera
1407 4805 1452 4852 A
1490 4803 1691 4865 quando
1729 4803 1828 4851 alia
1857 4803 2021 4852 littera
2056 4801 2105 4850 B
2139 4800 2341 4863 quando
2380 4800 2540 4850 altera
2580 4802 2622 4851 C
