3541 5564
661 340 781 405 176
1792 344 2098 406 POMPEII

708 465 749 505 p.
779 452 955 491 181—83
984 450 1024 491 l..

656 550 969 592 numerum
1016 550 1133 592 uon
1180 530 1421 601 habeat,
1467 531 1571 592 sed
1617 530 2071 593 uttalterutrum
2106 551 2222 592 uon
2254 531 2496 602 habeat,
2543 533 2599 593 id
2648 541 2738 594 est
2781 542 2882 595 aut
2927 553 3239 597 numerum

654 633 1012 711 singularem
1059 641 1160 695 aut
1196 651 1516 695 numerum
1564 633 1874 713 pluralem.
1950 635 2331 696 inveniuntur
2377 634 2570 714 aliqua
2614 636 2855 697 nomina
2899 657 3052 717 quae
3097 638 3239 698 defi·

656 737 820 798 ciunt
872 738 933 796 iu
990 754 1238 797 numero
1297 735 1609 814 singulari,
1670 735 1860 816 aliqua
1918 756 2068 817 quae
2126 736 2409 797 deficiunt
2458 739 2517 797 iu
2567 756 2816 799 numero
2861 739 3095 819 plurali.
3188 749 3242 801 et

656 836 755 898 dat
800 837 1065 917 exempla
1121 840 1180 899 iu
1227 857 1471 917 genera:
1531 839 1604 899 de
1664 837 1934 918 exemplo
1981 838 2093 898 hoc
2138 837 2471 916 colligimus
2515 859 2623 920 per
2669 859 2905 919 genera.
2997 850 3138 921 puta
3182 844 3240 901 iu

653 957 873 1018 genere
923 940 1244 1002 masculino
1291 959 1440 1018 quae
1488 949 1625 1003 sunt
1670 943 1906 1002 nomina
1953 934 2180 1001 'tantum
2214 941 2391 1001 modo
2436 944 2671 1002 numeri
2717 943 3052 1020 singulari«,
3099 946 3291 1005 items

654 1061 803 1122 quae
848 1050 986 1104 sunt
1042 1052 1267 1104 tautum
1321 1042 1495 1104 modo
1547 1041 1811 1123 pluralis.
1901 1041 2031 1101 vide
2079 1045 2242 1120 quia,
2291 1043 2705 1124 quodcumque
2750 1045 2857 1106 tibi
2902 1046 3003 1107 dat
3048 1066 3241 1107 exem-

653 1143 851 1225 plum,
911 1146 1009 1206 dat
1064 1145 1389 1206 secundum
1448 1153 1664 1218 artem,
1723 1164 1797 1205 ue
1842 1162 2118 1206 recurras
2164 1143 2235 1204 ad
2283 1147 2688 1207 auctoritatem
2736 1156 2793 1208 et
2839 1167 3085 1229 rumpas
3133 1149 3244 1210 hoc

415 1250 535 1311 432,
567 1251 628 1301 18
652 1247 848 1326 ipsum
907 1246 1062 1327 quod
1118 1249 1417 1328 proponit.
1508 1246 1688 1307 multa
1747 1248 1903 1307 enim
1964 1248 2261 1306 contraria
2308 1256 2464 1308 sunt.
2554 1249 2613 1308 iu
2662 1268 2912 1309 numero
2957 1250 3245 1328 singulari

655 1366 874 1427 genere
912 1350 1267 1418 masculine,
1315 1358 1379 1409 ut
1424 1349 1639 1428 pulvis:
1689 1367 1865 1409 nemo
1896 1349 2037 1409 dicit
2067 1348 2372 1428 pulveres;
2423 1349 2524 1409 sed
2555 1358 2753 1411 tamen
2789 1351 2936 1412 dixit
2965 1349 3246 1414 Horatius

957 1450 1441 1512 novendiales
1485 1452 1862 1531 dissipare
1907 1450 2276 1530 pulveres,
3267 1470 3312 1508 ιο

653 1553 764 1612 iste
809 1554 879 1614 ad
927 1556 1332 1615 auctoritatem
1380 1553 1582 1621 rediit:
1632 1563 1827 1615 tamen
1876 1553 2059 1614 debes
2104 1554 2299 1632 scire.
2347 1556 2579 1614 numeri
2627 1562 2855 1616 tautum
2901 1556 3079 1617 modo
3125 1560 3244 1619 sin-

653 1654 875 1733 gularis
923 1674 1053 1717 esse
1101 1656 1214 1717 hoc
1257 1659 1465 1737 ipsum.
1560 1665 1617 1716 et
1663 1663 1750 1716 est
1794 1674 1986 1716 causa.
2064 1674 2175 1734 qua
2222 1656 2485 1716 ratione?
2531 1675 2630 1717 res
2676 1659 2831 1718 enim
2877 1660 2985 1719 ista
3031 1660 3244 1720 indivi-

655 1756 765 1818 dua
837 1767 924 1818 est
988 1777 1097 1820 uec
1162 1767 1357 1839 potest
1421 1758 1640 1819 habere
1714 1760 2068 1824 sectionem;
2139 1766 2196 1816 et
2250 1759 2528 1836 quoniam
2583 1778 2701 1819 non
2759 1767 2952 1837 potest
3018 1762 3242 1823 habere

655 1861 997 1932 sectionem,
1047 1880 1163 1922 non
1210 1867 1405 1941 potest
1452 1859 1674 1921 habere
1713 1879 2024 1921 numerum
2075 1858 2383 1939 pluralem.
2445 1860 2668 1939 pulvis:
2717 1861 3006 1939 numquid
3052 1871 3246 1943 potest

654 1962 765 2024 hoc
813 1964 944 2024 loco
993 1983 1126 2026 esse
1172 1963 1481 2024 dimidium
1526 1963 1717 2043 pulvis
1751 1961 1838 2023 vel
1885 1960 1984 2022 illo
2032 1961 2160 2022 loco
2206 1980 2334 2022 esse
2381 1961 2684 2023 dimidium
2731 1963 2956 2042 pulvis?
3001 1976 3241 2028 natura·
3270 1979 3316 2019 ¹⁵

653 2066 789 2126 liter
842 2068 969 2145 ipsa
1027 2085 1124 2126 res
1180 2066 1479 2128 individua
1527 2074 1646 2135 est;
1703 2065 1924 2125 idcirco
1970 2066 2028 2125 iu
2077 2083 2323 2125 numero
2368 2064 2654 2142 singulari
2700 2073 2803 2125 est.
2880 2085 3026 2147 ergo
3071 2088 3244 2129 usur-

652 2169 844 2247 pative
902 2167 997 2229 ille
1055 2171 1270 2248 posuit.
1363 2171 1503 2230 item
1562 2167 1658 2228 hic
1715 2169 1982 2246 sanguis,
2040 2168 2103 2227 hi
2160 2169 2476 2245 sanguines
2533 2185 2649 2227 non
2708 2166 2925 2229 lectum
2975 2178 3097 2239 est:
3147 2171 3244 2231 hic

654 2288 858 2339 cruor,
910 2270 969 2330 hi
1017 2289 1264 2333 cruores
1307 2271 1575 2350 legimuS,
1624 2279 1683 2333 et
1727 2270 1842 2331 hoc
1887 2270 2241 2358 usurpative.
2308 2288 2446 2329 ecce
2493 2267 2674 2329 habes
2720 2272 2957 2331 nomina
3004 2275 3246 2350 generis

653 2373 961 2435 masculini
1016 2375 1246 2435 numeri
1301 2380 1528 2434 tantum
1586 2372 1763 2433 modo
1808 2372 2143 2451 singularis,
2235 2374 2373 2432 item
2420 2373 2479 2431 in
2527 2389 2748 2450 genere
2793 2373 3082 2434 feminino
3131 2393 3239 2435 nu·

652 2477 803 2536 meri
857 2484 1083 2536 tantum
1139 2475 1453 2554 singularis
1511 2476 1656 2535 haec
1716 2492 1856 2554 pax,
1916 2474 2025 2536 liae
2082 2493 2260 2553 paces
2318 2493 2436 2533 non
2494 2475 2663 2541 facit:
2720 2474 2866 2534 haec
2922 2473 3056 2546 lux,
3130 2476 3319 2537 baem

650 2577 812 2637 luces
856 2596 972 2637 non
1020 2578 1175 2639 sacit.
1266 2585 1584 2656 utrumque
1640 2585 1837 2639 tamen
1894 2575 2112 2638 lectum
2169 2583 2287 2637 est:
2348 2573 2530 2636 habes
2572 2577 2631 2634 in
2679 2575 2957 2637 Sallustio
3004 2578 3240 2639 ‘bella

652 2688 866 2757 atque
921 2684 1197 2759 paces'.
1289 2680 1430 2741 item
1487 2681 1547 2740 in
1613 2698 1834 2758 genere
1901 2686 2114 2739 neutro
2185 2679 2418 2739 numeri
2477 2685 2702 2739 tantum
2764 2678 3115 2758 singularis,
3180 2691 3245 2742 ut

652 2800 859 2842 aurum
905 2779 1101 2843 oleum
1147 2782 1453 2852 hordeum,
1493 2791 1551 2842 et
1595 2781 1873 2862 quicquid
1907 2781 1978 2842 ad
2024 2780 2254 2862 pondus
2299 2799 2712 2843 mensuramve
2758 2781 3035 2844 refertur.
3097 2787 3242 2845 item

652 2885 892 2945 nomina
924 2886 1159 2946 numeri
1192 2894 1416 2946 tantum
1449 2882 1694 2964 pluralis
1724 2886 1784 2944 in
1816 2903 2035 2964 genere
2068 2883 2409 2953 masculino,
2449 2888 2730 2945 cancelli:
2776 2903 2893 2945 non
2924 2904 3242 2964 possumus

652 2987 852 3047 dicere
897 2986 1242 3049 cancellum.
1334 2987 1488 3049 male
1534 3005 1675 3066 ergo
1723 2986 1924 3047 dicunt
1967 2985 2142 3047 ‘tolle
2186 2985 2573 3056 cancellum’,
2622 2986 2725 3047 sed
2774 2987 3027 3049 dicimus
3073 2988 3239 3050 ‘tolle
3268 3007 3319 3049 25

651 3087 998 3150 cancellos'.
1092 3099 1149 3150 et
1201 3090 1591 3151 reddiderunt
1646 3088 1916 3169 plerique
1962 3091 2281 3159 rationem,
2341 3086 2347 3165 Ι
2396 3090 2671 3168 quoniam
2718 3108 2834 3149 non
2881 3097 3083 3169 potest
3129 3093 3242 3153 ista

651 3209 748 3250 res
793 3190 866 3251 de
910 3210 1024 3252 una
1070 3211 1135 3252 re
1181 3193 1339 3263 lieri,
1387 3191 1491 3252 sed
1540 3191 1613 3252 de
1660 3190 1877 3253 multis.
1968 3191 2191 3253 idcirco
2239 3190 2548 3252 voluerunt
2582 3194 2814 3253 numeri
2860 3211 2990 3254 esse
3036 3193 3242 3273 plura·

649 3291 740 3352 lis.
805 3292 1028 3354 idcirco
1071 3313 1313 3373 scopae,
1362 3296 1640 3374 quoniam
1688 3293 1762 3354 de
1809 3293 2011 3354 multis
2068 3302 2340 3354 constant
2385 3294 2590 3371 virgis,
2649 3295 2879 3354 numeri
2927 3305 3061 3356 sunt
3110 3296 3250 3376 plu·

650 3393 809 3456 ralis.
899 3396 1121 3457 idcirco
1180 3398 1353 3457 etiam
1411 3395 1631 3470 scalae,
1693 3395 1915 3457 idcirco
1982 3398 2155 3457 etiam
2213 3395 2564 3474 quadrigae,
2636 3394 2713 3456 ob
2767 3395 2918 3457 hanc
2976 3417 3237 3468 causam,

651 3500 927 3575 quoniam
973 3498 1046 3558 de
1092 3498 1339 3577 singulis
1386 3498 1565 3560 rebus
1624 3517 1768 3559 non*
1799 3507 1963 3568 sunt,
2011 3498 2234 3558 idcirco
2280 3498 2515 3559 numeri
2559 3506 2695 3559 sunt
2738 3496 3002 3578 pluralis.
3094 3518 3317 3581 ergon)

650 3608 787 3661 sunt
832 3601 1066 3660 nomina
1112 3602 1349 3679 generis
1405 3602 1715 3662 masculini
1783 3602 2015 3661 numeri
2076 3607 2299 3661 tantum
2354 3598 2631 3679 pluraliS,
2690 3618 2894 3663 manes
2952 3602 3238 3673 Quirites.

648 3700 904 3780 legimus
949 3709 1007 3763 et
1053 3701 1305 3783 [genere
1350 3702 1705 3781 masculino]
1755 3705 1988 3763 numeri
2033 3701 2354 3781 singularis
2399 3701 2721 3774 Quiritem,

951 3806 1118 3884 quis
1162 3814 1230 3866 te
1278 3805 1671 3866 redonavit
1716 3804 2096 3877 Quiritem.
3175 3866 3184 3877 ,

648 3906 824 3967 huius
880 3909 1275 3969 nominativus
1332 3910 1444 3969 erit
1499 3908 1791 3981 Quirites;
1853 3926 1971 3968 non
2026 3926 2203 3987 quem
2261 3906 2332 3968 ad
2379 3906 2619 3969 modum
2668 3907 2838 3986 vulgo
2883 3907 3237 3987 loquuntur,

647 4008 749 4068 sed
784 4008 1044 4081 Quirites
1089 4010 1173 4070 sic
1219 4008 1439 4072 lectum
1484 4017 1589 4071 est.
1653 4011 1795 4071 item
1842 4011 2073 4071 numeri
2119 4017 2345 4071 tantum
2393 4008 2569 4070 modo
2615 4008 2861 4090 pluralis
2903 4013 2964 4072 in
3013 4031 3240 4091 genere
3268 4028 3318 4069 ω

646 4112 958 4180 feminino,
1030 4111 1329 4172 nundinae
1393 4113 1577 4173 seriae
1643 4112 1964 4191 quadrigae
2021 4131 2268 4191 mappae
2326 4113 2580 4191 nuptiae.
2673 4131 2812 4174 ecee
2869 4112 2984 4175 hoc
3042 4117 3238 4196 ipsum

788 4300 806 4350 1
854 4300 943 4349 sed
980 4310 1034 4349 ut
1071 4300 1362 4349 alterutrum
1397 4316 1493 4350 non
1532 4300 1714 4349 habeat
1746 4315 1836 4350 om.
1874 4299 1944 4357 A,
1975 4300 2098 4350 add.
2127 4316 2159 4349 a
2300 4301 2332 4349 4
2370 4298 2465 4349 hoc
2499 4300 2786 4367 colligimus
2819 4317 2958 4356 corr.
3001 4303 3098 4353 hoc
3132 4305 3238 4354 eol-

646 4369 863 4435 legimus
889 4370 940 4420 B
978 4371 1074 4420 hoc
1104 4371 1405 4437 collegimus
1436 4370 1521 4420 Ca
1560 4369 1653 4419 hoc
1691 4370 1801 4421 loco
1853 4371 2148 4435 collegimus
2186 4368 2236 4417 A
2378 4379 2502 4434 puta
2553 4373 2603 4419 in
2641 4387 2830 4437 genere
2870 4400 2937 4409 —
2973 4373 3006 4422 9
3046 4390 3235 4440 genere

645 4440 927 4490 masculino
963 4451 1015 4490 ut
1051 4456 1140 4490 om.
1182 4442 1232 4489 A
1262 4443 1314 4490 in
1347 4443 1499 4490 litura
1532 4444 1676 4491 unius
1712 4456 1904 4502 versus,
1943 4441 2065 4493 add.
2102 4456 2136 4487 a
2243 4438 2276 4489 9
2314 4441 2405 4488 sed
2441 4456 2532 4493 om.
2568 4441 2635 4501 Α,
2675 4443 2798 4494 add.
2829 4459 2862 4491 a
2966 4441 3226 4509 Horatius]

644 4512 789 4573 epod.
827 4511 908 4573 17,
943 4510 1011 4561 48
1155 4511 1220 4561 10
1268 4510 1584 4559 nouendialis
1624 4511 1674 4560 A
1820 4511 1880 4561 ll
1929 4511 2058 4559 redit
2092 4510 2142 4559 A
2285 4509 2346 4558 12
2388 4508 2486 4559 hoc
2525 4511 2678 4577 ipsud
2711 4511 2885 4576 Bca,
2923 4530 3014 4563 om.
3048 4515 3096 4563 A

647 4581 712 4631 13
759 4590 807 4631 et
844 4581 1081 4644 quoniam
1129 4595 1227 4631 non
1275 4590 1440 4646 potest
1474 4580 1660 4631 habere
1704 4581 1980 4631 sectionem
2024 4579 2173 4640 BCa
2212 4580 2326 4629 ideo
2364 4579 2414 4628 A
2559 4582 2619 4632 17
2660 4581 2747 4631 illa
2785 4585 2956 4646 posuit
2993 4584 3097 4634 BC

644 4653 704 4701 21
749 4650 904 4702 habes
941 4668 1033 4704 om.
1076 4652 1124 4700 A
1267 4653 1314 4700 in
1346 4647 1614 4715 Sallustio]
1658 4651 1772 4716 luy.
1813 4648 1909 4714 31,
1946 4651 2013 4700 20
2152 4649 2217 4699 24
2256 4651 2372 4698 item
2412 4653 2617 4701 nomina
2651 4654 2845 4701 numeri
2883 4663 3076 4704 tantum
3118 4653 3233 4720 plu—

642 4721 768 4771 ralis
807 4723 856 4771 in
893 4737 1080 4788 genere
1127 4722 1408 4773 masculino
1445 4722 1527 4772 Ca
1577 4723 1694 4770 item
1731 4730 1924 4770 tantum
1969 4734 2230 4769 numerum
2271 4719 2516 4783 pluralem
2560 4723 2608 4771 in
2642 4738 2827 4789 genere
2867 4725 3147 4774 masculino
3180 4725 3232 4773 A

643 4792 762 4840 item
801 4793 851 4841 iu
887 4807 1075 4859 genere
1114 4800 1291 4841 neutro
1333 4794 1525 4841 numeri
1566 4801 1757 4841 tantum
1798 4791 2010 4855 pluralis
2057 4791 2110 4838 in
2147 4805 2334 4853 genere
2372 4792 2653 4843 masculino
2684 4793 2733 4843 B
2884 4795 3098 4844 caucelli
3133 4811 3225 4844 oen.

643 4862 814 4911 ABG
950 4862 1017 4914 26
1053 4861 1351 4929 plerumque
1388 4864 1438 4912 A
1580 4862 1646 4913 33
1685 4860 1819 4927 quis]
1853 4862 1984 4914 Hor.
2019 4876 2173 4913 carm.
2213 4860 2252 4907 ll
2292 4862 2342 4923 7,
2378 4860 2412 4911 3
