3541 5564
628 318 749 383 154
1757 316 2065 377 ΡΟΜΡΕΠ

669 427 985 481 p.131-331..

618 510 691 568 in
736 515 892 568 tota
938 507 1358 586 provincia,
1420 504 1653 565 latine
1710 522 1818 564 nie
1865 506 2169 574 scitote,
2218 523 2360 564 non
2406 505 2883 565 accusatorie
2925 504 3189 584 loqui’;

621 617 679 669 et
721 609 973 670 subiecit
1027 615 1228 687 postea
1287 609 1537 668 ‘etiam
1598 605 1950 686 planius’,
2014 605 2205 667 noluit
2261 607 2459 667 dicere
2516 606 2843 669 ‘latinius’.
2935 624 3076 683 ergo
3128 625 3192 666 ea

622 713 914 792 recipiunt
960 711 1473 790 conparationem,
1524 728 1672 788 quac
1718 717 1856 770 sunt
1914 708 2216 786 qualitatis
2262 715 2322 769 et
2365 711 2723 788 quantitatis,
2812 709 2961 770 haec
3005 716 3193 769 tamen

618 815 819 892 regula
875 832 995 874 non
1052 814 1337 881 recurrit,
1395 811 1454 872 id
1510 801 1601 872 est
1656 830 1772 872 non
1834 812 2030 872 omnia
2088 812 2355 880 nomina,
2414 829 2566 890 quae
2624 818 2761 872 sunt
2805 809 3098 890 qualitatis
3139 817 3197 870 et

618 918 985 997 quantitatis,
1031 915 1329 996 recipiunt
1373 914 1875 993 conparationem.
1966 930 2116 992 quae
2162 920 2356 973 autem
2403 924 2826 993 conparantur,
2873 921 3011 973 sunt
3055 930 3190 990 qua·
3217 930 3241 967 ε,

618 1019 797 1079 litatis
843 1026 900 1078 et
943 1018 1298 1098 quantitatis.
1373 1035 1491 1075 non
1535 1017 1727 1075 omnis
1772 1014 1937 1076 verbi
1989 1033 2167 1074 causa
2224 1016 2321 1095 qui
2383 1017 2615 1094 navigat
2672 1015 3036 1094 gubernator
3092 1024 3191 1085 est,

617 1120 718 1180 sed
778 1122 876 1199 qui
943 1118 1308 1197 gubernator
1376 1127 1468 1178 est
1538 1117 1785 1194 navigat.
1878 1135 2010 1178 nam
2071 1135 2208 1178 ecce
2263 1119 2648 1178 inveniuntur
2701 1116 2891 1198 aliqua
2960 1119 3193 1178 nomina

617 1222 912 1303 qualitatis
958 1229 1015 1281 et
1059 1222 1400 1297 quantitatis
1446 1227 1505 1280 et
1548 1236 1667 1279 non
1712 1220 2008 1298 recipiunt
2053 1221 2556 1298 conparationem.
2649 1219 2971 1281 mediocris
3016 1238 3192 1280 unum

616 1332 840 1384 tautum
887 1323 1130 1400 gradum
1179 1321 1381 1382 habet:
1454 1338 1627 1381 nemo
1673 1320 1816 1379 dicit
1864 1320 2223 1381 mediocrior
2268 1321 2785 1382 mediocrissimus,
2876 1323 3013 1402 pius
3055 1324 3193 1402 piis·

615 1427 800 1486 simus
855 1425 1002 1485 duos
1056 1423 1235 1485 habet
1277 1423 1523 1501 gradus,
1587 1423 1909 1501 positivum
1954 1432 2013 1483 et
2057 1421 2496 1502 superlativum.
2587 1442 2941 1503 quamquam
2987 1431 3046 1484 et
3088 1425 3265 1485 boc¹⁰

618 1529 916 1605 piissimus
959 1526 1309 1604 vituperavit
1338 1526 1543 1586 Cicero
1590 1526 1650 1584 in
1684 1522 2060 1603 Philippicis:
2111 1524 2254 1586 (licit
2297 1528 2453 1585 ‘non
2501 1532 2697 1603 potest
2741 1527 3040 1605 piissimus
3083 1526 3195 1586 dici

616 1647 722 1708 per
780 1647 979 1689 rerum
1036 1631 1358 1689 naturam’.
1447 1625 1764 1686 insultabat
1819 1623 2120 1705 Anto2nio,
2191 1631 2325 1687 ‘tu’
2383 1627 2463 1685 ait
2529 1629 2732 1687 ‘utere
2790 1646 3028 1708 semper
3084 1629 3196 1689 hoc

614 1730 826 1799 verbo,
875 1732 1228 1810 piissimus'.
1321 1736 1517 1788 tamen
1564 1729 1781 1805 Caper,
1830 1726 1931 1788 ille
1978 1729 2256 1806 magister
2300 1730 2544 1806 Augusti
2589 1729 2882 1799 Caesaris,
2934 1728 3199 1791 elabora-

614 1834 696 1893 vit
741 1831 1250 1893 vehementissime
1298 1838 1356 1891 et
1399 1830 1472 1889 de
1519 1829 1786 1910 epistulis
1819 1829 2120 1891 Ciceronis
2165 1828 2401 1908 collegit
2443 1830 2590 1891 haec
2634 1830 2841 1901 verba,
2889 1831 2992 1892 ubi
3038 1832 3195 1893 dixe-

614 1943 707 1996 rat
762 1938 887 2016 ipse
943 1935 1149 1996 Cicero
1208 1933 1555 2011 piissimuss
1615 1933 1767 1992 scias
1827 1933 2103 2011 quoniam
2164 1931 2554 1992 amaritudine
2612 1932 2907 1994 rhetorica
2969 1934 3083 1996 hoc
3144 1937 3196 1996 ei
3223 1957 3266 1993 ιδ

617 2156 757 2217 ergo
815 2146 904 2200 est
957 2137 1270 2216 aliquando
1316 2138 1597 2216 positivus
1642 2144 1701 2197 et
1743 2136 2158 2215 superlativus,
2223 2143 2285 2196 ut
2330 2138 2464 2216 pius
2510 2138 2836 2216 piissimus,
2884 2137 3196 2218 aliquando

615 2242 899 2318 positivus
956 2247 1016 2300 et
1071 2240 1507 2318 conparativuS,
1569 2246 1631 2298 ut
1674 2257 1855 2299 senex
1899 2240 2128 2308 senior,
2177 2237 2490 2319 aliquando
2536 2241 2947 2318 conparativus
2993 2249 3052 2300 et
3096 2261 3192 2302 su·

613 2342 957 2422 perlativus,
1026 2350 1091 2402 ut
1157 2341 1404 2402 ulterior
1469 2339 1742 2410 ultimuS‚
1815 2341 2128 2421 aliquando
2196 2340 2588 2420 superlativus
2643 2349 2901 2411 tantum,
2971 2350 3035 2403 ut
3091 2362 3195 2404 no·

615 2447 898 2506 vissimus.
3221 2469 3265 2506 20

412 2564 528 2624 43¹,
555 2565 588 2611 4
781 2547 883 2607 Est
928 2544 1077 2606 talis‘
1103 2545 1305 2625 regula
1352 2554 1618 2624 recepta:
1665 2553 1834 2606 recta
1877 2547 2221 2625 conparatio
2268 2556 2383 2616 est,
2419 2564 2568 2624 quae
2615 2549 2870 2625 primam
2914 2547 3194 2628 syllabam

615 2667 734 2710 non
779 2656 995 2718 mutat,
1043 2656 1108 2708 ut
1150 2656 1288 2729 puta
1334 2648 1563 2708 doctus
1655 2657 1716 2708 et
1762 2647 1890 2709 vide
1935 2667 2043 2727 per
2087 2666 2293 2708 omnes
2341 2647 2558 2726 gradus
2604 2650 2880 2725 quoniam
2927 2651 3039 2711 ista
3086 2653 3198 2713 erit

614 2750 833 2830 syllaba
865 2752 1056 2831 prior,
1106 2750 1315 2812 doctus
1346 2749 1573 2811 doctior
1606 2749 2014 2821 doctissimus,
2060 2769 2178 2811 non
2210 2752 2484 2812 mutavit:
2534 2749 2672 2812 felix
2704 2750 2937 2813 felicior
2981 2752 3196 2815 felicis-

613 2855 829 2923 simuS,
888 2872 1006 2914 non
1063 2855 1334 2922 mutavit,
1392 2853 1497 2914 sed
1542 2855 1867 2932 permansit
1911 2855 1967 2914 l'e
2012 2852 2253 2933 ubique.
2343 2873 2374 2914 e
2420 2856 2716 2915 contrario
2762 2856 3000 2916 nomina
3046 2875 3194 2935 quae

613 2963 840 3016 mutant
881 2955 1147 3017 anomala
1192 2964 1354 3023 suut,
1407 2952 1594 3017 malus
1637 2956 1805 3034 peior
1850 2936 2167 3033 pessim'us,
2217 2958 2488 3017 mutavit:
2551 2955 2742 3017 bonus
2788 2955 2996 3017 melior
3043 2961 3264 3038 opti-25

612 3076 776 3127 muS,
836 3059 1106 3118 mutavit:
1169 3075 1416 3136 magnus
1470 3058 1656 3117 maior
1714 3058 2033 3126 maximus,
2094 3076 2234 3123 ecce
2291 3060 2555 3118 mutavit.
2647 3065 2706 3120 et
2747 3060 2857 3120 ista
2903 3067 3039 3120 sunt
3083 3064 3192 3121 tria

611 3167 839 3221 tautum
896 3160 1100 3228 modo,
1160 3177 1308 3240 quae
1366 3166 1621 3233 mutant,
1684 3158 1872 3219 bonus
1927 3157 2115 3219 malus
2171 3177 2442 3238 maguus.
2534 3168 2593 3221 et
2646 3179 2710 3221 ea
2759 3154 3194 3223 nomina‘reci-

615 3262 784 3340 piunt
829 3264 1327 3342 conparationem,
1378 3279 1526 3341 quae
1574 3268 1713 3321 sunt
1755 3259 2051 3340 qualitatis
2098 3267 2155 3321 et
2201 3264 2558 3339 quantitatis.
2608 3262 2714 3322 sed
2759 3281 2877 3323 non
2926 3265 3193 3326 ubicum-

613 3381 728 3444 que
787 3363 1035 3442 qualitas
1094 3372 1149 3422 et
1207 3365 1501 3442 quantitas
1556 3363 1761 3431 suerit,
1825 3363 1995 3423 etiam
2043 3365 2387 3444 conparatio
2432 3366 2658 3442 integra
2706 3372 2813 3425 est.
2905 3383 3039 3427 nam
3077 3367 3192 3427 'ali-

613 3464 850 3545 quando
900 3462 907 3545 ζ
954 3466 1286 3526 invenimus
1331 3471 1433 3524 aut
1479 3483 1659 3525 uuum
1706 3464 1954 3542 gradum
2000 3472 2098 3525 aut
2143 3465 2306 3526 duos,
2373 3465 2545 3545 plane
2576 3467 2883 3529 sciendum
2930 3478 3017 3528 est
3062 3487 3262 3529 essem>

613 3566 804 3645 aliqua
861 3568 1097 3627 nomina
1169 3583 1317 3643 quae
1375 3565 1719 3627 naturaliter
1776 3566 1994 3644 gradus
2045 3570 2187 3627 'suos
2248 3577 2631 3648 corrumpant
2688 3568 2758 3628 ad
2815 3569 3189 3647 significatio·

613 3688 778 3739 nem,
826 3668 885 3729 id
932 3678 1023 3729 est
1065 3676 1201 3729 sunt
1243 3667 1438 3745 aliqua
1484 3670 1719 3730 nomina
1766 3686 1916 3746 quae
1957 3669 2302 3730 naturaliter
2341 3670 2612 3731 videntur
2657 3690 2786 3731 csse
2827 3671 3190 3742 diminutiva,

613 3773 842 3832 ratione
888 3779 1083 3832 tamen
1128 3772 1531 3850 conparativa,
1590 3770 2044 3849 grandiusculus
2089 3769 2448 3833 maiusculus
2493 3771 2877 3834 minusculus.
2956 3773 3192 3851 quando

613 3874 862 3934 dicimus
907 3874 1125 3941 maius,
1186 3875 1313 3934 sine
1357 3871 1537 3931 dubio
1584 3875 1998 3951 conparativus
2045 3880 2160 3941 est:
2225 3872 2584 3935 maiusculus
2628 3873 3036 3936 diminutivum
3082 3885 3188 3937 est.
3243 3860 3260 3879 ’

613 3994 750 4035 ecce
806 3974 1114 4034 diminutio
1172 3983 1262 4035 est
1318 3994 1346 4034 a
1404 3976 1797 4061 conparativo.
1890 3992 2031 4054 ergo
2089 3974 2325 4052 quando
2371 3976 2502 4035 dico
2547 3976 3022 4053 grandiusculus,
3071 3997 3261 4058 quo:·..·.

613 4076 787 4136 modo
834 4075 1022 4137 debeo
1054 4076 1252 4137 dicere
1298 4080 1439 4138 istas
1481 4086 1681 4156 partes
1727 4078 2045 4139 orationis?
2092 4080 2330 4139 nomina
2373 4085 2509 4138 sunt
2551 4077 2855 4140 intellectu
2902 4098 3188 4159 conpara-

612 4180 754 4248 tiva,
788 4170 1205 4239 'enuntiatione
1246 4178 1618 4249 diminutiva,
1652 4178 1712 4238 id
1745 4188 1832 4240 est
1876 4198 2024 4240 sono
2056 4179 2394 4240 diminutiva
2414 4228 2427 4248 ‚
2460 4179 2763 4241 intellectu
2794 4184 3187 4261 conparativa.

748 4404 779 4453 2
817 4401 968 4451 etiam
1007 4401 1207 4466 planius
1243 4397 1358 4453 Ga*
1392 4402 1542 4450 etiam
1580 4402 1781 4467 plenius
1807 4402 1856 4451 A
1890 4403 2038 4451 etiam
2081 4444 2256 4456 .....
2287 4401 2489 4468 planius
2525 4417 2623 4452 sea:
2645 4404 2762 4464 sere
2798 4404 2978 4454 litter-12⁹
3016 4404 3191 4454 deletis

614 4470 660 4517 h·
764 4472 822 4522 11
861 4473 1115 4536 uituperat
1152 4471 1228 4519 A:
1269 4472 1579 4535 uituperauit
1615 4473 1780 4521 cicero
1815 4468 1978 4523 cicero
2016 4474 2066 4521 in
2106 4473 2146 4522 G
2249 4473 2299 4520 in
2340 4468 2664 4538 Philippicis]
2707 4472 2820 4524 Xlll
2853 4473 2920 4524 19
2952 4484 3002 4522 tu
3040 4488 3186 4541 porro

613 4556 672 4590 ne
704 4543 815 4607 pios
853 4542 1079 4605 quidem,
1111 4541 1200 4589 sed
1242 4541 1502 4607 piissimos
1539 4544 1758 4606 quaeris,
1786 4554 1834 4592 et
1872 4543 2008 4607 qnod
2035 4542 2242 4591 verbum
2282 4544 2485 4591 omnino
2515 4542 2708 4592 nullum
2741 4544 2789 4592 in
2830 4544 3006 4610 lingua
3036 4545 3186 4593 latina

610 4621 702 4671 est,
737 4613 784 4660 id
823 4622 1027 4677 propter
1059 4620 1195 4661 tuam
1236 4609 1458 4660 divinam
1502 4613 1734 4677 pietatem
1773 4628 1958 4670 novum
1997 4613 2195 4662 inducis
2325 4612 2387 4661 12
2416 4613 2587 4661 antoni
2617 4614 2666 4661 A
2807 4612 2872 4663 13
2910 4614 3186 4664 elaborauit

612 4681 788 4732 Bca*
825 4682 1073 4732 laborauit
1112 4681 1160 4729 A
1304 4684 1367 4733 14
1404 4682 1597 4747 colligit
1635 4684 1748 4731 AB
1900 4683 1963 4733 16
2014 4684 2237 4733 obiceret
2275 4681 2321 4730 B
2470 4683 2534 4732 21
2586 4692 2720 4732 recta
2767 4699 2859 4734 om.
2894 4684 3056 4734 ABG

610 4751 676 4801 24
706 4752 983 4817 permansit
1023 4749 1048 4799 Γ
1080 4752 1266 4813 ubique
1308 4752 1450 4803 BCa
1488 4753 1761 4818 permansit
1804 4754 1986 4816 ubique
2024 4752 2073 4801 A
2213 4752 2281 4802 ⁰28
2318 4752 2620 4814 ubicumque
2657 4751 2910 4815 qualitatis
2948 4762 2997 4803 et
3033 4768 3186 4817 qnan-

611 4821 763 4870 titatis
804 4822 851 4869 A
991 4820 1061 4872 30
1098 4823 1383 4872 iuuenirnus
1426 4833 1511 4872 aut
1551 4837 1702 4871 unum
1741 4823 1852 4871 AB
1889 4824 2176 4871 inuenit-nus
2209 4822 2356 4872 etiam
2393 4838 2547 4870 unum
2584 4822 2660 4870 Cb
