3541 5564
1429 345 1901 407 COMMENTVM
2838 345 2964 409 303

2594 466 2638 507 p.
2663 454 2839 496 459-01
2869 453 2914 493 L.

380 536 428 594 si
474 537 691 595 iterum
739 531 884 593 velis
928 540 992 592 tu
1040 550 1380 612 conponere
1426 540 1701 609 quattuor
1758 542 1859 592 aut
1905 533 2165 609 quinque
2217 552 2425 595 versus
2470 542 2664 595 tamen
2712 532 2784 594 ab
2834 534 2965 613 ipso

383 655 661 699 sermone
720 634 1098 703 inchoantes,
1155 634 1455 713 anaphora
1517 643 1625 695 est.
1730 633 2161 714 epanalempsis
2218 645 2337 705 est,
2405 638 2678 716 quotiens
2732 638 2792 696 in
2843 653 2964 695 uno

383 756 558 799 versu
602 757 786 799 unum
833 747 924 797 est
970 737 1213 798 verbum
1259 738 1320 796 in
1365 736 1535 796 initio
1586 744 1644 796 et
1687 737 1746 796 in
1796 738 1941 806 tine,
1999 745 2064 797 ut
2117 748 2255 818 puta
2311 755 2428 816 quo
2475 738 2655 799 verbo
2702 736 2962 805 inchoaS,

380 842 512 919 ipso
558 838 739 900 verbo
787 841 959 900 etiam
1007 837 1247 908 claudis
1284 847 1350 899 ut

334 953 359 991 5
686 948 852 1002 ante
899 943 1118 1002 etiam
1164 949 1543 1019 sceptrum
1590 940 1879 1003 Dictaei
1925 944 2128 1021 regis
2174 951 2246 1002 et
2289 950 2490 1003 ante:

385 1051 519 1105 ante
566 1053 624 1104 et
668 1053 834 1111 ante,
896 1046 1025 1123 ipso
1081 1042 1261 1103 verbo
1308 1041 1631 1110 inchoavit,
1688 1042 1817 1123 ipso
1877 1043 2057 1104 verbo
2114 1045 2289 1104 etiam
2348 1044 2575 1105 clausit.
2666 1044 2965 1123 epizeuxis

353 1156 476 1205 vest
529 1147 763 1206 iteratio
820 1147 1000 1222 ipsius
1059 1144 1248 1214 verbi,
1324 1144 1427 1206 sed
1486 1146 1616 1205 sine
1673 1143 1974 1206 dilatione.
2063 1145 2176 1205 hoc
2231 1148 2479 1207 interest
2537 1148 2691 1207 inter
2750 1164 2965 1225 epana-

383 1248 636 1328 lempsin
685 1256 745 1308 et
789 1249 1116 1328 epizeuxiu,
1163 1246 1318 1327 quod
1368 1245 1803 1326 epanalempsis
1849 1247 2027 1308 habet
2071 1246 2253 1308 multa
2300 1248 2476 1308 verba
2523 1249 2583 1309 in
2629 1247 2845 1318 medio,

687 1358 857 1410 ante
905 1351 1128 1410 etiam
1173 1357 1548 1426 sceptrum
1595 1347 1881 1409 Dictaei
1926 1347 2126 1428 regis
2172 1358 2241 1411 et
2290 1360 2494 1419 ante:

309 1463 358 1502 10
385 1454 679 1531 epizeuxis
711 1452 935 1512 nullum
970 1450 1214 1512 verbum
1246 1452 1306 1511 in
1338 1449 1539 1518 medio
1566 1449 1762 1519 habet,
1797 1460 1861 1511 ut
1889 1451 2060 1521 ‘me‚
2105 1471 2242 1522 me,
2289 1453 2541 1514 adsum
2587 1454 2708 1533 qui
2754 1453 2964 1512 seci':

385 1557 618 1614 iteravit
664 1554 899 1634 quidem
946 1572 1283 1614 sermonem
1330 1554 1542 1633 ipsum,
1590 1552 1694 1613 sed
1739 1554 1868 1613 sine
1914 1554 2375 1634 intercapedine.

553 1656 968 1718 Paronomasia
1015 1655 1248 1725 dicitur,
1297 1657 1833 1733 quotienscumque
1878 1656 1951 1716 de
1995 1658 2232 1718 nomine
2278 1656 2432 1717 aliud
2467 1658 2721 1718 efficitur
2750 1675 2966 1718 nomen

387 1776 533 1818 sono
588 1757 808 1828 simile,
869 1775 1045 1818 sensu
1106 1756 1418 1827 dissimile,

691 1878 850 1921 nam
897 1862 1231 1936 inceptio
1278 1870 1388 1920 est
1432 1862 1863 1930 amentium,
1911 1860 2086 1922 haut
2129 1863 2554 1923 amantium:
2604 1861 2613 1944 1

313 1974 362 2014 ¹5
388 1967 448 2027 id
481 1974 572 2026 est
612 1966 700 2024 sic
745 1972 916 2023 sonat
944 1980 1166 2030 amens,
1213 1963 1368 2022 sicut
1398 1980 1628 2030 amans;
1676 1981 1825 2023 sono
1857 1962 2047 2023 simile
2080 1970 2185 2033 est,
2230 1982 2408 2024 sensu
2434 1971 2630 2023 tamen
2661 1960 2963 2022 dissimile.

556 2066 792 2127 Schesis
838 2072 1156 2125 onomaton
1203 2071 1320 2124 est:
1378 2062 1676 2124 habebant
1730 2065 1883 2125 hanc
1937 2065 2435 2126 consuetudinem
2478 2048 2732 2142 antiqui,
2792 2064 2967 2125 modo

385 2189 559 2232 nemo
627 2161 765 2228 facit
819 2166 951 2227 hoc.
1041 2165 1267 2227 schesis
1330 2175 1649 2226 onomaton
1717 2175 1810 2226 est
1874 2169 2240 2228 coacervatio
2305 2168 2630 2228 nominum.
2733 2164 2969 2226 difficile

387 2280 474 2332 est
528 2278 592 2331 ut
648 2277 748 2330 aut
801 2270 1038 2329 nomina
1094 2269 1211 2329 sint
1265 2270 1460 2328 omnia
1515 2277 1615 2329 aut
1668 2270 2020 2347 pronomina
2079 2270 2212 2329 sint·
2254 2270 2450 2330 omnia
2504 2276 2604 2328 aut
2660 2268 2970 2346 participia

385 2374 613 2440 omnia:
661 2371 775 2431 hoc
828 2390 940 2451 pro
995 2370 1221 2448 ingenti
1275 2369 1665 2431 adfectatione
1722 2369 2019 2432 faciebant
2075 2372 2327 2433 maiores
2382 2371 2590 2431 nostri.
2677 2368 2971 2429 faciebant

309 2484 642 2544 20versum,
690 2476 750 2533 in
798 2489 914 2550 quo
958 2490 1130 2551 versu
1177 2490 1294 2532 non
1340 2473 1605 2533 invenies
1650 2473 1763 2532 nisi
1811 2474 2008 2533 omnia
2055 2474 2312 2549 nomina,
2361 2483 2426 2534 ut

690 2592 943 2653 magna
991 2592 1274 2643 manus,
1320 2572 1629 2651 Peligna
1674 2574 1972 2644 cohorS,
2021 2576 2322 2636 Vestina
2368 2576 2600 2635 virum
2647 2575 2769 2635 vis.

388 2698 595 2757 magna
641 2694 858 2738 nomen
904 2683 1022 2745 est,
1081 2694 1293 2736 manus
1349 2694 1567 2736 nomen
1614 2684 1727 2745 est,
1785 2675 2027 2756 Peligna
2083 2678 2298 2739 cohors
2341 2677 2583 2737 Vestina
2625 2679 2815 2738 virum
2864 2678 2968 2745 viS,

387 2782 582 2842 omnia
639 2782 748 2842 ista
803 2780 1043 2839 nomina
1098 2786 1262 2849 sunt;
1289 2777 1554 2868 ‘nullam
1610 2777 1785 2840 aliam
1839 2788 2067 2859 partem
2126 2781 2408 2843 orationis
2464 2777 2645 2840 habes
2699 2780 2761 2840 in
2820 2780 2966 2840 istis.

388 2885 501 2943 hoc
559 2891 647 2943 est
702 2882 929 2943 schesis
985 2889 1304 2942 onomaton
1363 2879 1664 2961 [Peligna‚
1721 2880 1781 2940 id
1842 2891 1931 2942 est
1989 2882 2062 2944 de
2106 2883 2395 2962 Peligno‚
2458 2882 2613 2942 unde
2666 2883 2777 2942 fuit
2833 2882 2967 2942 Ovi·

309 2997 360 3036 25
388 2984 569 3066 dius].
662 2983 915 3061 quodam
959 2982 1164 3044 habitu
1210 2983 1557 3064 copulandi:
1634 2983 1742 3043 hoc
1800 2993 1887 3044 est
1932 2986 2092 3044 enim
2137 2993 2340 3046 totum.
2430 3001 2581 3062 quae
2627 2991 2716 3044 est
2758 2999 2971 3060 magna

389 3089 635 3149 manus?
707 3085 968 3164 Peligna.
1058 3105 1210 3166 quae
1265 3086 1458 3146 suerat
1500 3084 1598 3145 illa
1643 3085 1885 3165 Peligna
1937 3086 2185 3147 cohors?
2252 3087 2506 3147 Vestina.
2598 3086 2969 3145 iterationem

386 3208 593 3250 sensus
638 3188 780 3249 fecit
824 3187 1199 3248 multitudine
1244 3190 1572 3249 nominum.
1623 3184 1634 3269 Ι
2288 3256 2294 3262 ,

555 3290 922 3374 Paromoeon
970 3298 1087 3361 est,
1147 3293 1417 3370 quotiens
1474 3289 1546 3349 ab
1603 3289 1791 3350 isdem
1849 3289 2063 3351 litteris
2118 3290 2344 3351 diversa
2400 3288 2578 3351 verba
2622 3294 2967 3368 sequuntur,

388 3411 504 3471 quo
550 3392 726 3453 modo
769 3391 913 3452 illud
959 3392 1143 3452 habes
1188 3390 1342 3471 apud
1391 3389 1731 3469 Vergilium,

311 3508 363 3546 ³0
691 3493 847 3554 sola
893 3492 1070 3553 mihi
1115 3492 1307 3554 tales
1352 3511 1564 3553 casus
1610 3492 2019 3554 Cassandra
2064 3493 2408 3555 canebat:

389 3598 461 3658 ab
507 3598 632 3676 ipsa
679 3594 873 3656 littera
921 3594 1217 3656 inchoavit
1262 3594 1546 3675 plurimas
1574 3603 1777 3675 partes
1818 3597 2122 3657 orationis,
2185 3595 2358 3675 quale
2390 3604 2478 3656 est
2506 3593 2668 3663 illud.
2716 3594 2970 3673 ‘longo

390 3698 546 3759 sale
590 3716 762 3759 saxa
808 3696 1225 3758 sonabant’.
1313 3698 1536 3777 antiqui
1581 3698 1848 3776 integros
1892 3718 2092 3759 versus
2135 3700 2214 3758 ita
2260 3696 2573 3766 faciebant,
2623 3705 2687 3758 ut

697 3819 733 3859 o
779 3799 945 3859 Tite
993 3807 1149 3860 tute
1194 3799 1358 3886 Tati
1404 3798 1547 3859 tibi
1593 3808 1799 3861 tanta
1846 3807 2153 3879 tyranne
2197 3798 2477 3860 tulisti:

391 3921 595 3963 versus
640 3910 729 3962 est
771 3901 1124 3968 Ennianus„

534 4073 557 4123 1
593 4088 882 4139 conponere
905 4071 986 4122 Cb
1023 4080 1342 4121 contemnere
1375 4071 1538 4121 BSP
1638 4072 1671 4122 3
1706 4087 1805 4136 quo
1839 4073 1993 4122 uerbo
2033 4072 2245 4123 inchoas
2280 4074 2392 4139 ipso
2420 4074 2573 4124 uerbo
2613 4071 2769 4135 (corr.
2802 4072 2967 4138 ipsum

391 4159 594 4193 uersum
633 4144 689 4205 ὁ)
728 4145 877 4193 etiam
916 4142 1017 4193 BS
1051 4159 1149 4204 quo
1189 4143 1343 4191 uerbo
1380 4142 1591 4191 inchoas
1630 4143 1798 4209 ipsum
1839 4159 2041 4192 uersum
2082 4145 2193 4209 ipso
2222 4143 2376 4193 uerbo
2414 4145 2567 4193 etium
2605 4145 2647 4194 G
2680 4157 2777 4206 quo
2816 4143 2969 4192 uerbo

389 4213 596 4264 inchoas
625 4214 738 4277 ipso
769 4215 917 4262 etiam
951 4214 1001 4261 P
1173 4215 1204 4260 5
1237 4209 1375 4277 ante]
1421 4214 1576 4277 Very.
1613 4229 1792 4277 9eor9.
1834 4214 1876 4261 l1
1907 4213 2011 4265 536
2185 4214 2246 4264 10
2275 4226 2459 4262 memet
2496 4214 2678 4263 adsum
2714 4212 2835 4275 quid
2873 4211 2969 4261 feci

391 4285 467 4335 P:
513 4286 666 4348 Ver-9.
705 4284 837 4337 Aen.
867 4284 1007 4332 Vtut
1042 4284 1143 4332 427
1319 4282 1434 4331 feci·
1461 4283 1511 4331 in
1550 4298 1629 4331 me
1665 4282 1943 4332 conuertite
1981 4282 2032 4331 B
2208 4284 2271 4334 14
2310 4298 2425 4332 nam
2463 4284 2735 4350 inceptium
2777 4290 2854 4331 est
2889 4281 2974 4331 B.-

397 4352 599 4404 Tea-em.
636 4352 806 4405 Andr.
855 4355 871 4402 l
909 4352 961 4413 3,
1005 4352 1067 4403 13
1207 4349 1351 4415 haut]
1402 4362 1488 4401 aut
1527 4351 1684 4402 BGP
1824 4352 1887 4402 15
1921 4368 2096 4404 amens
2132 4355 2261 4403 sicut
2298 4367 2475 4402 amans
2512 4353 2554 4402 C
2585 4367 2762 4402 amens
2799 4360 2849 4400 ει
2899 4353 2972 4401 sic

391 4440 567 4473 amans
603 4423 654 4473 B
689 4439 865 4473 amens
911 4435 959 4471 ει
1003 4438 1177 4472 amans
1215 4421 1318 4472 SJ'
1455 4423 1517 4472 21
1554 4421 1761 4489 magna]
1803 4421 1975 4472 Mursa
2004 4425 2237 4473 Donatus
2266 4439 2320 4486 p.
2357 4423 2475 4482 398,
2515 4421 2579 4472 19
2616 4423 2875 4473 Charisius
2910 4436 2966 4484 p.

388 4493 510 4558 282,
548 4493 582 4543 6
618 4493 880 4544 Diomedes
909 4509 962 4556 p.
995 4493 1116 4554 446,
1150 4491 1217 4541 26
1354 4492 1538 4542 choors
1578 4492 1617 4541 C
1748 4493 1932 4542 festina
1967 4492 2123 4543 BOS
2136 4495 2200 4553 P,
2235 4495 2346 4543 item
2378 4501 2559 4557 postea
2679 4493 2748 4542 22
2784 4506 2972 4558 magua

389 4591 453 4600 —-
492 4566 655 4613 virum
707 4565 784 4614 vis
821 4579 912 4617 om.
945 4564 996 4613 B
1135 4561 1348 4612 cohoors
1391 4564 1433 4613 C
1569 4564 1637 4612 25
1678 4561 1774 4612 hoc
1811 4572 1889 4612 εοι
1920 4564 2053 4612 enirn
2088 4563 2129 4614 G
2164 4563 2289 4612 haec
2323 4571 2400 4613 est
2439 4564 2575 4613 enim
2614 4561 2664 4610 P
2699 4562 2797 4610 hoc
2832 4564 2970 4611 enim

389 4642 467 4684 est
494 4633 620 4682 BS:
655 4634 882 4697 fortasse
919 4634 1180 4696 antiquum
1219 4642 1294 4681 est
1330 4632 1428 4682 hoc
1465 4640 1623 4682 totum
1789 4633 1857 4682 26
1894 4633 2109 4683 cohoors
2145 4633 2186 4682 C
2359 4630 2427 4684 30
2462 4631 2593 4699 sola]
2642 4634 2802 4697 Vero.
2839 4633 2970 4683 Aen.

394 4706 456 4753 ΙΙΙ
499 4703 597 4755 182
739 4719 920 4753 causas
957 4704 1008 4752 P
1168 4703 1231 4753 31
1271 4700 1446 4769 longo]
1498 4702 1657 4767 Vera.
1688 4703 1818 4753 Aen.
1858 4704 1901 4751 V
1939 4703 2044 4754 866
2213 4702 2279 4753 32
2318 4714 2371 4752 ut
2410 4718 2438 4752 o
2479 4705 2565 4753 tite
2602 4711 2705 4752 tute
2742 4710 2843 4752 tate
2880 4701 2970 4750 tibi

389 4784 531 4824 tanta
565 4775 617 4823 B
649 4784 701 4824 ut
741 4789 769 4822 o
811 4783 863 4822 ιιι
901 4774 987 4822 tite
1016 4773 1095 4835 (ιιι
1123 4775 1208 4823 ιίιε
1239 4771 1292 4836 c)
1329 4774 1416 4823 tibi
1455 4780 1595 4822 tanta
1628 4772 1669 4820 C
1704 4784 1756 4821 ut
1792 4773 1881 4820 tite
1918 4783 2020 4823 tate
2057 4775 2148 4824 tibi
2184 4783 2287 4826 toto
2324 4782 2465 4825 tauta
2489 4774 2531 4826 S
2566 4774 2638 4823 uti
2663 4814 2675 4828 .
2709 4781 2759 4823 ιο
2781 4810 2795 4824 .
2834 4782 2933 4823 tate
2956 4807 2969 4821 .

390 4845 514 4899 tibi.
556 4854 691 4895 tota.
725 4853 864 4894 tauta
896 4845 975 4896 P.-
1011 4845 1144 4897 Enn.
1183 4846 1351 4896 annal.
1394 4845 1414 4895 1
1455 4841 1553 4895 113
1588 4844 1670 4898 ed.
1720 4842 1876 4900 Valu.
