3541 5564
1616 348 1759 411 ARS
2854 353 2981 420 445
3068 376 3075 389 ’

402 539 563 602 haec
607 535 854 621 scripta
897 543 1050 599 sunt
1093 546 1243 600 ante
1288 535 1526 600 librum
1568 535 2014 619 grammatici,
2073 541 2306 618 Septem
2352 546 2844 606 circumstantiae
2886 564 2978 606 re-

403 643 733 718 quirendae
772 648 911 701 sunt
954 643 1015 701 in
1061 658 1185 702 una
1228 659 1468 717 quaque
1510 648 1676 718 arte,
1722 643 1788 702 id
1828 650 1915 702 est
1952 645 2120 703 locus
2173 651 2405 720 tempus
2439 662 2704 722 persona
2741 647 2979 720 factum

403 761 592 806 causa
634 746 843 805 modus
880 742 1158 816 facultas
1201 745 1295 804 vel
1334 746 1646 804 materies:
1688 746 1859 805 locus
1902 762 2021 820 quo
2057 743 2241 815 facta
2283 754 2393 825 est,
2440 755 2668 824 tempus
2710 751 2974 825 quande,

398 863 667 924 persona
723 848 855 920 quis
906 845 1085 923 fecit,
1133 845 1374 920 factum
1429 848 1578 920 quid
1625 846 1810 918 fecit,
1871 864 2060 908 causa
2118 866 2235 923 quo
2280 851 2455 911 modo
2492 849 2670 926 fecit,
2710 849 2982 923 facultas

301 942 307 955 '
405 953 498 1010 vet
537 951 816 1008 materies
860 950 1020 1008 unde
1053 933 1230 1021 fecit.
1291 964 1448 1023 quae
1488 955 1710 1024 septem
1755 950 1844 1008 ita
1887 953 2247 1011 conveniunt
2288 952 2428 1012 huic
2468 954 2644 1012 libro.
2720 959 2979 1029 tempus:

403 1055 464 1112 in
508 1057 773 1127 tempore
799 1050 1033 1110 Iuliani
1069 1052 1357 1123 consulis,
1392 1051 1556 1124 quod
1597 1051 1738 1110 inde
1782 1053 2202 1126 intelleaimus,
2252 1055 2397 1128 quia
2443 1055 2806 1132 Priscianus,
2851 1072 2977 1113 ma-

401 1158 588 1231 qister
634 1154 882 1231 Euticis,
929 1152 1293 1228 temporibus
1334 1154 1598 1212 ciusdem
1644 1153 1874 1213 Iuliani
1903 1153 2051 1225 fuit.
2117 1172 2422 1230 persona:
2482 1158 2679 1217 Eutex
2724 1160 2814 1217 vel
2859 1158 2978 1217 Eu·

403 1260 581 1332 licus,
628 1258 735 1331 qui
773 1258 1210 1329 interpretatur
1244 1252 1602 1327 fortunatus
1648 1257 1739 1313 vel
1785 1255 1951 1327 felix
1995 1257 2088 1317 vel
2127 1257 2314 1317 bonus
2356 1264 2588 1332 textor,
2648 1263 2794 1335 quia
2836 1260 2981 1319 bene

403 1368 461 1419 et
495 1357 764 1431 feliciter
806 1360 1000 1418 texuit
1049 1359 1294 1431 reyulas
1334 1358 1778 1431 qrammaticae
1821 1360 1991 1418 artis.
2073 1357 2315 1430 factum
2360 1361 2494 1435 ipsa
2538 1377 2644 1419 ars
2686 1362 2976 1435 intellcqi-

403 1470 521 1521 tur.
608 1476 828 1534 causa,
885 1462 1028 1535 quia
1074 1459 1389 1531 Craterus,
1437 1476 1580 1519 suus
1625 1459 1990 1537 discipulus,
2037 1462 2372 1535 postulavit
2414 1462 2528 1521 hoc
2572 1477 2720 1537 opus
2759 1463 2835 1522 ab
2879 1465 2981 1523 illo

400 1566 565 1636 sieri,
627 1569 691 1621 ut
740 1564 1069 1637 potuissent
1124 1561 1388 1621 Romani
1435 1577 1799 1634 coqnosccre
1841 1563 2293 1637 coniuqationes
2333 1580 2413 1622 ex
2455 1566 2665 1639 prima
2697 1581 2979 1640 persona,

403 1668 557 1726 sicut
614 1664 864 1737 faciunt
932 1665 1170 1724 Graeci.
1258 1663 1499 1722 modus:
1554 1679 1841 1722 numerus
1903 1664 2198 1724 librorum
2267 1666 2358 1723 vel
2410 1680 2526 1737 quo
2580 1669 2753 1727 modo
2799 1664 2974 1741 fecit,

406 1769 678 1828 videlicet
733 1767 996 1838 artificio
1051 1766 1144 1825 vel
1197 1781 1512 1840 prospere.
1587 1767 1869 1825 materies
1920 1768 2015 1824 vel
2062 1765 2374 1837 facultas:
2429 1768 2589 1827 unde
2623 1766 2805 1841 fecit,
2866 1770 2980 1829 hoc

403 1877 489 1929 est
529 1871 604 1928 de
647 1868 1057 1928 discernendis
1099 1867 1637 1941 coniuqationihus.
1699 1862 1765 1925 in
1795 1862 2264 1948 Bambergensi
2296 1873 2514 1927 autem
2558 1864 2783 1930 codice
2830 1867 2978 1931 sub-

404 1969 647 2053 scripta
690 1973 844 2029 sunt
884 1962 1077 2046 hace,
1125 1970 1401 2028 Euticius
1427 1975 1516 2027 est
1546 1970 1642 2028 vir
1671 1968 2016 2042 inqeniosus
2044 1972 2121 2029 de
2155 1970 2327 2029 Utica
2358 1977 2526 2030 ortus
2559 1975 2872 2045 provintia
2888 1974 2973 2041 ²¹³).

406 2075 684 2133 Brientes
748 2072 1138 2147 appellantur
1191 2072 1397 2130 euticii
1457 2071 1634 2145 quasi
1696 2073 1827 2130 veri
1887 2072 2220 2131 iudiciales.
2308 2073 2531 2132 euticia
2593 2074 2748 2132 enim
2812 2077 2980 2150 apud

393 2174 803 2253 phylosophos
846 2175 1232 2248 appellantur
1274 2187 1418 2231 vera
1462 2173 1708 2231 iudicia.
1800 2174 1961 2232 unde
2005 2174 2208 2233 Eutesc
2253 2175 2595 2250 appellatus
2636 2181 2754 2249 est,
2804 2179 2981 2249 quasi

403 2294 541 2339 vere
582 2277 890 2348 iudicans,
948 2291 1018 2335 eo
1061 2275 1227 2349 quod
1274 2276 1634 2349 sapientiam
1690 2275 1998 2335 iudicavit.
2089 2276 2290 2335 Eutea:
2332 2277 2487 2335 enim
2529 2292 2856 2351 coynomen
2901 2279 2977 2336 de

404 2382 720 2456 aqnomine
773 2384 1073 2437 ornatum.
1164 2370 1444 2456 denique
1499 2372 1583 2436 ab
1640 2370 1762 2435 hoc
1816 2371 2240 2455 grammatico
2284 2395 2414 2438 non
2458 2371 2722 2438 videtur
2765 2373 2973 2439 diver-

404 2502 512 2543 sus
570 2498 714 2542 esse
778 2477 833 2540 is
900 2474 1084 2540 cuius
1152 2482 1463 2560 excerpta
1518 2472 1599 2538 de
1664 2472 2061 2559 aspiratione
2114 2473 2335 2561 posuit
2390 2473 2825 2539 Cassiodorus
2893 2476 2974 2540 de

404 2580 690 2665 orthogr.
721 2602 782 2665 p.
816 2577 1002 2642 2311.
1049 2598 1196 2640 nam
1243 2572 1463 2661 siquid
1507 2572 1811 2660 colligere
1855 2573 2008 2665 licet
2037 2598 2120 2640 ex
2164 2576 2493 2641 tractandi
2538 2585 2604 2640 et
2646 2576 2974 2642 scribendi

403 2682 652 2748 ratione
696 2681 764 2744 in
806 2678 951 2743 istis
999 2677 1357 2771 excerptis,
1389 2676 1704 2762 conplura
1744 2677 2003 2762 utrique
2048 2677 2348 2763 scriptori
2395 2679 2758 2742 communia
2801 2689 2970 2743 sunt.

401 2787 455 2852 is
502 2785 706 2870 igitur
749 2779 1113 2867 Eutychem
1158 2779 1329 2844 dixit
1371 2780 1438 2843 in
1483 2778 1762 2845 rubricis
1806 2804 1870 2867 p.
1914 2779 2083 2845 2280
2127 2785 2418 2862 Eutychis
2462 2786 2537 2844 de
2579 2785 2973 2865 aspiratione,

399 2890 514 2954 ubi
557 2892 748 2952 euthis
788 2906 954 2950 corr.
1000 2888 1238 2947 eutichis
1280 2881 1481 2946 habet
1525 2880 1734 2947 codex
1779 2882 2127 2947 Bernensis
2171 2884 2318 2963 330,
2365 2889 2539 2947 uticis
2581 2882 2724 2947 cod.
2757 2882 2971 2948 Paris.

402 2990 598 3070 7495,
655 2997 719 3052 et
777 3009 841 3073 p.
887 2985 1085 3064 2311,
1139 2983 1253 3048 ubi
1306 2989 1557 3048 eutichis
1615 2982 1830 3049 deleta
1885 2994 2114 3071 postca
2169 3007 2198 3050 s
2255 2984 2472 3051 littera
2527 2984 2723 3049 habet
2764 2985 2973 3051 codex

401 3088 751 3156 Bernensis
797 3088 955 3167 330,
1001 3092 1152 3150 eutis
1195 3107 1362 3151 corr.
1407 3084 1489 3150 al.
1534 3108 1619 3149 m.
1663 3093 1856 3151 eutius
1899 3087 2041 3151 cod.
2087 3085 2279 3151 Bern.
2322 3087 2473 3167 243,
2519 3093 2785 3152 euticetis
2827 3087 2967 3152 cod.

401 3193 606 3257 Paris.
652 3189 851 3271 7495,
908 3200 974 3254 et
1027 3186 1110 3252 de
1161 3187 1391 3252 iisdem
1449 3187 1773 3273 excerptis
1829 3188 2054 3252 dicens
2112 3186 2190 3252 de
2249 3187 2453 3251 instit.
2500 3187 2705 3254 divin.
2752 3190 2969 3275 script.

401 3318 455 3359 e.
502 3295 585 3359 30
629 3316 692 3379 p.
736 3291 861 3355 478
905 3288 1009 3354 ed.
1056 3290 1307 3355 Genev.
1357 3311 1413 3353 a.
1453 3290 1649 3371 1656,
1695 3295 2139 3369 orthoqraphos
2183 3295 2461 3369 antiquos
2502 3295 2708 3369 leqant
2737 3328 2818 3339 -
2850 3296 2969 3355 Eu-

400 3403 593 3461 tichen
639 3402 715 3460 de
757 3398 1151 3473 aspiratione.
1229 3391 1421 3456 editis
1467 3400 1683 3455 autem
1727 3389 1915 3456 libris
1972 3390 2055 3455 de
2099 3390 2300 3455 verbo
2344 3391 2626 3477 primum
2672 3389 2969 3456 Camera-

400 3502 532 3563 rius
587 3494 876 3581 Eutychi
929 3517 1162 3560 nomen
1230 3494 1636 3577 praeposuit,
1704 3501 1967 3557 secutus
2038 3492 2211 3557 haud
2267 3485 2464 3557 dubie
2518 3493 2969 3558 auctoritatem

400 3600 642 3666 codicis
701 3597 828 3678 sui,
883 3599 950 3661 in
1007 3618 1133 3682 quo
1189 3601 1373 3660 eutici
1424 3594 1733 3681 scriptum
1789 3595 2157 3677 invenerat3
2215 3593 2451 3659 deinde
2497 3594 2839 3660 Putschius
2885 3619 2966 3660 ex

399 3702 695 3766 Parisino
750 3697 1005 3780 codice,
1062 3720 1189 3784 quo
1245 3719 1390 3761 eum
1444 3718 1633 3760 usum
1690 3717 1835 3761 esse
1891 3718 2089 3783 supra
2141 3696 2311 3777 dixi,
2359 3701 2647 3779 Eutychis
2691 3699 2965 3783 recepit3

399 3816 723 3892 postremo
764 3799 1246 3864 Lindemannus
1277 3798 1621 3864 Bobiensis
1666 3797 1912 3864 codicis
1957 3797 2437 3884 subscriptione
2481 3797 2803 3863 adductus
2849 3809 2969 3880 est,

398 3918 472 3972 ut
537 3902 933 3989 Eutychium
987 3923 1215 3966 verum
1271 3923 1412 3964 esse
1467 3922 1703 3965 nomen
1756 3900 2211 3983 contenderet,
2281 3898 2455 3986 quod
2510 3899 2665 3965 inde
2716 3899 2800 3965 ab
2855 3899 2967 3966 illo

399 4021 687 4095 tempore
739 4002 938 4088 vulgo
994 4004 1338 4090 probatum
1396 4012 1523 4083 est,
1588 4002 1974 4089 praesertim
2041 4024 2186 4065 cum
2252 4000 2379 4067 hoc
2440 4002 2697 4065 nomine
2764 4001 2968 4066 fuisse
3031 3998 3036 4003 ’

397 4110 670 4176 latinum
714 4106 1207 4193 grammaticum
1262 4104 1659 4190 temporibus
1705 4104 1790 4169 M.
1837 4103 2152 4168 Antonini
2197 4111 2450 4168 constet
2491 4113 2756 4167 auctore
2800 4102 2967 4167 Iulio

399 4210 766 4298 Capitolino
811 4209 928 4274 vit.
977 4208 1217 4271 Anton.
1266 4204 1498 4292 philos
1545 4228 1600 4270 c.
1644 4207 1702 4269 2.
1794 4205 2098 4270 Osannus
2144 4205 2419 4291 symbol.
2465 4203 2589 4270 litt.
2635 4204 2704 4268 II
2749 4227 2811 4289 p.
2848 4205 2969 4267 164

399 4315 689 4401 probatis
735 4309 1172 4376 Lindemanni
1216 4307 1578 4373 rationibus
1623 4317 1841 4371 tamen
1887 4307 1955 4369 in
1997 4306 2240 4371 incerto
2284 4306 2777 4392 relinquendum
2823 4327 2966 4369 esse

568 4501 620 4567 *)
657 4503 762 4552 Vix
799 4500 946 4551 credi
984 4503 1165 4566 potest
1199 4498 1301 4548 has
1336 4497 1578 4563 ineptias
1622 4496 2102 4561 grammaticorum
2140 4512 2206 4547 ex
2243 4511 2412 4562 pravo
2449 4494 2816 4560 etymologiae
2852 4500 2964 4546 stu-

401 4589 488 4638 dio
524 4593 673 4638 ortas
708 4585 955 4636 fraudem
992 4584 1190 4635 fecisse
1227 4582 1364 4634 viris
1397 4581 1590 4644 doctis,
1631 4596 1760 4646 quos
1798 4581 1864 4632 de
1901 4579 2168 4631 Africana
2205 4579 2469 4644 Eutychis
2505 4580 2719 4644 origine
2756 4581 2964 4646 cogita-

401 4677 547 4723 visse
600 4671 792 4721 scribit
842 4670 1102 4722 Barthius
1159 4668 1375 4720 advers.
1410 4668 1486 4717 XI
1523 4669 1554 4715 2
1592 4683 1644 4732 p.
1681 4668 1781 4716 514
1834 4666 1929 4716 ‘ex
1975 4665 2204 4730 reliquis
2250 4665 2318 4714 ab
2365 4664 2614 4729 Eutyche
2669 4663 2964 4729 aliquando

404 4757 772 4810 Grammatico
815 4756 1072 4807 laudatur
1120 4751 1406 4820 (Statius),
1452 4752 1669 4803 homine
1708 4751 1923 4802 Graeco
1959 4756 2019 4801 ut
2054 4751 2245 4815 crede,
2282 4750 2371 4802 vel
2407 4750 2563 4812 Afro,
2603 4753 2663 4798 ut
2697 4741 2965 4802 Pithaeus

401 4848 458 4895 et
492 4841 589 4893 alii
623 4840 987 4907 suspicantur,
1026 4840 1122 4893 scd
1159 4840 1377 4892 Latinis
1415 4838 1732 4891 auctoribus
1767 4835 2056 4889 versandis
2090 4835 2346 4902 diligenti
2382 4839 2439 4886 et
2472 4832 2793 4888 industrio‘.
