3541 5564
580 325 706 390 332
1673 324 2075 388 CONSENTIl

581 510 725 575 lect.
783 534 847 596 p.
899 512 1038 574 183.
1085 509 1229 572 204.
1279 510 1421 574 218.
1467 510 1611 571 219.
1684 508 1923 573 librum
1982 507 2061 572 de
2118 508 2549 572 barbarismis
2608 518 2674 572 et
2718 505 3161 592 metaplasmis

579 637 612 675 3
659 612 882 676 codice
929 612 1309 675 Monacensi
1354 611 1752 695 descriptum
1798 632 1837 673 a
1879 609 2183 673 Cramero
2230 608 2439 674 edidit
2482 609 2919 673 Buttmannus
2964 608 3162 672 Bero-

575 712 690 776 lini
737 736 794 776 a.
847 713 1028 775 1817.

751 816 922 878 Ante
969 835 1110 877 cam
1156 822 1471 892 aetatem,
1518 835 1646 898 qua
1689 813 1945 878 codices
1978 834 2140 898 quos
2172 835 2345 876 nunc
2372 810 2687 876 habemus
2721 810 2942 896 scripti
2988 821 3160 891 sunt,

575 917 620 978 ii
668 917 808 1001 qui,
863 922 937 978 ut
982 914 1335 979 commodis
1392 914 1718 978 inferioris
1779 914 2090 1000 temporis
2137 924 2203 978 et
2260 913 2497 978 studiis
2550 911 2917 978 scholarum
2964 912 3159 975 servi-

575 1026 752 1098 rent,
813 1017 892 1080 de
949 1017 1372 1099 grammatica
1427 1025 1565 1080 arte
1622 1015 2025 1102 scripserunt
2070 1016 2406 1080 Consentii
2462 1015 2667 1079 libros
2715 1021 3162 1078 tractaverunt

577 1128 641 1180 et
686 1117 1007 1203 quaedam
1054 1118 1247 1181 exiis
1279 1116 1612 1203 adscripto
1643 1118 2048 1201 grammatici
2096 1118 2355 1182 nomine
2399 1117 2466 1179 in
2512 1137 2663 1180 suos
2708 1113 2907 1179 libros
2955 1123 3160 1179 trans-

575 1218 885 1283 tulerunt.
976 1240 1011 1281 e
1055 1219 1293 1304 quibus
1341 1219 1775 1304 scriptoribus
1821 1241 2008 1283 nemo
2062 1221 2320 1303 saepius
2366 1217 2491 1282 hoc
2534 1216 2956 1301 grammatico
3001 1238 3159 1279 usus

575 1329 705 1399 est,
753 1342 952 1405 quam
984 1319 1284 1383 Clemens
1316 1318 1579 1401 Scotus,
1625 1321 1736 1405 qui
1769 1321 1994 1405 primis
2042 1319 2283 1384 sacculi
2330 1319 2480 1382 noni
2525 1319 2710 1382 annis
2743 1320 2823 1382 de
2851 1318 3160 1381 universa

573 1431 711 1485 arte
767 1420 1194 1504 grammatica
1248 1420 1531 1506 scripsit.
1623 1432 1808 1486 extat
1865 1430 2083 1486 autem
2141 1423 2279 1485 eius
2337 1418 2504 1484 liber
2548 1418 2804 1505 plenius
2850 1440 3043 1504 quam
3089 1418 3155 1479 in

573 1520 716 1585 aliis
774 1519 1109 1585 codicibus
1167 1521 1448 1606 scriptus
1515 1523 1581 1585 in
1636 1521 1864 1586 codice
1921 1522 2393 1606 Bambergensi
2452 1521 2540 1586 M.
2602 1520 2686 1584 V.
2748 1520 2854 1602 183
2894 1522 3155 1606 ‘partes

571 1622 892 1709 quaedam
924 1621 1218 1686 eiusdem
1265 1622 1414 1686 libri
1455 1623 1735 1709 scriptae
1782 1635 1933 1688 sunt
1978 1625 2043 1686 in
2090 1623 2315 1688 codice
2348 1621 2705 1686 Elnonensi
2752 1619 2855 1686 vel
2890 1621 3156 1685 Sancta-

573 1723 880 1787 mandino
925 1745 1116 1808 quem
1162 1722 1314 1785 olim
1363 1723 1525 1806 dixi,
1572 1725 1890 1789 Beruensi
1942 1724 2082 1806 123,
2128 1725 2438 1789 Leidensi
2470 1722 2660 1786 VosS.
2709 1723 2813 1786 33.
2858 1723 2920 1802 4,
2966 1722 3155 1805 Regi-

570 1825 754 1888 nfflisi
804 1825 995 1904 1442,
1045 1824 1126 1888 (13
1173 1824 1408 1911 quibus
1455 1825 1704 1890 dictum
1752 1835 1857 1890 est
1904 1825 2028 1891 vol.
2078 1826 2109 1889 I
2154 1825 2362 1911 praef.
2411 1848 2471 1910 p.
2527 1824 2703 1888 XIX
2748 1846 2889 1909 sqq.
2904 1871 2921 1904 ,
2979 1833 3046 1888 et
3089 1823 3154 1884 in

570 1925 790 1991 codice
846 1925 1154 1989 Leidensi
1213 1924 1370 1989 bibl.
1434 1926 1612 2011 publ.
1677 1927 1798 1991 135
1855 1926 2104 1990 decimo
2165 1925 2426 1991 saeculo
2495 1927 2760 2010 script0.
2852 1925 2918 1987 in
2984 1922 3154 1987 hunc

572 2028 772 2111 igitur
818 2026 1173 2091 Clementis
1220 2026 1457 2091 librum
1507 2050 1654 2092 cum
1700 2029 1978 2092 aliorum
2023 2029 2595 2111 grammaticorum
2655 2036 2964 2111 excerpta
3018 2035 3153 2088 tum

568 2128 904 2194 Consentii
961 2138 1025 2191 et
1082 2151 1164 2191 ex
1220 2127 1387 2195 libro
1436 2129 1517 2192 de
1562 2129 1820 2194 nomine
1865 2140 1930 2193 et
1974 2130 2175 2194 verbo
2224 2139 2290 2193 et
2334 2152 2415 2192 ex
2461 2150 2535 2192 eo
2581 2128 2694 2214 qui
2740 2138 2840 2191 est
2884 2128 2963 2190 de
3007 2127 3153 2190 bar-

568 2232 870 2294 barismis
919 2241 984 2294 et
1014 2229 1461 2314 metaplasmis
1492 2240 1755 2316 recepta
1787 2240 1958 2295 sunt.
2020 2240 2360 2315 praeterea
2405 2230 2469 2292 in
2517 2230 2793 2312 ‘eclogis
2841 2229 2923 2291 de
2967 2228 3151 2292 libris

567 2331 1141 2412 grammaticorum
1162 2339 1203 2412 ’,
1265 2354 1430 2417 quae
1476 2332 1543 2393 in
1602 2331 1828 2397 codice
1876 2331 2421 2415 Sangermanensi
2469 2331 2629 2393 1188
2676 2331 2960 2414 scriptae
3004 2339 3155 2392 sunt

569 2453 737 2494 nono
783 2429 1077 2511 saeculo,
1138 2431 1204 2494 in
1260 2441 1543 2497 tractatu
1601 2432 1681 2495 de
1738 2433 1976 2512 verbo,
2034 2433 2145 2514 qui
2204 2433 2269 2494 in
2327 2431 2553 2496 eodem
2598 2431 2822 2496 codice
2868 2430 3149 2515 scriptus

567 2542 669 2596 cst
713 2531 943 2596 addita
998 2533 1420 2617 inscriptione
1478 2541 1619 2596 ‘ars
1666 2532 2121 2613 malsachani’,
2181 2533 2249 2595 in
2294 2532 2420 2596 alio
2468 2543 2750 2596 tractatu
2800 2531 2880 2595 de
2927 2532 3148 2610 verb0,

566 2634 677 2719 qui
724 2644 827 2697 cst
871 2631 939 2695 in
984 2632 1208 2697 codice
1238 2634 1535 2697 Parisino
1584 2634 1745 2696 7491
1796 2656 1966 2696 saec.
2000 2633 2087 2715 X,
2135 2634 2201 2695 in
2248 2646 2389 2698 arte
2433 2634 2862 2715 grammatica
2906 2633 3150 2698 codicis

573 2735 858 2799 Parisini
906 2734 1073 2798 7570
1116 2757 1284 2799 sace.
1336 2733 1473 2817 XI,
1519 2736 1585 2798 in
1631 2736 2100 2801 commentario
2146 2735 2211 2799 in
2259 2736 2589 2800 Donatum
2638 2736 2704 2798 in
2751 2735 2975 2800 codice
3010 2733 3146 2799 Mo-

567 2838 831 2900 nacensi
891 2837 1034 2898 Em.
1083 2837 1163 2900 G.
1218 2837 1333 2898 121
1393 2857 1562 2900 saec.
1614 2836 1678 2898 X
1736 2837 2073 2900 Consentii
2132 2838 2507 2900 memoriam
2554 2837 2797 2901 factam
2845 2847 2910 2900 et
2954 2859 3145 2922 quae-

563 2940 711 3001 dam
761 2960 841 3000 ex
890 2938 1025 3000 cius
1072 2936 1257 3001 libris
1305 2936 1636 3023 descripta
1679 2938 1920 3001 inveni.
1984 2939 2143 3001 haec
2188 2938 2386 3021 igitur
2431 2938 2648 3003 onmia
2691 2961 2856 3023 quae
2900 2938 3007 3001 isti
3053 2939 3143 3000 in-

564 3039 819 3102 ferioris
865 3039 1100 3102 aetatis
1148 3038 1501 3122 scriptores
1548 3061 1631 3101 ex
1675 3037 1862 3103 libris
1910 3039 2244 3103 Consentii
2289 3049 2677 3124 receperunt
2721 3041 2804 3103 ab
2850 3039 2930 3102 iis
2977 3062 3145 3124 quae

562 3163 734 3203 nunc
779 3140 845 3201 in
893 3138 1223 3203 codicibus
1270 3138 1474 3223 ipsius
1520 3141 1928 3223 grammatici
1974 3139 2247 3224 legimus
2283 3139 2545 3204 diversa
2575 3164 2704 3204 non
2736 3150 2908 3204 sunt.
2956 3140 3145 3225 plura

563 3251 778 3304 tamen
836 3242 918 3302 ab
976 3263 1050 3303 eo
1109 3239 1190 3302 (13
1246 3243 1673 3321 gramma-tica
1726 3251 1867 3304 arte
1924 3244 2168 3327 scripta
2225 3264 2368 3305 esse
2425 3243 2583 3305 satis
2640 3252 2814 3305 certa
2867 3244 2934 3305 in
2978 3242 3141 3326 ipsis

560 3342 747 3405 libris
805 3339 1087 3425 produnt
1143 3340 1419 3422 indicia,
1477 3367 1539 3428 p.
1585 3344 1752 3406 2035
1812 3365 1973 3406 nunc
2030 3349 2105 3405 de
2170 3349 2459 3419 an'aloqia
2513 3356 2573 3406 et
2627 3350 2703 3408 de
2755 3350 3010 3424 requIiS,
3068 3350 3143 3406 de

561 3449 769 3522 quibus
818 3448 1023 3522 prima
1061 3454 1244 3521 parte
1295 3449 1442 3508 libri
1480 3449 1659 3507 leuius
1701 3452 1841 3507 iura
1886 3448 2182 3520 quaedam
2228 3449 2573 3515 libavimus,
2622 3467 2775 3525 qnae
2815 3458 2954 3509 sunt
2995 3456 3140 3523 apta

562 3551 850 3620 dicemus,
909 3567 972 3629 p.
1019 3543 1188 3607 2064
1232 3568 1326 3629 sq.
1386 3550 1631 3624 quidam
1688 3556 1886 3608 tamen
1947 3550 2358 3609 adnumerant
2397 3554 2721 3625 praeteriti
2759 3553 3038 3627 temporis
3081 3558 3138 3608 et

551 3649 757 3721 futuri
798 3650 979 3709 verba
1009 3651 1302 3708 ulteriora
1333 3652 1394 3709 in
1428 3652 1720 3725 passivis,
1773 3653 2021 3723 quaein
2053 3651 2455 3711 declinatione
2488 3668 2793 3726 ponemus,
2841 3647 2921 3710 de
2953 3649 3135 3711 barb.

559 3769 622 3830 p.
668 3746 750 3807 28
796 3746 897 3809 cd.
945 3747 1192 3809 Buttm.
1244 3753 1539 3822 artificali
1591 3754 1832 3810 ratione
1886 3759 2029 3825 quot
2070 3753 2260 3811 modis
2318 3757 2632 3813 accusatio
2675 3756 2895 3826 evenit,
2934 3756 3132 3828 plene,

558 3868 691 3910 cum
737 3851 813 3908 de
854 3853 1100 3927 syllabis
1143 3858 1493 3924 tractarem,
1544 3853 2057 3927 comprehendisse
2098 3869 2191 3911 me
2231 3856 2376 3913 scio.
2445 3850 2663 3935 itaque
2709 3861 2774 3914 et
2818 3851 2900 3914 de
2947 3849 3137 3936 sylla—

558 3947 660 4010 bis
708 3948 1161 4012 communibus
1223 3949 1402 4030 (nam
1446 3948 1513 4010 in
1557 3947 1680 4012 hac
1735 3958 1923 4034 parte
1968 3971 2045 4013 ea
2090 3972 2254 4035 quae
2300 3950 2460 4015 dicit
2503 3953 2764 4017 tractari
2811 3950 3138 4035 solebant)

558 4049 943 4133 scripserat,
1000 4059 1066 4112 et
1121 4049 1186 4113 in
1244 4042 1564 4134 princi'pio
1623 4050 1760 4114 eius
1821 4051 2282 4137 disputationis
2342 4074 2507 4138 quae
2562 4064 2662 4118 est
2718 4054 2796 4117 de
2840 4053 3135 4138 partibus

556 4151 863 4215 orationis
898 4151 978 4213 de
1009 4149 1251 4234 regulis
1299 4161 1364 4214 et
1408 4151 1489 4215 de
1520 4150 1826 4236 analogia
1870 4153 2163 4234 dixerat,
2209 4162 2275 4216 et
2316 4155 2778 4218 commentario
2821 4153 2902 4217 de
2933 4155 3134 4218 verbo

556 4250 1024 4315 declinationes
1102 4252 1451 4318 verborum
1526 4254 1916 4317 subiecerat.
2005 4276 2281 4339 quorum
2355 4255 2517 4317 nihil
2588 4261 2762 4319 nunc
2834 4253 3133 4338 legimus.

555 4352 834 4437 denique
892 4353 976 4416 ad
1031 4345 1391 4418 extremam
1446 4363 1698 4439 partem
1757 4355 1919 4419 artis
1965 4354 2295 4440 pertinent
2339 4378 2503 4440 quae
2550 4379 2618 4419 se
2665 4355 2744 4419 (13
2790 4356 3133 4420 structuris

553 4454 941 4538 scripturum
988 4477 1130 4517 esse
1187 4456 1346 4519 dicit
1392 4454 1471 4519 de
1518 4456 1700 4519 barb.
1753 4479 1816 4541 p.
1870 4456 1981 4537 18,
2026 4463 2135 4520 sed
2176 4461 2251 4518 de
2293 4460 2407 4518 leoc
2448 4478 2672 4534 (seuere
2715 4463 2960 4521 vitando
3002 4463 3129 4520 lon—

548 4578 691 4632 qum
757 4567 844 4619 est
898 4578 1059 4620 nunc
1124 4563 1466 4637 disputare,
1537 4579 1668 4621 cum
1727 4564 1804 4621 sit
1859 4563 2008 4621 milei
2055 4563 2400 4637 propositus
2450 4564 2742 4636 proprius
2794 4564 3001 4621 titulus
3057 4564 3134 4621 de

548 4668 994 4721 structurarum
1040 4666 1279 4723 ratione
1322 4668 1444 4722 etc.
1491 4681 1573 4721 ex
1616 4657 1717 4721 his
1763 4661 2057 4724 conicere
2103 4657 2253 4723 licet
2297 4656 2457 4722 duos
2502 4658 2706 4722 libros
2753 4680 2912 4744 quos
2960 4682 3131 4724 nunc

550 4757 864 4821 habemus
910 4780 1036 4823 non
1083 4758 1257 4824 solos
1305 4783 1344 4823 a
1389 4761 1704 4844 scriptore
1751 4760 1988 4840 editos„
2022 4759 2139 4823 sed
2172 4782 2254 4821 ex
2287 4753 2528 4822 maiore
2575 4781 2796 4844 opere,
2845 4783 2972 4845 quo
3019 4760 3130 4827 ille
