<?xml version="1.0" encoding="UTF-8"?>
<!DOCTYPE html PUBLIC "-//W3C//DTD XHTML 1.0 Transitional//EN"
    "http://www.w3.org/TR/xhtml1/DTD/xhtml1-transitional.dtd">
<html xmlns="http://www.w3.org/1999/xhtml" xml:lang="en" lang="en">
 <head>
  <title>
</title>
<meta http-equiv="Content-Type" content="text/html;charset=utf-8" />
  <meta name='ocr-system' content='tesseract 3.04.00' />
  <meta name='ocr-capabilities' content='ocr_page ocr_carea ocr_par ocr_line ocrx_word'/>
</head>
<body>
  <div class='ocr_page' id='page_1' title='image "./grammaticilatin10keilgoog_0500.png"; bbox 0 0 3541 5564; ppageno 0'>
   <div class='ocr_carea' id='block_1_1' title="bbox 577 340 2059 405">
    <p class='ocr_par' dir='ltr' id='par_1_1' title="bbox 577 340 2059 405">
     <span class='ocr_line' id='line_1_1' title="bbox 577 340 2059 405; baseline -0.001 0"><span class='ocrx_word' id='word_1_1' title='bbox 577 340 705 405; x_wconf 80' lang='lat'>492</span> <span class='ocrx_word' id='word_1_2' title='bbox 1665 340 2059 404; x_wconf 82' lang='lat' dir='ltr'><strong>AVGVSTINI</strong></span> 
     </span>
    </p>
   </div>
   <div class='ocr_carea' id='block_1_2' title="bbox 573 521 3157 3986">
    <p class='ocr_par' dir='ltr' id='par_1_2' title="bbox 573 521 3157 3986">
     <span class='ocr_line' id='line_1_2' title="bbox 579 521 3153 613; baseline -0.003 -22"><span class='ocrx_word' id='word_1_3' title='bbox 579 527 727 591; x_wconf 89' lang='lat' dir='ltr'>fert.</span> <span class='ocrx_word' id='word_1_4' title='bbox 815 548 1025 613; x_wconf 88' lang='lat' dir='ltr'>neque</span> <span class='ocrx_word' id='word_1_5' title='bbox 1077 524 1214 590; x_wconf 90' lang='lat' dir='ltr'>ulla</span> <span class='ocrx_word' id='word_1_6' title='bbox 1265 546 1467 590; x_wconf 88' lang='lat' dir='ltr'>causa</span> <span class='ocrx_word' id='word_1_7' title='bbox 1519 534 1620 589; x_wconf 86' lang='lat' dir='ltr'>est</span> <span class='ocrx_word' id='word_1_8' title='bbox 1671 545 1788 589; x_wconf 90' lang='lat' dir='ltr'>cur</span> <span class='ocrx_word' id='word_1_9' title='bbox 1841 523 2119 590; x_wconf 89' lang='lat' dir='ltr'>alterum</span> <span class='ocrx_word' id='word_1_10' title='bbox 2161 524 2555 609; x_wconf 87' lang='lat' dir='ltr'>genuinum,</span> <span class='ocrx_word' id='word_1_11' title='bbox 2601 521 2874 587; x_wconf 88' lang='lat' dir='ltr'>alterum</span> <span class='ocrx_word' id='word_1_12' title='bbox 2919 543 3153 608; x_wconf 87' lang='lat' dir='ltr'>suppo-</span> 
     </span>
     <span class='ocr_line' id='line_1_3' title="bbox 579 622 3156 711; baseline -0.003 -17"><span class='ocrx_word' id='word_1_13' title='bbox 579 630 776 694; x_wconf 92' lang='lat' dir='ltr'>situm</span> <span class='ocrx_word' id='word_1_14' title='bbox 818 650 962 694; x_wconf 88' lang='lat' dir='ltr'>esse</span> <span class='ocrx_word' id='word_1_15' title='bbox 1006 628 1319 708; x_wconf 89' lang='lat' dir='ltr'>dicamus,</span> <span class='ocrx_word' id='word_1_16' title='bbox 1352 625 1460 693; x_wconf 87' lang='lat' dir='ltr'>vel</span> <span class='ocrx_word' id='word_1_17' title='bbox 1504 648 1620 691; x_wconf 91' lang='lat' dir='ltr'>cur</span> <span class='ocrx_word' id='word_1_18' title='bbox 1661 628 1731 690; x_wconf 93' lang='lat' dir='ltr'>in</span> <span class='ocrx_word' id='word_1_19' title='bbox 1775 626 2146 693; x_wconf 82' lang='lat' dir='ltr'>breviatam</span> <span class='ocrx_word' id='word_1_20' title='bbox 2189 636 2393 690; x_wconf 90' lang='lat' dir='ltr'>artem</span> <span class='ocrx_word' id='word_1_21' title='bbox 2438 624 2631 711; x_wconf 90' lang='lat' dir='ltr'>plura</span> <span class='ocrx_word' id='word_1_22' title='bbox 2660 622 2980 689; x_wconf 89' lang='lat' dir='ltr'>translata</span> <span class='ocrx_word' id='word_1_23' title='bbox 3008 646 3156 688; x_wconf 88' lang='lat' dir='ltr'>esse</span> 
     </span>
     <span class='ocr_line' id='line_1_4' title="bbox 579 725 3154 816; baseline -0.002 -21"><span class='ocrx_word' id='word_1_24' title='bbox 579 753 663 795; x_wconf 85' lang='lat' dir='ltr'>ex</span> <span class='ocrx_word' id='word_1_25' title='bbox 705 729 984 815; x_wconf 90' lang='lat' dir='ltr'>genuino</span> <span class='ocrx_word' id='word_1_26' title='bbox 1029 730 1199 795; x_wconf 92' lang='lat' dir='ltr'>libro</span> <span class='ocrx_word' id='word_1_27' title='bbox 1254 738 1551 814; x_wconf 90' lang='lat' dir='ltr'>putemus</span> <span class='ocrx_word' id='word_1_28' title='bbox 1609 751 1806 816; x_wconf 90' lang='lat' dir='ltr'>quam</span> <span class='ocrx_word' id='word_1_29' title='bbox 1858 730 1927 793; x_wconf 89' lang='lat' dir='ltr'>in</span> <span class='ocrx_word' id='word_1_30' title='bbox 1981 726 2263 814; x_wconf 86' lang='lat' dir='ltr'>regulas.</span> <span class='ocrx_word' id='word_1_31' title='bbox 2352 751 2503 793; x_wconf 93' lang='lat' dir='ltr'>nam</span> <span class='ocrx_word' id='word_1_32' title='bbox 2548 726 2764 814; x_wconf 83' lang='lat' dir='ltr'>siquid</span> <span class='ocrx_word' id='word_1_33' title='bbox 2806 728 2874 791; x_wconf 92' lang='lat' dir='ltr'>in</span> <span class='ocrx_word' id='word_1_34' title='bbox 2917 725 3154 791; x_wconf 89' lang='lat' dir='ltr'>alteru·</span> 
     </span>
     <span class='ocr_line' id='line_1_5' title="bbox 576 829 3155 918; baseline -0.002 -20"><span class='ocrx_word' id='word_1_35' title='bbox 576 844 676 898; x_wconf 90' lang='lat' dir='ltr'>tro</span> <span class='ocrx_word' id='word_1_36' title='bbox 720 832 890 900; x_wconf 91' lang='lat' dir='ltr'>libro</span> <span class='ocrx_word' id='word_1_37' title='bbox 933 831 1365 918; x_wconf 79' lang='lat' dir='ltr'>probabiliter</span> <span class='ocrx_word' id='word_1_38' title='bbox 1408 832 1493 896; x_wconf 89' lang='lat' dir='ltr'>ad</span> <span class='ocrx_word' id='word_1_39' title='bbox 1524 832 1964 917; x_wconf 88' lang='lat' dir='ltr'>Augustinum</span> <span class='ocrx_word' id='word_1_40' title='bbox 2008 830 2240 895; x_wconf 87' lang='lat' dir='ltr'>referri</span> <span class='ocrx_word' id='word_1_41' title='bbox 2281 841 2519 917; x_wconf 89' lang='lat' dir='ltr'>potest,</span> <span class='ocrx_word' id='word_1_42' title='bbox 2552 829 2937 895; x_wconf 83' lang='lat' dir='ltr'>Africanum</span> <span class='ocrx_word' id='word_1_43' title='bbox 2981 839 3155 893; x_wconf 89' lang='lat' dir='ltr'>certe</span> 
     </span>
     <span class='ocr_line' id='line_1_6' title="bbox 578 932 3153 1022; baseline -0.002 -22"><span class='ocrx_word' id='word_1_44' title='bbox 578 937 958 1022; x_wconf 80' lang='lat' dir='ltr'>scriptorem</span> <span class='ocrx_word' id='word_1_45' title='bbox 1003 932 1278 1021; x_wconf 87' lang='lat' dir='ltr'>prodere</span> <span class='ocrx_word' id='word_1_46' title='bbox 1307 932 1617 1000; x_wconf 86' lang='lat' dir='ltr'>videntur</span> <span class='ocrx_word' id='word_1_47' title='bbox 1661 934 1929 999; x_wconf 87' lang='lat' dir='ltr'>nomina</span> <span class='ocrx_word' id='word_1_48' title='bbox 1972 933 2359 1021; x_wconf 89' lang='lat' dir='ltr'>oppidorum</span> <span class='ocrx_word' id='word_1_49' title='bbox 2401 957 2467 1021; x_wconf 92' lang='lat' dir='ltr'>p.</span> <span class='ocrx_word' id='word_1_50' title='bbox 2503 933 2667 997; x_wconf 87' lang='lat'>1990</span> <span class='ocrx_word' id='word_1_51' title='bbox 2708 932 2941 1019; x_wconf 86' lang='lat' dir='ltr'>posita,</span> <span class='ocrx_word' id='word_1_52' title='bbox 2987 954 3153 1019; x_wconf 87' lang='lat' dir='ltr'>quae</span> 
     </span>
     <span class='ocr_line' id='line_1_7' title="bbox 575 1031 3153 1123; baseline -0.002 -24"><span class='ocrx_word' id='word_1_53' title='bbox 575 1038 668 1102; x_wconf 94' lang='lat' dir='ltr'>ita</span> <span class='ocrx_word' id='word_1_54' title='bbox 710 1037 911 1103; x_wconf 80' lang='lat' dir='ltr'>scribi</span> <span class='ocrx_word' id='word_1_55' title='bbox 954 1039 1070 1102; x_wconf 81' lang='lat' dir='ltr'>vix</span> <span class='ocrx_word' id='word_1_56' title='bbox 1125 1045 1430 1123; x_wconf 82' lang='lat' dir='ltr'>poterant</span> <span class='ocrx_word' id='word_1_57' title='bbox 1479 1037 1611 1100; x_wconf 90' lang='lat' dir='ltr'>nisi</span> <span class='ocrx_word' id='word_1_58' title='bbox 1653 1034 1739 1100; x_wconf 91' lang='lat' dir='ltr'>ab</span> <span class='ocrx_word' id='word_1_59' title='bbox 1785 1057 1859 1100; x_wconf 90' lang='lat' dir='ltr'>eo</span> <span class='ocrx_word' id='word_1_60' title='bbox 1904 1034 2017 1122; x_wconf 91' lang='lat' dir='ltr'>qui</span> <span class='ocrx_word' id='word_1_61' title='bbox 2060 1035 2128 1098; x_wconf 92' lang='lat' dir='ltr'>in</span> <span class='ocrx_word' id='word_1_62' title='bbox 2170 1035 2404 1101; x_wconf 90' lang='lat' dir='ltr'>Africa</span> <span class='ocrx_word' id='word_1_63' title='bbox 2445 1033 2552 1101; x_wconf 87' lang='lat' dir='ltr'>vel</span> <span class='ocrx_word' id='word_1_64' title='bbox 2609 1035 2851 1101; x_wconf 84' lang='lat' dir='ltr'>vixerit</span> <span class='ocrx_word' id='word_1_65' title='bbox 2892 1031 2999 1098; x_wconf 84' lang='lat' dir='ltr'>vel</span> <span class='ocrx_word' id='word_1_66' title='bbox 3040 1055 3153 1096; x_wconf 89' lang='lat' dir='ltr'>na·</span> 
     </span>
     <span class='ocr_line' id='line_1_8' title="bbox 576 1136 3155 1205; baseline -0.002 -1"><span class='ocrx_word' id='word_1_67' title='bbox 576 1150 682 1204; x_wconf 89' lang='lat' dir='ltr'>tus</span> <span class='ocrx_word' id='word_1_68' title='bbox 729 1139 948 1205; x_wconf 86' lang='lat' dir='ltr'>fuerit.</span> <span class='ocrx_word' id='word_1_69' title='bbox 1037 1138 1156 1203; x_wconf 88' lang='lat' dir='ltr'>sed</span> <span class='ocrx_word' id='word_1_70' title='bbox 1210 1138 1509 1203; x_wconf 86' lang='lat' dir='ltr'>omnibus</span> <span class='ocrx_word' id='word_1_71' title='bbox 1565 1139 1698 1203; x_wconf 89' lang='lat' dir='ltr'>iam</span> <span class='ocrx_word' id='word_1_72' title='bbox 1752 1137 1837 1202; x_wconf 90' lang='lat' dir='ltr'>ad</span> <span class='ocrx_word' id='word_1_73' title='bbox 1882 1159 2072 1202; x_wconf 90' lang='lat' dir='ltr'>usum</span> <span class='ocrx_word' id='word_1_74' title='bbox 2117 1136 2481 1203; x_wconf 89' lang='lat' dir='ltr'>scholarum</span> <span class='ocrx_word' id='word_1_75' title='bbox 2528 1148 2593 1203; x_wconf 89' lang='lat' dir='ltr'>et</span> <span class='ocrx_word' id='word_1_76' title='bbox 2636 1159 2779 1203; x_wconf 89' lang='lat' dir='ltr'>eam</span> <span class='ocrx_word' id='word_1_77' title='bbox 2822 1138 2979 1201; x_wconf 88' lang='lat' dir='ltr'>artis</span> <span class='ocrx_word' id='word_1_78' title='bbox 3024 1146 3155 1201; x_wconf 90' lang='lat' dir='ltr'>tra-</span> 
     </span>
     <span class='ocr_line' id='line_1_9' title="bbox 576 1238 3153 1328; baseline -0.002 -23"><span class='ocrx_word' id='word_1_79' title='bbox 576 1241 853 1307; x_wconf 89' lang='lat' dir='ltr'>ctandae</span> <span class='ocrx_word' id='word_1_80' title='bbox 897 1241 1244 1323; x_wconf 89' lang='lat' dir='ltr'>rationem,</span> <span class='ocrx_word' id='word_1_81' title='bbox 1291 1262 1486 1328; x_wconf 92' lang='lat' dir='ltr'>quam</span> <span class='ocrx_word' id='word_1_82' title='bbox 1530 1239 1792 1304; x_wconf 89' lang='lat' dir='ltr'>infimae</span> <span class='ocrx_word' id='word_1_83' title='bbox 1823 1240 2056 1304; x_wconf 90' lang='lat' dir='ltr'>aetatis</span> <span class='ocrx_word' id='word_1_84' title='bbox 2102 1240 2451 1327; x_wconf 78' lang='lat' dir='ltr'>scriptores</span> <span class='ocrx_word' id='word_1_85' title='bbox 2497 1238 2960 1326; x_wconf 79' lang='lat' dir='ltr'>sequebantur,</span> <span class='ocrx_word' id='word_1_86' title='bbox 3007 1260 3153 1303; x_wconf 86' lang='lat' dir='ltr'>con-</span> 
     </span>
     <span class='ocr_line' id='line_1_10' title="bbox 575 1339 2953 1430; baseline -0.001 -22"><span class='ocrx_word' id='word_1_87' title='bbox 575 1343 803 1429; x_wconf 85' lang='lat' dir='ltr'>positis</span> <span class='ocrx_word' id='word_1_88' title='bbox 849 1366 981 1409; x_wconf 91' lang='lat' dir='ltr'>non</span> <span class='ocrx_word' id='word_1_89' title='bbox 1025 1341 1304 1429; x_wconf 90' lang='lat' dir='ltr'>amplius</span> <span class='ocrx_word' id='word_1_90' title='bbox 1349 1342 1792 1429; x_wconf 89' lang='lat' dir='ltr'>quaerendum</span> <span class='ocrx_word' id='word_1_91' title='bbox 1836 1351 1954 1423; x_wconf 86' lang='lat' dir='ltr'>est,</span> <span class='ocrx_word' id='word_1_92' title='bbox 1997 1339 2172 1407; x_wconf 90' lang='lat' dir='ltr'>unde</span> <span class='ocrx_word' id='word_1_93' title='bbox 2215 1364 2508 1430; x_wconf 91' lang='lat' dir='ltr'>quaeque</span> <span class='ocrx_word' id='word_1_94' title='bbox 2553 1342 2761 1428; x_wconf 87' lang='lat' dir='ltr'>petita</span> <span class='ocrx_word' id='word_1_95' title='bbox 2804 1342 2953 1406; x_wconf 86' lang='lat' dir='ltr'>sint.</span> 
     </span>
     <span class='ocr_line' id='line_1_11' title="bbox 745 1441 3152 1530; baseline -0.002 -21"><span class='ocrx_word' id='word_1_96' title='bbox 745 1444 1009 1509; x_wconf 83' lang='lat' dir='ltr'>Omissa</span> <span class='ocrx_word' id='word_1_97' title='bbox 1051 1446 1252 1530; x_wconf 91' lang='lat' dir='ltr'>igitur</span> <span class='ocrx_word' id='word_1_98' title='bbox 1295 1446 1740 1511; x_wconf 85' lang='lat' dir='ltr'>controversia</span> <span class='ocrx_word' id='word_1_99' title='bbox 1783 1442 1866 1509; x_wconf 92' lang='lat' dir='ltr'>de</span> <span class='ocrx_word' id='word_1_100' title='bbox 1895 1453 2158 1510; x_wconf 90' lang='lat' dir='ltr'>auctore</span> <span class='ocrx_word' id='word_1_101' title='bbox 2200 1443 2519 1510; x_wconf 88' lang='lat' dir='ltr'>librorum</span> <span class='ocrx_word' id='word_1_102' title='bbox 2562 1453 2770 1509; x_wconf 89' lang='lat' dir='ltr'>restat</span> <span class='ocrx_word' id='word_1_103' title='bbox 2811 1454 2884 1508; x_wconf 90' lang='lat' dir='ltr'>ut</span> <span class='ocrx_word' id='word_1_104' title='bbox 2928 1443 3007 1508; x_wconf 89' lang='lat' dir='ltr'>de</span> <span class='ocrx_word' id='word_1_105' title='bbox 3051 1441 3152 1505; x_wconf 85' lang='lat' dir='ltr'>his</span> 
     </span>
     <span class='ocr_line' id='line_1_12' title="bbox 573 1542 3155 1634; baseline -0.001 -24"><span class='ocrx_word' id='word_1_106' title='bbox 573 1547 734 1634; x_wconf 89' lang='lat' dir='ltr'>ipsis</span> <span class='ocrx_word' id='word_1_107' title='bbox 800 1555 866 1611; x_wconf 90' lang='lat' dir='ltr'>et</span> <span class='ocrx_word' id='word_1_108' title='bbox 931 1546 1012 1611; x_wconf 91' lang='lat' dir='ltr'>de</span> <span class='ocrx_word' id='word_1_109' title='bbox 1065 1555 1294 1612; x_wconf 90' lang='lat' dir='ltr'>nostra</span> <span class='ocrx_word' id='word_1_110' title='bbox 1349 1546 1635 1612; x_wconf 85' lang='lat' dir='ltr'>editione</span> <span class='ocrx_word' id='word_1_111' title='bbox 1702 1568 1913 1634; x_wconf 89' lang='lat' dir='ltr'>pauca</span> <span class='ocrx_word' id='word_1_112' title='bbox 1969 1545 2280 1612; x_wconf 88' lang='lat' dir='ltr'>dicamus.</span> <span class='ocrx_word' id='word_1_113' title='bbox 2366 1556 2640 1632; x_wconf 91' lang='lat' dir='ltr'>uterque</span> <span class='ocrx_word' id='word_1_114' title='bbox 2706 1554 2923 1610; x_wconf 89' lang='lat' dir='ltr'>autem</span> <span class='ocrx_word' id='word_1_115' title='bbox 2988 1542 3155 1609; x_wconf 91' lang='lat' dir='ltr'>liber</span> 
     </span>
     <span class='ocr_line' id='line_1_13' title="bbox 574 1645 3153 1737; baseline -0.002 -24"><span class='ocrx_word' id='word_1_116' title='bbox 574 1658 834 1736; x_wconf 88' lang='lat' dir='ltr'>praeter</span> <span class='ocrx_word' id='word_1_117' title='bbox 863 1648 1172 1733; x_wconf 86' lang='lat' dir='ltr'>vulgares</span> <span class='ocrx_word' id='word_1_118' title='bbox 1203 1650 1361 1712; x_wconf 90' lang='lat' dir='ltr'>artis</span> <span class='ocrx_word' id='word_1_119' title='bbox 1394 1649 1655 1733; x_wconf 85' lang='lat' dir='ltr'>regulas</span> <span class='ocrx_word' id='word_1_120' title='bbox 1699 1670 1912 1737; x_wconf 89' lang='lat' dir='ltr'>pauca</span> <span class='ocrx_word' id='word_1_121' title='bbox 1939 1670 2105 1735; x_wconf 88' lang='lat' dir='ltr'>quae</span> <span class='ocrx_word' id='word_1_122' title='bbox 2139 1648 2341 1734; x_wconf 91' lang='lat' dir='ltr'>digna</span> <span class='ocrx_word' id='word_1_123' title='bbox 2371 1671 2516 1714; x_wconf 88' lang='lat' dir='ltr'>esse</span> <span class='ocrx_word' id='word_1_124' title='bbox 2544 1649 2856 1713; x_wconf 90' lang='lat' dir='ltr'>memoria</span> <span class='ocrx_word' id='word_1_125' title='bbox 2884 1645 3153 1713; x_wconf 88' lang='lat' dir='ltr'>videan-</span> 
     </span>
     <span class='ocr_line' id='line_1_14' title="bbox 574 1747 3155 1838; baseline -0.002 -22"><span class='ocrx_word' id='word_1_126' title='bbox 574 1761 684 1815; x_wconf 86' lang='lat' dir='ltr'>tur</span> <span class='ocrx_word' id='word_1_127' title='bbox 726 1751 1037 1816; x_wconf 90' lang='lat' dir='ltr'>continet.</span> <span class='ocrx_word' id='word_1_128' title='bbox 1108 1772 1260 1813; x_wconf 92' lang='lat' dir='ltr'>nam</span> <span class='ocrx_word' id='word_1_129' title='bbox 1302 1750 1371 1814; x_wconf 95' lang='lat' dir='ltr'>in</span> <span class='ocrx_word' id='word_1_130' title='bbox 1415 1760 1556 1815; x_wconf 89' lang='lat' dir='ltr'>arte</span> <span class='ocrx_word' id='word_1_131' title='bbox 1597 1750 1900 1816; x_wconf 86' lang='lat' dir='ltr'>breviata</span> <span class='ocrx_word' id='word_1_132' title='bbox 1942 1773 2110 1838; x_wconf 90' lang='lat' dir='ltr'>quae</span> <span class='ocrx_word' id='word_1_133' title='bbox 2156 1750 2393 1816; x_wconf 87' lang='lat' dir='ltr'>dicitur</span> <span class='ocrx_word' id='word_1_134' title='bbox 2435 1752 2658 1838; x_wconf 89' lang='lat' dir='ltr'>paucis</span> <span class='ocrx_word' id='word_1_135' title='bbox 2705 1751 2786 1816; x_wconf 93' lang='lat' dir='ltr'>de</span> <span class='ocrx_word' id='word_1_136' title='bbox 2830 1747 3155 1813; x_wconf 84' lang='lat' dir='ltr'>latinitate</span> 
     </span>
     <span class='ocr_line' id='line_1_15' title="bbox 574 1852 3152 1941; baseline -0.002 -23"><span class='ocrx_word' id='word_1_137' title='bbox 574 1863 641 1919; x_wconf 91' lang='lat' dir='ltr'>et</span> <span class='ocrx_word' id='word_1_138' title='bbox 684 1852 980 1941; x_wconf 88' lang='lat' dir='ltr'>partibus</span> <span class='ocrx_word' id='word_1_139' title='bbox 1027 1852 1338 1917; x_wconf 89' lang='lat' dir='ltr'>orationis</span> <span class='ocrx_word' id='word_1_140' title='bbox 1383 1854 1760 1938; x_wconf 87' lang='lat' dir='ltr'>praemissis</span> <span class='ocrx_word' id='word_1_141' title='bbox 1806 1863 1950 1918; x_wconf 91' lang='lat' dir='ltr'>octo</span> <span class='ocrx_word' id='word_1_142' title='bbox 2009 1862 2225 1937; x_wconf 89' lang='lat' dir='ltr'>partes</span> <span class='ocrx_word' id='word_1_143' title='bbox 2274 1854 2587 1919; x_wconf 88' lang='lat' dir='ltr'>orationis</span> <span class='ocrx_word' id='word_1_144' title='bbox 2634 1875 2709 1917; x_wconf 91' lang='lat' dir='ltr'>eo</span> <span class='ocrx_word' id='word_1_145' title='bbox 2754 1852 2892 1917; x_wconf 88' lang='lat' dir='ltr'>fere</span> <span class='ocrx_word' id='word_1_146' title='bbox 2939 1852 3152 1933; x_wconf 90' lang='lat' dir='ltr'>modo,</span> 
     </span>
     <span class='ocr_line' id='line_1_16' title="bbox 576 1953 3153 2047; baseline -0.001 -27"><span class='ocrx_word' id='word_1_147' title='bbox 576 1977 768 2042; x_wconf 90' lang='lat' dir='ltr'>quem</span> <span class='ocrx_word' id='word_1_148' title='bbox 830 1953 1092 2042; x_wconf 90' lang='lat' dir='ltr'>plurimi</span> <span class='ocrx_word' id='word_1_149' title='bbox 1157 1956 1395 2019; x_wconf 89' lang='lat' dir='ltr'>artium</span> <span class='ocrx_word' id='word_1_150' title='bbox 1460 1955 1809 2047; x_wconf 81' lang='lat' dir='ltr'>scriptores</span> <span class='ocrx_word' id='word_1_151' title='bbox 1876 1966 2025 2041; x_wconf 87' lang='lat' dir='ltr'>post</span> <span class='ocrx_word' id='word_1_152' title='bbox 2087 1956 2421 2021; x_wconf 87' lang='lat' dir='ltr'>Donatum</span> <span class='ocrx_word' id='word_1_153' title='bbox 2494 1956 2697 2020; x_wconf 89' lang='lat' dir='ltr'>secuti</span> <span class='ocrx_word' id='word_1_154' title='bbox 2763 1965 2944 2037; x_wconf 86' lang='lat' dir='ltr'>sunt,</span> <span class='ocrx_word' id='word_1_155' title='bbox 3007 1975 3153 2018; x_wconf 91' lang='lat' dir='ltr'>cum</span> 
     </span>
     <span class='ocr_line' id='line_1_17' title="bbox 577 2054 3152 2145; baseline -0 -23"><span class='ocrx_word' id='word_1_156' title='bbox 577 2055 892 2143; x_wconf 82' lang='lat' dir='ltr'>exemplis</span> <span class='ocrx_word' id='word_1_157' title='bbox 939 2054 1446 2122; x_wconf 84' lang='lat' dir='ltr'>declinationum</span> <span class='ocrx_word' id='word_1_158' title='bbox 1502 2066 1949 2145; x_wconf 79' lang='lat' dir='ltr'>exponuntur3</span> <span class='ocrx_word' id='word_1_159' title='bbox 2012 2056 2250 2122; x_wconf 90' lang='lat' dir='ltr'>deinde</span> <span class='ocrx_word' id='word_1_160' title='bbox 2305 2058 2596 2125; x_wconf 84' lang='lat' dir='ltr'>breviter</span> <span class='ocrx_word' id='word_1_161' title='bbox 2643 2056 2722 2122; x_wconf 88' lang='lat' dir='ltr'>de</span> <span class='ocrx_word' id='word_1_162' title='bbox 2770 2055 3152 2122; x_wconf 88' lang='lat' dir='ltr'>soloecismo</span> 
     </span>
     <span class='ocr_line' id='line_1_18' title="bbox 577 2158 3153 2249; baseline -0.001 -25"><span class='ocrx_word' id='word_1_163' title='bbox 577 2169 642 2224; x_wconf 91' lang='lat' dir='ltr'>et</span> <span class='ocrx_word' id='word_1_164' title='bbox 683 2158 1095 2225; x_wconf 87' lang='lat' dir='ltr'>barbarismo</span> <span class='ocrx_word' id='word_1_165' title='bbox 1141 2169 1492 2243; x_wconf 86' lang='lat' dir='ltr'>tractatur3</span> <span class='ocrx_word' id='word_1_166' title='bbox 1540 2170 1869 2245; x_wconf 88' lang='lat' dir='ltr'>postremo</span> <span class='ocrx_word' id='word_1_167' title='bbox 1911 2180 2123 2246; x_wconf 85' lang='lat' dir='ltr'>pauca</span> <span class='ocrx_word' id='word_1_168' title='bbox 2165 2160 2465 2249; x_wconf 83' lang='lat' dir='ltr'>exempla</span> <span class='ocrx_word' id='word_1_169' title='bbox 2506 2182 2779 2225; x_wconf 90' lang='lat' dir='ltr'>casuum</span> <span class='ocrx_word' id='word_1_170' title='bbox 2821 2182 2968 2224; x_wconf 91' lang='lat' dir='ltr'>cum</span> <span class='ocrx_word' id='word_1_171' title='bbox 3011 2180 3153 2224; x_wconf 87' lang='lat' dir='ltr'>ver-</span> 
     </span>
     <span class='ocr_line' id='line_1_19' title="bbox 574 2259 3152 2348; baseline -0.002 -20"><span class='ocrx_word' id='word_1_172' title='bbox 574 2261 676 2328; x_wconf 91' lang='lat' dir='ltr'>bis</span> <span class='ocrx_word' id='word_1_173' title='bbox 733 2259 841 2327; x_wconf 84' lang='lat' dir='ltr'>vel</span> <span class='ocrx_word' id='word_1_174' title='bbox 892 2260 1267 2328; x_wconf 83' lang='lat' dir='ltr'>nominibus</span> <span class='ocrx_word' id='word_1_175' title='bbox 1323 2263 1724 2346; x_wconf 89' lang='lat' dir='ltr'>iunctorum,</span> <span class='ocrx_word' id='word_1_176' title='bbox 1784 2283 1949 2348; x_wconf 91' lang='lat' dir='ltr'>quae</span> <span class='ocrx_word' id='word_1_177' title='bbox 2003 2261 2319 2327; x_wconf 82' lang='lat' dir='ltr'>idiomata</span> <span class='ocrx_word' id='word_1_178' title='bbox 2361 2263 2670 2329; x_wconf 86' lang='lat' dir='ltr'>dixerunt</span> <span class='ocrx_word' id='word_1_179' title='bbox 2722 2260 3152 2347; x_wconf 84' lang='lat' dir='ltr'>grammatici,</span> 
     </span>
     <span class='ocr_line' id='line_1_20' title="bbox 577 2362 3157 2453; baseline -0 -26"><span class='ocrx_word' id='word_1_180' title='bbox 577 2362 872 2430; x_wconf 85' lang='lat' dir='ltr'>subiecta</span> <span class='ocrx_word' id='word_1_181' title='bbox 925 2373 1092 2429; x_wconf 90' lang='lat' dir='ltr'>sunt.</span> <span class='ocrx_word' id='word_1_182' title='bbox 1179 2372 1476 2429; x_wconf 83' lang='lat' dir='ltr'>veterum</span> <span class='ocrx_word' id='word_1_183' title='bbox 1529 2373 1749 2431; x_wconf 89' lang='lat' dir='ltr'>autem</span> <span class='ocrx_word' id='word_1_184' title='bbox 1813 2366 2204 2450; x_wconf 89' lang='lat' dir='ltr'>scriptorum</span> <span class='ocrx_word' id='word_1_185' title='bbox 2257 2365 2572 2453; x_wconf 81' lang='lat' dir='ltr'>exemplis</span> <span class='ocrx_word' id='word_1_186' title='bbox 2637 2387 2769 2429; x_wconf 94' lang='lat' dir='ltr'>non</span> <span class='ocrx_word' id='word_1_187' title='bbox 2831 2386 2989 2429; x_wconf 89' lang='lat' dir='ltr'>usus</span> <span class='ocrx_word' id='word_1_188' title='bbox 3056 2372 3157 2427; x_wconf 87' lang='lat' dir='ltr'>est</span> 
     </span>
     <span class='ocr_line' id='line_1_21' title="bbox 575 2461 3152 2553; baseline -0 -24"><span class='ocrx_word' id='word_1_189' title='bbox 575 2465 855 2553; x_wconf 86' lang='lat' dir='ltr'>scriptor</span> <span class='ocrx_word' id='word_1_190' title='bbox 897 2475 1159 2551; x_wconf 89' lang='lat' dir='ltr'>praeter</span> <span class='ocrx_word' id='word_1_191' title='bbox 1211 2475 1522 2552; x_wconf 88' lang='lat' dir='ltr'>quattuor</span> <span class='ocrx_word' id='word_1_192' title='bbox 1575 2461 1802 2533; x_wconf 75' lang='lat' dir='ltr'>versus</span> <span class='ocrx_word' id='word_1_193' title='bbox 1849 2465 2128 2552; x_wconf 86' lang='lat' dir='ltr'>Vergilii</span> <span class='ocrx_word' id='word_1_194' title='bbox 2184 2476 2250 2532; x_wconf 91' lang='lat' dir='ltr'>et</span> <span class='ocrx_word' id='word_1_195' title='bbox 2293 2467 2672 2533; x_wconf 86' lang='lat' dir='ltr'>Ciceronem</span> <span class='ocrx_word' id='word_1_196' title='bbox 2723 2467 2828 2532; x_wconf 87' lang='lat' dir='ltr'>bis</span> <span class='ocrx_word' id='word_1_197' title='bbox 2883 2487 3152 2530; x_wconf 89' lang='lat' dir='ltr'>comme-</span> 
     </span>
     <span class='ocr_line' id='line_1_22' title="bbox 576 2564 3153 2656; baseline -0.001 -25"><span class='ocrx_word' id='word_1_198' title='bbox 576 2576 919 2633; x_wconf 89' lang='lat' dir='ltr'>moratum.</span> <span class='ocrx_word' id='word_1_199' title='bbox 1008 2564 1203 2653; x_wconf 82' lang='lat' dir='ltr'>paulo</span> <span class='ocrx_word' id='word_1_200' title='bbox 1261 2570 1524 2633; x_wconf 89' lang='lat' dir='ltr'>maioris</span> <span class='ocrx_word' id='word_1_201' title='bbox 1582 2567 1918 2634; x_wconf 88' lang='lat' dir='ltr'>doctrinae</span> <span class='ocrx_word' id='word_1_202' title='bbox 1979 2567 2226 2634; x_wconf 92' lang='lat' dir='ltr'>indicia</span> <span class='ocrx_word' id='word_1_203' title='bbox 2279 2570 2553 2656; x_wconf 88' lang='lat' dir='ltr'>praebet</span> <span class='ocrx_word' id='word_1_204' title='bbox 2608 2568 2775 2634; x_wconf 91' lang='lat' dir='ltr'>alter</span> <span class='ocrx_word' id='word_1_205' title='bbox 2829 2567 3029 2650; x_wconf 90' lang='lat' dir='ltr'>liber,</span> <span class='ocrx_word' id='word_1_206' title='bbox 3088 2568 3153 2630; x_wconf 90' lang='lat' dir='ltr'>in</span> 
     </span>
     <span class='ocr_line' id='line_1_23' title="bbox 577 2667 3156 2757; baseline 0 -23"><span class='ocrx_word' id='word_1_207' title='bbox 577 2692 705 2756; x_wconf 91' lang='lat' dir='ltr'>quo</span> <span class='ocrx_word' id='word_1_208' title='bbox 752 2679 817 2734; x_wconf 88' lang='lat' dir='ltr'>et</span> <span class='ocrx_word' id='word_1_209' title='bbox 846 2678 1019 2735; x_wconf 87' lang='lat' dir='ltr'>artes</span> <span class='ocrx_word' id='word_1_210' title='bbox 1050 2667 1158 2734; x_wconf 86' lang='lat' dir='ltr'>vel</span> <span class='ocrx_word' id='word_1_211' title='bbox 1201 2669 1440 2736; x_wconf 88' lang='lat' dir='ltr'>artium</span> <span class='ocrx_word' id='word_1_212' title='bbox 1485 2671 1835 2757; x_wconf 90' lang='lat' dir='ltr'>scriptores</span> <span class='ocrx_word' id='word_1_213' title='bbox 1882 2671 2142 2757; x_wconf 85' lang='lat' dir='ltr'>saepius</span> <span class='ocrx_word' id='word_1_214' title='bbox 2190 2680 2791 2751; x_wconf 87' lang='lat' dir='ltr'>commemorantur,</span> <span class='ocrx_word' id='word_1_215' title='bbox 2841 2681 2908 2735; x_wconf 89' lang='lat' dir='ltr'>et</span> <span class='ocrx_word' id='word_1_216' title='bbox 2951 2670 3156 2734; x_wconf 88' lang='lat' dir='ltr'>multa</span> 
     </span>
     <span class='ocr_line' id='line_1_24' title="bbox 577 2770 3153 2861; baseline -0 -25"><span class='ocrx_word' id='word_1_217' title='bbox 577 2770 878 2859; x_wconf 83' lang='lat' dir='ltr'>exempla</span> <span class='ocrx_word' id='word_1_218' title='bbox 919 2770 1230 2857; x_wconf 82' lang='lat' dir='ltr'>Vergilii,</span> <span class='ocrx_word' id='word_1_219' title='bbox 1286 2771 1612 2859; x_wconf 85' lang='lat' dir='ltr'>quaedam</span> <span class='ocrx_word' id='word_1_220' title='bbox 1667 2772 1963 2840; x_wconf 82' lang='lat' dir='ltr'>Terentii</span> <span class='ocrx_word' id='word_1_221' title='bbox 2018 2782 2104 2838; x_wconf 88' lang='lat' dir='ltr'>et.</span> <span class='ocrx_word' id='word_1_222' title='bbox 2138 2772 2506 2859; x_wconf 85' lang='lat' dir='ltr'>Ciceronis,</span> <span class='ocrx_word' id='word_1_223' title='bbox 2563 2772 2820 2861; x_wconf 88' lang='lat' dir='ltr'>singula</span> <span class='ocrx_word' id='word_1_224' title='bbox 2862 2771 3153 2839; x_wconf 90' lang='lat' dir='ltr'>Sallustii</span> 
     </span>
     <span class='ocr_line' id='line_1_25' title="bbox 577 2873 3153 2963; baseline -0 -23"><span class='ocrx_word' id='word_1_225' title='bbox 577 2884 642 2940; x_wconf 91' lang='lat' dir='ltr'>et</span> <span class='ocrx_word' id='word_1_226' title='bbox 672 2875 923 2940; x_wconf 89' lang='lat' dir='ltr'>Lucani</span> <span class='ocrx_word' id='word_1_227' title='bbox 966 2874 1052 2939; x_wconf 88' lang='lat' dir='ltr'>ad</span> <span class='ocrx_word' id='word_1_228' title='bbox 1094 2873 1354 2959; x_wconf 85' lang='lat' dir='ltr'>regulas</span> <span class='ocrx_word' id='word_1_229' title='bbox 1398 2875 1876 2942; x_wconf 87' lang='lat' dir='ltr'>confirmandas</span> <span class='ocrx_word' id='word_1_230' title='bbox 1920 2876 2251 2961; x_wconf 90' lang='lat' dir='ltr'>adscripta</span> <span class='ocrx_word' id='word_1_231' title='bbox 2293 2887 2476 2963; x_wconf 85' lang='lat' dir='ltr'>sunt,</span> <span class='ocrx_word' id='word_1_232' title='bbox 2522 2876 2721 2942; x_wconf 90' lang='lat' dir='ltr'>semel</span> <span class='ocrx_word' id='word_1_233' title='bbox 2765 2878 2960 2943; x_wconf 89' lang='lat' dir='ltr'>etiam</span> <span class='ocrx_word' id='word_1_234' title='bbox 2988 2874 3153 2940; x_wconf 93' lang='lat' dir='ltr'>Var-</span> 
     </span>
     <span class='ocr_line' id='line_1_26' title="bbox 576 2976 3154 3066; baseline -0.001 -24"><span class='ocrx_word' id='word_1_235' title='bbox 576 2978 751 3043; x_wconf 90' lang='lat' dir='ltr'>ronis</span> <span class='ocrx_word' id='word_1_236' title='bbox 798 2977 1122 3042; x_wconf 86' lang='lat' dir='ltr'>sententia</span> <span class='ocrx_word' id='word_1_237' title='bbox 1163 2976 1419 3063; x_wconf 84' lang='lat' dir='ltr'>prolata</span> <span class='ocrx_word' id='word_1_238' title='bbox 1475 2986 1575 3044; x_wconf 93' lang='lat' dir='ltr'>est</span> <span class='ocrx_word' id='word_1_239' title='bbox 1616 3002 1680 3065; x_wconf 89' lang='lat' dir='ltr'>p.</span> <span class='ocrx_word' id='word_1_240' title='bbox 1726 2978 1915 3044; x_wconf 79' lang='lat'>2008.</span> <span class='ocrx_word' id='word_1_241' title='bbox 1971 3000 2362 3066; x_wconf 90' lang='lat' dir='ltr'>quamquam</span> <span class='ocrx_word' id='word_1_242' title='bbox 2414 2979 2517 3044; x_wconf 90' lang='lat' dir='ltr'>his</span> <span class='ocrx_word' id='word_1_243' title='bbox 2575 2979 2868 3066; x_wconf 84' lang='lat' dir='ltr'>exceptis</span> <span class='ocrx_word' id='word_1_244' title='bbox 2923 3000 3005 3042; x_wconf 91' lang='lat' dir='ltr'>ne</span> <span class='ocrx_word' id='word_1_245' title='bbox 3048 2976 3154 3040; x_wconf 86' lang='lat' dir='ltr'>hic</span> 
     </span>
     <span class='ocr_line' id='line_1_27' title="bbox 575 3077 3153 3167; baseline 0 -23"><span class='ocrx_word' id='word_1_246' title='bbox 575 3078 839 3167; x_wconf 91' lang='lat' dir='ltr'>quidem</span> <span class='ocrx_word' id='word_1_247' title='bbox 904 3077 1180 3164; x_wconf 88' lang='lat' dir='ltr'>scriptor</span> <span class='ocrx_word' id='word_1_248' title='bbox 1243 3078 1416 3144; x_wconf 89' lang='lat' dir='ltr'>ultra</span> <span class='ocrx_word' id='word_1_249' title='bbox 1482 3080 1820 3166; x_wconf 87' lang='lat' dir='ltr'>vulgarem</span> <span class='ocrx_word' id='word_1_250' title='bbox 1887 3079 2257 3167; x_wconf 90' lang='lat' dir='ltr'>regularum</span> <span class='ocrx_word' id='word_1_251' title='bbox 2331 3082 2823 3148; x_wconf 87' lang='lat' dir='ltr'>scribendarum</span> <span class='ocrx_word' id='word_1_252' title='bbox 2892 3079 3153 3146; x_wconf 88' lang='lat' dir='ltr'>modum</span> 
     </span>
     <span class='ocr_line' id='line_1_28' title="bbox 574 3179 3155 3270; baseline 0.001 -26"><span class='ocrx_word' id='word_1_253' title='bbox 574 3182 930 3266; x_wconf 86' lang='lat' dir='ltr'>processit,</span> <span class='ocrx_word' id='word_1_254' title='bbox 987 3179 1106 3244; x_wconf 88' lang='lat' dir='ltr'>sed</span> <span class='ocrx_word' id='word_1_255' title='bbox 1159 3192 1470 3248; x_wconf 88' lang='lat' dir='ltr'>consueto</span> <span class='ocrx_word' id='word_1_256' title='bbox 1526 3204 1705 3248; x_wconf 89' lang='lat' dir='ltr'>more</span> <span class='ocrx_word' id='word_1_257' title='bbox 1762 3182 1845 3248; x_wconf 91' lang='lat' dir='ltr'>de</span> <span class='ocrx_word' id='word_1_258' title='bbox 1904 3192 2050 3248; x_wconf 91' lang='lat' dir='ltr'>octo</span> <span class='ocrx_word' id='word_1_259' title='bbox 2112 3185 2407 3270; x_wconf 88' lang='lat' dir='ltr'>partibus</span> <span class='ocrx_word' id='word_1_260' title='bbox 2467 3185 2783 3251; x_wconf 90' lang='lat' dir='ltr'>orationis</span> <span class='ocrx_word' id='word_1_261' title='bbox 2827 3183 3155 3248; x_wconf 84' lang='lat' dir='ltr'>tractavit.</span> 
     </span>
     <span class='ocr_line' id='line_1_29' title="bbox 574 3283 3154 3372; baseline 0 -24"><span class='ocrx_word' id='word_1_262' title='bbox 574 3305 743 3371; x_wconf 88' lang='lat' dir='ltr'>quae</span> <span class='ocrx_word' id='word_1_263' title='bbox 797 3305 946 3349; x_wconf 90' lang='lat' dir='ltr'>cum</span> <span class='ocrx_word' id='word_1_264' title='bbox 1000 3283 1097 3349; x_wconf 90' lang='lat' dir='ltr'>ita</span> <span class='ocrx_word' id='word_1_265' title='bbox 1148 3284 1308 3366; x_wconf 92' lang='lat' dir='ltr'>sint,</span> <span class='ocrx_word' id='word_1_266' title='bbox 1368 3306 1605 3371; x_wconf 88' lang='lat' dir='ltr'>operae</span> <span class='ocrx_word' id='word_1_267' title='bbox 1659 3284 1941 3372; x_wconf 91' lang='lat' dir='ltr'>pretium</span> <span class='ocrx_word' id='word_1_268' title='bbox 1996 3308 2127 3350; x_wconf 90' lang='lat' dir='ltr'>non</span> <span class='ocrx_word' id='word_1_269' title='bbox 2183 3308 2324 3351; x_wconf 91' lang='lat' dir='ltr'>esse</span> <span class='ocrx_word' id='word_1_270' title='bbox 2369 3287 2744 3352; x_wconf 84' lang='lat' dir='ltr'>existimavi</span> <span class='ocrx_word' id='word_1_271' title='bbox 2789 3286 3154 3351; x_wconf 84' lang='lat' dir='ltr'>breviatam</span> 
     </span>
     <span class='ocr_line' id='line_1_30' title="bbox 575 3384 3155 3475; baseline 0 -25"><span class='ocrx_word' id='word_1_272' title='bbox 575 3394 780 3450; x_wconf 85' lang='lat' dir='ltr'>artem</span> <span class='ocrx_word' id='word_1_273' title='bbox 824 3385 1034 3451; x_wconf 90' lang='lat' dir='ltr'>denuo</span> <span class='ocrx_word' id='word_1_274' title='bbox 1081 3384 1308 3470; x_wconf 88' lang='lat' dir='ltr'>edere;</span> <span class='ocrx_word' id='word_1_275' title='bbox 1363 3408 1574 3475; x_wconf 89' lang='lat' dir='ltr'>pauca</span> <span class='ocrx_word' id='word_1_276' title='bbox 1615 3396 1868 3470; x_wconf 89' lang='lat' dir='ltr'>tamen,</span> <span class='ocrx_word' id='word_1_277' title='bbox 1926 3410 2093 3475; x_wconf 90' lang='lat' dir='ltr'>quae</span> <span class='ocrx_word' id='word_1_278' title='bbox 2147 3387 2422 3454; x_wconf 89' lang='lat' dir='ltr'>alicuius</span> <span class='ocrx_word' id='word_1_279' title='bbox 2467 3389 2777 3454; x_wconf 86' lang='lat' dir='ltr'>momenti</span> <span class='ocrx_word' id='word_1_280' title='bbox 2821 3410 2964 3452; x_wconf 90' lang='lat' dir='ltr'>esse</span> <span class='ocrx_word' id='word_1_281' title='bbox 3008 3387 3155 3452; x_wconf 79' lang='lat' dir='ltr'>visa</span> 
     </span>
     <span class='ocr_line' id='line_1_31' title="bbox 576 3486 3154 3580; baseline 0 -28"><span class='ocrx_word' id='word_1_282' title='bbox 576 3498 758 3569; x_wconf 90' lang='lat' dir='ltr'>sunt,</span> <span class='ocrx_word' id='word_1_283' title='bbox 805 3509 1156 3575; x_wconf 87' lang='lat' dir='ltr'>excerpere</span> <span class='ocrx_word' id='word_1_284' title='bbox 1198 3486 1451 3575; x_wconf 89' lang='lat' dir='ltr'>placuit</span> <span class='ocrx_word' id='word_1_285' title='bbox 1470 3538 1490 3572; x_wconf 90' lang='lat'>,</span> <span class='ocrx_word' id='word_1_286' title='bbox 1536 3490 1605 3554; x_wconf 93' lang='lat' dir='ltr'>in</span> <span class='ocrx_word' id='word_1_287' title='bbox 1649 3489 1888 3576; x_wconf 89' lang='lat' dir='ltr'>quibus</span> <span class='ocrx_word' id='word_1_288' title='bbox 1935 3489 2208 3556; x_wconf 89' lang='lat' dir='ltr'>Weberi</span> <span class='ocrx_word' id='word_1_289' title='bbox 2264 3493 2468 3580; x_wconf 90' lang='lat' dir='ltr'>copiis</span> <span class='ocrx_word' id='word_1_290' title='bbox 2513 3514 2669 3557; x_wconf 87' lang='lat' dir='ltr'>usus</span> <span class='ocrx_word' id='word_1_291' title='bbox 2715 3513 2879 3556; x_wconf 90' lang='lat' dir='ltr'>sum.</span> <span class='ocrx_word' id='word_1_292' title='bbox 2967 3511 3154 3574; x_wconf 90' lang='lat' dir='ltr'>regu-</span> 
     </span>
     <span class='ocr_line' id='line_1_32' title="bbox 574 3588 3150 3680; baseline 0.001 -27"><span class='ocrx_word' id='word_1_293' title='bbox 574 3589 785 3654; x_wconf 91' lang='lat' dir='ltr'>larum</span> <span class='ocrx_word' id='word_1_294' title='bbox 829 3598 1048 3655; x_wconf 89' lang='lat' dir='ltr'>autem</span> <span class='ocrx_word' id='word_1_295' title='bbox 1101 3588 1373 3674; x_wconf 86' lang='lat' dir='ltr'>librum,</span> <span class='ocrx_word' id='word_1_296' title='bbox 1429 3612 1822 3679; x_wconf 88' lang='lat' dir='ltr'>quamquam</span> <span class='ocrx_word' id='word_1_297' title='bbox 1871 3591 2044 3656; x_wconf 92' lang='lat' dir='ltr'>hunc</span> <span class='ocrx_word' id='word_1_298' title='bbox 2097 3615 2350 3680; x_wconf 91' lang='lat' dir='ltr'>quoque</span> <span class='ocrx_word' id='word_1_299' title='bbox 2405 3615 2446 3658; x_wconf 88' lang='lat' dir='ltr'>a</span> <span class='ocrx_word' id='word_1_300' title='bbox 2488 3615 2661 3658; x_wconf 87' lang='lat' dir='ltr'>nova</span> <span class='ocrx_word' id='word_1_301' title='bbox 2702 3592 3150 3678; x_wconf 86' lang='lat' dir='ltr'>grammatico-</span> 
     </span>
     <span class='ocr_line' id='line_1_33' title="bbox 575 3691 3154 3781; baseline 0.001 -25"><span class='ocrx_word' id='word_1_302' title='bbox 575 3714 719 3756; x_wconf 90' lang='lat' dir='ltr'>rum</span> <span class='ocrx_word' id='word_1_303' title='bbox 762 3691 1144 3760; x_wconf 90' lang='lat' dir='ltr'>collectione</span> <span class='ocrx_word' id='word_1_304' title='bbox 1188 3691 1344 3759; x_wconf 85' lang='lat' dir='ltr'>olim</span> <span class='ocrx_word' id='word_1_305' title='bbox 1388 3693 1620 3759; x_wconf 89' lang='lat' dir='ltr'>abesse</span> <span class='ocrx_word' id='word_1_306' title='bbox 1649 3692 1985 3759; x_wconf 87' lang='lat' dir='ltr'>volueram</span> <span class='ocrx_word' id='word_1_307' title='bbox 2029 3716 2238 3781; x_wconf 90' lang='lat' dir='ltr'>neque</span> <span class='ocrx_word' id='word_1_308' title='bbox 2282 3694 2363 3759; x_wconf 91' lang='lat' dir='ltr'>de</span> <span class='ocrx_word' id='word_1_309' title='bbox 2408 3695 2795 3761; x_wconf 89' lang='lat' dir='ltr'>emendandi</span> <span class='ocrx_word' id='word_1_310' title='bbox 2839 3693 3154 3759; x_wconf 88' lang='lat' dir='ltr'>subsidiis</span> 
     </span>
     <span class='ocr_line' id='line_1_34' title="bbox 574 3795 3152 3883; baseline 0.001 -25"><span class='ocrx_word' id='word_1_311' title='bbox 574 3796 1056 3881; x_wconf 83' lang='lat' dir='ltr'>quaesiveram,</span> <span class='ocrx_word' id='word_1_312' title='bbox 1123 3805 1373 3876; x_wconf 88' lang='lat' dir='ltr'>tamen,</span> <span class='ocrx_word' id='word_1_313' title='bbox 1441 3795 1686 3883; x_wconf 88' lang='lat' dir='ltr'>nequid</span> <span class='ocrx_word' id='word_1_314' title='bbox 1752 3795 2260 3881; x_wconf 89' lang='lat' dir='ltr'>desideraretur,</span> <span class='ocrx_word' id='word_1_315' title='bbox 2329 3819 2459 3862; x_wconf 91' lang='lat' dir='ltr'>non</span> <span class='ocrx_word' id='word_1_316' title='bbox 2527 3796 2955 3863; x_wconf 88' lang='lat' dir='ltr'>omittendum</span> <span class='ocrx_word' id='word_1_317' title='bbox 3008 3818 3152 3860; x_wconf 89' lang='lat' dir='ltr'>esse</span> 
     </span>
     <span class='ocr_line' id='line_1_35' title="bbox 574 3895 3154 3986; baseline 0.001 -26"><span class='ocrx_word' id='word_1_318' title='bbox 574 3895 886 3963; x_wconf 86' lang='lat' dir='ltr'>iudicavi.</span> <span class='ocrx_word' id='word_1_319' title='bbox 971 3919 1123 3962; x_wconf 89' lang='lat' dir='ltr'>nam</span> <span class='ocrx_word' id='word_1_320' title='bbox 1177 3920 1311 3962; x_wconf 93' lang='lat' dir='ltr'>non</span> <span class='ocrx_word' id='word_1_321' title='bbox 1366 3897 1575 3962; x_wconf 92' lang='lat' dir='ltr'>solum</span> <span class='ocrx_word' id='word_1_322' title='bbox 1631 3898 1953 3985; x_wconf 89' lang='lat' dir='ltr'>quaedam</span> <span class='ocrx_word' id='word_1_323' title='bbox 2007 3921 2173 3986; x_wconf 90' lang='lat' dir='ltr'>quae</span> <span class='ocrx_word' id='word_1_324' title='bbox 2218 3898 2302 3966; x_wconf 90' lang='lat' dir='ltr'>ab</span> <span class='ocrx_word' id='word_1_325' title='bbox 2348 3898 2495 3964; x_wconf 92' lang='lat' dir='ltr'>aliis</span> <span class='ocrx_word' id='word_1_326' title='bbox 2539 3897 2786 3965; x_wconf 87' lang='lat' dir='ltr'>tradita</span> <span class='ocrx_word' id='word_1_327' title='bbox 2828 3921 2958 3963; x_wconf 91' lang='lat' dir='ltr'>non</span> <span class='ocrx_word' id='word_1_328' title='bbox 3000 3909 3154 3963; x_wconf 87' lang='lat' dir='ltr'>sunt</span> 
     </span>
    </p>
   </div>
   <div class='ocr_carea' id='block_1_3' title="bbox 574 3993 3285 4088">
    <p class='ocr_par' dir='ltr' id='par_1_3' title="bbox 574 3993 3285 4088">
     <span class='ocr_line' id='line_1_36' title="bbox 574 3993 3285 4088; baseline 0 -26"><span class='ocrx_word' id='word_1_329' title='bbox 574 3999 889 4082; x_wconf 88' lang='lat' dir='ltr'>continet,</span> <span class='ocrx_word' id='word_1_330' title='bbox 946 3998 1063 4066; x_wconf 89' lang='lat' dir='ltr'>sed</span> <span class='ocrx_word' id='word_1_331' title='bbox 1118 4000 1316 4064; x_wconf 88' lang='lat' dir='ltr'>etiam</span> <span class='ocrx_word' id='word_1_332' title='bbox 1374 3999 1692 4088; x_wconf 85' lang='lat' dir='ltr'>exemplis</span> <span class='ocrx_word' id='word_1_333' title='bbox 1739 3999 2243 4066; x_wconf 88' lang='lat' dir='ltr'>declinationum</span> <span class='ocrx_word' id='word_1_334' title='bbox 2288 4002 2739 4067; x_wconf 86' lang='lat' dir='ltr'>auctoritatem</span> <span class='ocrx_word' id='word_1_335' title='bbox 2785 4000 3069 4087; x_wconf 88' lang='lat' dir='ltr'>aliquam</span> <span class='ocrx_word' id='word_1_336' title='bbox 3112 4022 3154 4063; x_wconf 90' lang='lat' dir='ltr'>a</span> <span class='ocrx_word' id='word_1_337' title='bbox 3248 3993 3285 4018; x_wconf 77' lang='grc'>·’</span> 
     </span>
    </p>
   </div>
   <div class='ocr_carea' id='block_1_4' title="bbox 570 4238 3151 4902">
    <p class='ocr_par' dir='ltr' id='par_1_4' title="bbox 570 4238 3151 4902">
     <span class='ocr_line' id='line_1_37' title="bbox 740 4238 3151 4309; baseline 0.001 -17"><span class='ocrx_word' id='word_1_338' title='bbox 740 4238 791 4309; x_wconf 74' lang='grc'>*)</span> <span class='ocrx_word' id='word_1_339' title='bbox 839 4241 1073 4292; x_wconf 83' lang='lat' dir='ltr'>Praeter</span> <span class='ocrx_word' id='word_1_340' title='bbox 1119 4255 1185 4291; x_wconf 88' lang='lat' dir='ltr'>ea</span> <span class='ocrx_word' id='word_1_341' title='bbox 1231 4256 1373 4308; x_wconf 89' lang='lat' dir='ltr'>quae</span> <span class='ocrx_word' id='word_1_342' title='bbox 1418 4241 1568 4292; x_wconf 85' lang='lat' dir='ltr'>infra</span> <span class='ocrx_word' id='word_1_343' title='bbox 1617 4241 1866 4292; x_wconf 83' lang='lat' dir='ltr'>exhibita</span> <span class='ocrx_word' id='word_1_344' title='bbox 1910 4246 2039 4292; x_wconf 83' lang='lat' dir='ltr'>sunt</span> <span class='ocrx_word' id='word_1_345' title='bbox 2073 4242 2176 4292; x_wconf 88' lang='lat' dir='ltr'>duo</span> <span class='ocrx_word' id='word_1_346' title='bbox 2213 4241 2465 4309; x_wconf 82' lang='lat' dir='ltr'>exempla</span> <span class='ocrx_word' id='word_1_347' title='bbox 2502 4243 2739 4309; x_wconf 83' lang='lat' dir='ltr'>Vergilii</span> <span class='ocrx_word' id='word_1_348' title='bbox 2776 4243 3151 4309; x_wconf 84' lang='lat' dir='ltr'>grammaticis</span> 
     </span>
     <span class='ocr_line' id='line_1_38' title="bbox 573 4325 3148 4394; baseline 0 -17"><span class='ocrx_word' id='word_1_349' title='bbox 573 4328 784 4378; x_wconf 85' lang='lat' dir='ltr'>usitata</span> <span class='ocrx_word' id='word_1_350' title='bbox 830 4325 1116 4392; x_wconf 86' lang='lat' dir='ltr'>adscripta</span> <span class='ocrx_word' id='word_1_351' title='bbox 1159 4331 1289 4377; x_wconf 80' lang='lat' dir='ltr'>sunt</span> <span class='ocrx_word' id='word_1_352' title='bbox 1335 4325 1401 4377; x_wconf 89' lang='lat' dir='ltr'>de</span> <span class='ocrx_word' id='word_1_353' title='bbox 1448 4327 1846 4392; x_wconf 84' lang='lat' dir='ltr'>conparatione</span> <span class='ocrx_word' id='word_1_354' title='bbox 1895 4326 2169 4378; x_wconf 89' lang='lat' dir='ltr'>nominum</span> <span class='ocrx_word' id='word_1_355' title='bbox 2214 4344 2263 4394; x_wconf 91' lang='lat' dir='ltr'>p.</span> <span class='ocrx_word' id='word_1_356' title='bbox 2304 4331 2335 4378; x_wconf 87' lang='grc'><strong>9</strong></span> <span class='ocrx_word' id='word_1_357' title='bbox 2375 4326 2458 4382; x_wconf 91' lang='lat' dir='ltr'>ed.</span> <span class='ocrx_word' id='word_1_358' title='bbox 2497 4328 2677 4391; x_wconf 88' lang='lat' dir='ltr'>Web.,</span> <span class='ocrx_word' id='word_1_359' title='bbox 2715 4331 2847 4379; x_wconf 81' lang='lat' dir='ltr'>unde</span> <span class='ocrx_word' id='word_1_360' title='bbox 2883 4330 3030 4379; x_wconf 76' lang='lat' dir='ltr'>etiam</span> <span class='ocrx_word' id='word_1_361' title='bbox 3065 4331 3148 4379; x_wconf 79' lang='lat' dir='ltr'>ille</span> 
     </span>
     <span class='ocr_line' id='line_1_39' title="bbox 572 4407 3149 4480; baseline 0 -18"><span class='ocrx_word' id='word_1_362' title='bbox 572 4414 708 4462; x_wconf 76' lang='lat' dir='ltr'>dixit</span> <span class='ocrx_word' id='word_1_363' title='bbox 753 4407 943 4477; x_wconf 82' lang='lat' dir='ltr'>(Verg.</span> <span class='ocrx_word' id='word_1_364' title='bbox 979 4412 1112 4464; x_wconf 87' lang='lat' dir='ltr'>Aen.</span> <span class='ocrx_word' id='word_1_365' title='bbox 1150 4411 1177 4461; x_wconf 94' lang='lat'>1</span> <span class='ocrx_word' id='word_1_366' title='bbox 1213 4411 1301 4476; x_wconf 82' lang='lat'>96)</span> <span class='ocrx_word' id='word_1_367' title='bbox 1352 4412 1408 4463; x_wconf 82' lang='lat' dir='ltr'>‘o</span> <span class='ocrx_word' id='word_1_368' title='bbox 1444 4413 1676 4476; x_wconf 59' lang='lat' dir='ltr'>Danaum</span> <span class='ocrx_word' id='word_1_369' title='bbox 1715 4413 1995 4473; x_wconf 70' lang='lat' dir='ltr'>fortissime</span> <span class='ocrx_word' id='word_1_370' title='bbox 2036 4413 2203 4477; x_wconf 65' lang='lat' dir='ltr'>qentia</span> <span class='ocrx_word' id='word_1_371' title='bbox 2246 4412 2483 4478; x_wconf 76' lang='lat' dir='ltr'>Tydide&#39;,</span> <span class='ocrx_word' id='word_1_372' title='bbox 2530 4419 2586 4463; x_wconf 86' lang='lat' dir='ltr'>et</span> <span class='ocrx_word' id='word_1_373' title='bbox 2621 4412 2689 4463; x_wconf 91' lang='lat' dir='ltr'>de</span> <span class='ocrx_word' id='word_1_374' title='bbox 2727 4416 3149 4480; x_wconf 86' lang='lat' dir='ltr'>praepositioni-</span> 
     </span>
     <span class='ocr_line' id='line_1_40' title="bbox 574 4496 3147 4565; baseline 0 -18"><span class='ocrx_word' id='word_1_375' title='bbox 574 4496 674 4547; x_wconf 86' lang='lat' dir='ltr'>bus</span> <span class='ocrx_word' id='word_1_376' title='bbox 710 4513 763 4563; x_wconf 88' lang='lat' dir='ltr'>p.</span> <span class='ocrx_word' id='word_1_377' title='bbox 789 4498 854 4547; x_wconf 84' lang='lat'>29</span> <span class='ocrx_word' id='word_1_378' title='bbox 890 4496 974 4548; x_wconf 90' lang='lat' dir='ltr'>ed.</span> <span class='ocrx_word' id='word_1_379' title='bbox 1000 4496 1180 4560; x_wconf 89' lang='lat' dir='ltr'>Web.,</span> <span class='ocrx_word' id='word_1_380' title='bbox 1217 4512 1390 4561; x_wconf 68' lang='lat' dir='ltr'>super,</span> <span class='ocrx_word' id='word_1_381' title='bbox 1427 4499 1629 4564; x_wconf 80' lang='lat' dir='ltr'>quando</span> <span class='ocrx_word' id='word_1_382' title='bbox 1666 4499 1729 4547; x_wconf 82' lang='lat' dir='ltr'>de</span> <span class='ocrx_word' id='word_1_383' title='bbox 1763 4498 2032 4561; x_wconf 66' lang='lat' dir='ltr'>significat,</span> <span class='ocrx_word' id='word_1_384' title='bbox 2069 4499 2220 4547; x_wconf 72' lang='lat' dir='ltr'>sicuti</span> <span class='ocrx_word' id='word_1_385' title='bbox 2250 4507 2328 4549; x_wconf 73' lang='lat' dir='ltr'>esc</span> <span class='ocrx_word' id='word_1_386' title='bbox 2366 4499 2549 4565; x_wconf 86' lang='lat' dir='ltr'>(Verg.</span> <span class='ocrx_word' id='word_1_387' title='bbox 2585 4497 2720 4547; x_wconf 88' lang='lat' dir='ltr'>Aen.</span> <span class='ocrx_word' id='word_1_388' title='bbox 2761 4499 2786 4547; x_wconf 92' lang='lat'>1</span> <span class='ocrx_word' id='word_1_389' title='bbox 2823 4498 2944 4560; x_wconf 80' lang='lat'>754)</span> <span class='ocrx_word' id='word_1_390' title='bbox 2981 4502 3147 4548; x_wconf 78' lang='lat' dir='ltr'>‘multa</span> 
     </span>
     <span class='ocr_line' id='line_1_41' title="bbox 573 4579 3146 4649; baseline 0.001 -18"><span class='ocrx_word' id='word_1_391' title='bbox 573 4584 636 4631; x_wconf 82' lang='lat' dir='ltr'>de</span> <span class='ocrx_word' id='word_1_392' title='bbox 681 4582 886 4632; x_wconf 72' lang='grc' dir='ltr'><strong><em>Ρνίαηιο</em></strong></span> <span class='ocrx_word' id='word_1_393' title='bbox 936 4579 1207 4647; x_wconf 70' lang='grc' dir='ltr'><strong><em>νορίἰαηε’.</em></strong></span> <span class='ocrx_word' id='word_1_394' title='bbox 1282 4579 1567 4633; x_wconf 82' lang='lat' dir='ltr'>Ciceronis</span> <span class='ocrx_word' id='word_1_395' title='bbox 1623 4587 1811 4632; x_wconf 86' lang='lat' dir='ltr'>autem</span> <span class='ocrx_word' id='word_1_396' title='bbox 1862 4598 2056 4633; x_wconf 89' lang='lat' dir='ltr'>nomen</span> <span class='ocrx_word' id='word_1_397' title='bbox 2109 4587 2233 4648; x_wconf 86' lang='lat' dir='ltr'>post</span> <span class='ocrx_word' id='word_1_398' title='bbox 2285 4582 2712 4633; x_wconf 86' lang='lat' dir='ltr'>declinationem</span> <span class='ocrx_word' id='word_1_399' title='bbox 2771 4585 3146 4649; x_wconf 86' lang='lat' dir='ltr'>pronominum</span> 
     </span>
     <span class='ocr_line' id='line_1_42' title="bbox 571 4667 3149 4732; baseline 0.001 -17"><span class='ocrx_word' id='word_1_400' title='bbox 571 4669 712 4716; x_wconf 76' lang='lat' dir='ltr'>cuias</span> <span class='ocrx_word' id='word_1_401' title='bbox 761 4673 966 4717; x_wconf 74' lang='lat' dir='ltr'>nostras</span> <span class='ocrx_word' id='word_1_402' title='bbox 1015 4673 1214 4717; x_wconf 71' lang='lat' dir='ltr'>vestras</span> <span class='ocrx_word' id='word_1_403' title='bbox 1266 4667 1529 4732; x_wconf 82' lang='lat' dir='ltr'>scriptum</span> <span class='ocrx_word' id='word_1_404' title='bbox 1583 4670 1669 4716; x_wconf 87' lang='lat' dir='ltr'>est</span> <span class='ocrx_word' id='word_1_405' title='bbox 1713 4683 1768 4732; x_wconf 90' lang='lat' dir='ltr'>p.</span> <span class='ocrx_word' id='word_1_406' title='bbox 1811 4669 1872 4716; x_wconf 82' lang='lat'>17</span> <span class='ocrx_word' id='word_1_407' title='bbox 1912 4668 1996 4718; x_wconf 90' lang='lat' dir='ltr'>ed.</span> <span class='ocrx_word' id='word_1_408' title='bbox 2034 4668 2217 4731; x_wconf 87' lang='lat' dir='ltr'>Web.,</span> <span class='ocrx_word' id='word_1_409' title='bbox 2263 4670 2359 4718; x_wconf 72' lang='lat' dir='ltr'>sed</span> <span class='ocrx_word' id='word_1_410' title='bbox 2399 4668 2541 4717; x_wconf 68' lang='lat' dir='ltr'>leuius</span> <span class='ocrx_word' id='word_1_411' title='bbox 2584 4674 2866 4728; x_wconf 69' lang='lat' dir='ltr'>auderem,</span> <span class='ocrx_word' id='word_1_412' title='bbox 2912 4672 2964 4718; x_wconf 80' lang='lat' dir='ltr'>in</span> <span class='ocrx_word' id='word_1_413' title='bbox 3009 4670 3149 4719; x_wconf 73' lang='lat' dir='ltr'>cuius</span> 
     </span>
     <span class='ocr_line' id='line_1_43' title="bbox 571 4750 3147 4818; baseline 0.001 -17"><span class='ocrx_word' id='word_1_414' title='bbox 571 4751 714 4801; x_wconf 69' lang='lat' dir='ltr'>libris</span> <span class='ocrx_word' id='word_1_415' title='bbox 761 4752 1071 4811; x_wconf 76' lang='lat' dir='ltr'>inveniatur,</span> <span class='ocrx_word' id='word_1_416' title='bbox 1126 4767 1224 4802; x_wconf 81' lang='lat' dir='ltr'>non</span> <span class='ocrx_word' id='word_1_417' title='bbox 1275 4750 1510 4801; x_wconf 74' lang='lat' dir='ltr'>habemus</span> <span class='ocrx_word' id='word_1_418' title='bbox 1563 4754 1694 4801; x_wconf 75' lang='lat' dir='ltr'>tanti</span> <span class='ocrx_word' id='word_1_419' title='bbox 1738 4753 2012 4816; x_wconf 69' lang='lat' dir='ltr'>ponderis,</span> <span class='ocrx_word' id='word_1_420' title='bbox 2058 4761 2112 4803; x_wconf 82' lang='lat' dir='ltr'>ut</span> <span class='ocrx_word' id='word_1_421' title='bbox 2155 4755 2486 4818; x_wconf 76' lang='lat' dir='ltr'>inperitorum</span> <span class='ocrx_word' id='word_1_422' title='bbox 2519 4755 2874 4804; x_wconf 77' lang='lat' dir='ltr'>consuetudini</span> <span class='ocrx_word' id='word_1_423' title='bbox 2905 4755 3147 4804; x_wconf 73' lang='lat' dir='ltr'>resistere</span> 
     </span>
     <span class='ocr_line' id='line_1_44' title="bbox 570 4836 2336 4902; baseline 0.002 -17"><span class='ocrx_word' id='word_1_424' title='bbox 570 4836 837 4888; x_wconf 67' lang='lat' dir='ltr'>nalem.</span> <span class='ocrx_word' id='word_1_425' title='bbox 909 4851 1023 4886; x_wconf 83' lang='lat' dir='ltr'>nam</span> <span class='ocrx_word' id='word_1_426' title='bbox 1059 4837 1266 4887; x_wconf 82' lang='lat' dir='ltr'>duorum</span> <span class='ocrx_word' id='word_1_427' title='bbox 1301 4837 1617 4900; x_wconf 68' lang='lat' dir='ltr'>superiorum</span> <span class='ocrx_word' id='word_1_428' title='bbox 1651 4838 1762 4902; x_wconf 72' lang='lat' dir='ltr'>ipse</span> <span class='ocrx_word' id='word_1_429' title='bbox 1807 4836 1997 4889; x_wconf 75' lang='lat' dir='ltr'>Tullius</span> <span class='ocrx_word' id='word_1_430' title='bbox 2030 4844 2209 4889; x_wconf 73' lang='lat' dir='ltr'>mentor</span> <span class='ocrx_word' id='word_1_431' title='bbox 2243 4846 2336 4889; x_wconf 74' lang='lat' dir='ltr'>est.</span> 
     </span>
    </p>
   </div>
  </div>
 </body>
</html>
