3541 5564
302 2341 397 2387 188
424 2340 484 2387 V.

508 296 633 359 600
1614 297 1973 358 MACROBU

563 420 603 458 μ.
634 409 749 447 2ῗ29.
781 410 830 446 30
859 404 902 449 Ρ.

510 508 581 547 ex
625 494 904 565 corrupto
950 493 1009 545 et
1055 488 1286 563 integro
1330 485 1564 553 accedo,
1613 504 1683 544 ex
1731 484 1963 545 (luobus
2007 485 2304 564 corruptis
2345 484 2593 563 occipi0.
2683 485 2963 545 similiter
3011 478 3092 544 ἐκ

510 584 636 649 δύο
692 587 967 649 τελείων
1008 583 1383 666 συντρέχω,
1453 583 1529 647 ἐκ
1573 586 1835 646 τελείου
1880 582 1990 647 καὶ
2037 580 2516 657 ἀπολείποντος
2570 586 2967 666 προσκυνῶ,
3018 580 3090 656 ἐξ

510 686 990 762 ἀπολείποντος
1034 686 1145 750 καὶ
1188 689 1447 749 τελείου
1492 684 1880 769 συμβάλλω,
1931 684 2006 748 ἐκ
2052 684 2177 747 δύο
2224 680 2730 748 ἀπολειπόντων
2763 684 3087 768 κωμῳδῶ.

511 791 975 871 ευῃῐουοοᾶωη
1032 794 1337 870 conposita
1382 809 1531 869 quae
1579 809 1693 850 non
1740 797 1988 869 possunt
2034 790 2274 859 resolvi,
2335 799 2397 850 ut
2442 792 2701 868 suscipio
2746 789 3091 867 conplector

515 894 626 975 [ita
658 896 810 975 apud
855 895 991 955 illos
1036 887 1110 954 τό
1155 888 1278 972 μὲν
1322 887 1718 971 συντρέχω].
1796 900 1934 952 sunt
1978 892 2132 971 apud
2175 893 2431 953 Graecos
2476 893 2727 952 admissa
2772 901 2904 970 post
2948 909 3082 950 con-
3119 912 3149 949 5

513 1000 894 1077 positionem,
951 1015 1084 1056 cum
1130 1004 1331 1056 essent
1375 993 1667 1074 simplicia
1715 1014 1832 1054 non
1879 1002 2148 1073 recepta:
2195 995 2378 1074 νομῶ
2426 995 2575 1055 nihil
2623 996 2943 1071 significat,
3003 1002 3090 1053 ta-

512 1120 643 1160 men
691 1096 1022 1177 οίκονομῶ
1069 1098 1317 1165 dicitur;
1364 1092 1867 1176 similiter-604⁴&
1916 1105 1973 1155 et
2017 1093 2303 1175 δομεύω,
2351 1092 2686 1175 οἰκοδομῶ
2732 1105 2792 1156 et
2835 1093 3086 1172 βυσσο-

513 1198 775 1281 δομεύω
822 1207 1254 1278 conponuntur.
1326 1200 1407 1257 ita
1451 1194 1743 1257 sacior'et
1788 1217 1969 1275 grego
2016 1218 2130 1257 non
2178 1200 2484 1268 dicuntur,
2534 1199 2816 1258 conficior
2863 1216 2998 1256 vero
3031 1205 3092 1255 ct

513 1306 738 1364 afficior
784 1312 843 1362 et
887 1320 1179 1378 congrego
1226 1300 1408 1380 probe
1465 1301 1762 1359 (licuntur.
1854 1304 2089 1379 utrique
2150 1300 2330 1360 verbo
2398 1300 2572 1360 binae
2621 1302 3094 1379 praepositiones

514 1408 865 1483 iunguntur:
902 1404 1195 1463 Homerus
1247 1398 2020 1482 προπροκυλινδόμενος,
2058 1403 2354 1479 Vergilius
2397 1403 2614 1483 ‘pede
2662 1402 3092 1481 prosubigit
3123 1422 3179 1459 ιο

514 1509 845 1568 terram’.
936 1505 1197 1565 latinitas
1243 1506 1533 1583 conpositi
1607 1504 1773 1564 verbi
1821 1524 1994 1584 saepe
2040 1508 2290 1584 primam
2337 1504 2619 1584 syllabam
2666 1512 2871 1573 mutat,
2917 1512 3094 1562 teneo

514 1613 819 1674 contineo:
881 1626 1053 1686 saepe
1111 1626 1227 1666 non
1290 1614 1507 1681 mutat,
1570 1607 1699 1683 lego
1756 1607 2025 1685 neglego
2126 1609 2188 1667 in
2245 1625 2457 1685 graeco
2523 1606 2705 1666 verbo
2773 1624 3093 1685 numquam

515 1715 703 1790 prima
762 1710 986 1789 syllaba
1042 1709 1268 1769 adiecta
1351 1712 1786 1787 praepositione
1845 1710 2122 1778 violatur,
2193 1705 2420 1787 βάλλω
2481 1703 2878 1788 α’μφιβάλλω
2945 1704 3096 1766 δια-

512 1810 738 1892 βάλλω
785 1807 1202 1889 καταβάλλω,
1250 1804 1389 1889 ἄγω
1435 1807 1707 1890 συνάγω
1755 1807 2028 1890 προάγω
2075 1806 2307 1891 διάγω,
2356 1806 2540 1889 φέρω
2584 1804 2902 1889 προφέρω
2946 1805 3096 1868 δια-

515 1913 698 1995 φέρω
755 1907 1107 1993 ἀναφέρω,
1156 1908 1328 1990 δέρω
1376 1909 1651 1991 ἐκὸέρω,
1709 1913 1888 1992 φιλῶ
1933 1912 2303 1991 καταφιλῶ.
2393 1913 2549 1972 ultro
2607 1913 2883 1992 equidem
2940 1913 3092 1973 inte·
3128 1932 3182 1969 15

515 2024 740 2076 merato
772 2015 951 2075 verbo
984 2016 1345 2093 praepositio
1373 2034 1546 2094 saepe
1579 2017 2000 2093 corrumpitur,
2047 2011 2216 2094 λέγω
2252 2016 2257 2094 Ι
2293 2010 2619 2092 συλλέγω,
2662 2010 2890 2092 βάλλω
2923 2028 3090 2093 συμ-

514 2114 782 2196 βάλλω,
828 2114 1036 2197 τρέχω
1097 2112 1405 2195 ἐκτρέχω.
1498 2117 1607 2177 hoc
1654 2120 1797 2177 item
1863 2120 1922 2176 in
1970 2117 2196 2185 latinis,
2256 2118 2381 2175 sero
2439 2118 2658 2175 eci'ero.
2751 2117 2988 2193 aufugio
3034 2124 3098 2174 et

516 2223 719 2280 aufero
775 2241 805 2280 a
861 2221 1300 2298 praepositione
1357 2218 1429 2278 ab
1492 2227 1931 2297 conponuntur,
2004 2227 2063 2278 et
2116 2221 2178 2278 in
2239 2219 2331 2278 his
2401 2218 2541 2278 solis
2599 2217 2671 2278 ab
2717 2225 2986 2278 movetur
3031 2221 3094 2277 in

515 2341 596 2382 au
640 2329 879 2398 auctore
926 2324 1247 2388 Cicerone,
1306 2340 1661 2399 sensumque
1706 2320 1887 2381 habet
1933 2328 2257 2380 retrorsum
2307 2320 2596 2380 trahendi.
2689 2320 2962 2397 Nigidius
3008 2328 3095 2379 ta-

519 2444 652 2484 men
710 2433 875 2504 putat
930 2423 1175 2483 verbum
1235 2431 1472 2483 autumo
1517 2441 1596 2484 ex
1641 2423 1845 2483 eadem
1891 2424 2328 2501 praepositione
2378 2424 2648 2500 conponi,
2695 2423 2862 2501 quasi
2911 2421 3085 2481 abae·
3124 2441 3180 2478 ευ

519 2530 721 2595 stimo,
786 2529 938 2587 sicut
992 2525 1317 2585 abnumero
1372 2525 1528 2585 idem
1599 2533 1688 2585 est
1740 2533 1798 2585 et
1863 2543 2125 2584 numero.
2218 2532 2455 2584 autumo
2515 2543 2653 2584 vero
2718 2533 2778 2583 et
2837 2525 2969 2584 dico
3037 2533 3100 2584 et

521 2650 733 2689 censeo
778 2629 1089 2705 significat.
1178 2646 1390 2703 graeca
1436 2627 1645 2696 verba,
1693 2626 1928 2705 quando
1983 2635 2396 2705 conponuntur
2454 2646 2587 2686 cum
2633 2627 3095 2705 praepositione,

521 2733 771 2793 eundem
818 2737 1125 2792 accentum
1170 2731 1297 2789 sine
1345 2727 1526 2789 dubio
1571 2735 1821 2798 servant,
1882 2724 2289 2809 καταγράφω
2336 2724 2676 2807 περιφέρω
2723 2720 3097 2809 ἀναγλύφω

518 2828 830 2914 ὑπομένω
888 2829 1207 2910 διατρέχω
1266 2831 1617 2891 καταλαλῶ
1673 2831 1966 2911 προορῶ.
2058 2850 2189 2892 cum
2249 2851 2387 2891 vero
2455 2834 2542 2890 eis
2595 2831 2708 2892 alia
2764 2850 2906 2911 pars
2962 2850 3095 2891 ora-

519 2940 698 2996 tionis
744 2937 1115 3012 adiungitur,
1180 2917 1350 2994 modo
1396 2942 1623 2993 mutant
1666 2935 1955 3012 priorem,
2014 2934 2186 2993 modo
2243 2942 2483 2993 tuentur
2550 2941 2879 2993 accentum.
2967 2950 3180 2994 ser-25

521 3046 658 3098 vant
701 3042 760 3098 in
808 3039 919 3106 his,
965 3035 1083 3096 τίω
1116 3027 1293 3104 ἀτίω,
1344 3029 1523 3095 ὅσσω
1557 3030 1891 3112 κακόσσω,
1939 3035 2093 3095 unde
2126 3031 2642 3114 κακοσσόμενος,
2688 3035 2900 3096 νίπτω
2942 3055 3097 3114 χερ-

519 3140 755 3218 νίπτω,
802 3141 957 3200 unde
1003 3145 1093 3198 est
1138 3135 1572 3215 εχερνίψαντο
1630 3130 1694 3196 δ’
1743 3135 2027 3214 ἔπειτα’,
2074 3137 2392 3216 κιθαρίζω
2449 3136 2948 3217 χοροκιθαρίζω.
3033 3141 3093 3198 in

519 3243 653 3303 aliis
684 3248 928 3310 mutant,
956 3235 1200 3332 γλύφω
1234 3238 1755 3319 καλαμογλυφῶ,
1780 3233 2019 3318 γράφω
2045 3239 2492 3320 χειρογραφῶ,
2516 3235 2738 3299 σθένω
2764 3233 3097 3317 εὐσθενῶ,

521 3339 695 3424 σέβω
743 3336 1023 3420 εὐσεβῶ.
1072 3343 1267 3402 Latini
1312 3341 1591 3401 similiter
1635 3348 1889 3409 servant,
1936 3360 2234 3419 praepono
2279 3359 2634 3420 praecurro;
2682 3348 2927 3411 mutant,
2976 3343 3096 3403 coi-

521 3448 639 3524 ligo
683 3447 885 3508 affero.
946 3444 1099 3523 apud
1144 3443 1384 3504 Latinos
1428 3444 1585 3504 nulla
1631 3445 1992 3522 praepositio
2037 3443 2311 3502 adiuncta
2356 3450 2541 3503 mutat
2597 3445 3093 3521 coniugationem,
3126 3460 3179 3498 ιω

521 3549 708 3610 clamo
774 3548 1017 3615 clamaS‚
1078 3545 1339 3606 declamo
1395 3545 1715 3616 declamas;
1774 3546 1984 3606 Graeci
2029 3563 2144 3604 non
2193 3563 2509 3624 numquam
2568 3547 2628 3605 in
2686 3548 3096 3624 conpositione

522 3659 749 3711 mutant
794 3650 1288 3726 coniugationem,
1337 3646 1520 3707 σνλῶ
1576 3646 1809 3728 συλᾷς,
1858 3642 2187 3726 ίεροσυλῶ
2233 3643 2624 3726 ἱεροσυλεῖς,
2670 3648 2837 3728 τιμῶ
2880 3648 3093 3729 τιμᾷς,

522 3747 729 3832 ἀτιμῶ
775 3747 1051 3831 ἀτιμοῖς,
1098 3749 1306 3829 πειρῶ
1351 3749 1608 3829 πειρᾷς,
1659 3745 1951 3829 ἐμπειρῶ
1996 3744 2353 3829 ἐμπειρεῖς·
2404 3748 2544 3808 licet
2586 3751 2707 3809 sint
2750 3753 2849 3830 qui
2897 3750 3097 3810 dicant

521 3856 666 3915 haec
713 3872 828 3913 non
876 3848 1195 3931 σύνθετα,
1242 3852 1343 3911 sed
1389 3845 1893 3931 παρασύνθετα,
1939 3850 2002 3909 id
2046 3859 2137 3910 est
2179 3869 2295 3910 non
2331 3853 2457 3928 ipsa
2503 3855 2826 3930 conposita,
2874 3852 2974 3912 sed
3023 3871 3092 3912 ex

523 3957 846 4034 conpositis
892 3956 1040 4014 sacta
1084 3953 1446 4021 nominibuS,
1494 3961 1559 4013 ut
1601 3949 1931 4031 ίεροσυλῶ
1978 3971 2093 4011 non
2139 3954 2217 4011 sit
2247 3945 2374 4011 ἀπὸ
2414 3951 2536 4012 τοῦ
2569 3954 2778 4033 συλῶ,
2823 3954 2926 4014 sed
2958 3947 3089 4014 ἀπὸ
3119 3967 3171 4006 ³5

519 4057 643 4118 τοῦ
689 4051 1072 4137 ἱερόσυλος,
1118 4064 1178 4116 et
1222 4049 1431 4136 άτιμῶ
1476 4074 1589 4115 non
1637 4047 1766 4114 ἀπὸ
1812 4054 1932 4113 τοῦ
1976 4053 2167 4133 τιμῶ,
2213 4054 2314 4114 sed
2361 4046 2491 4113 ἀπὸ
2543 4055 2666 4115 τοῦ
2727 4049 2989 4136 ἄτιμος,
3036 4064 3096 4116 et

525 4156 816 4240 ἐμπειρῶ
873 4178 988 4218 non
1043 4149 1172 4218 ἀπὸ
1229 4158 1350 4217 τοῦ
1408 4157 1642 4238 πειρῶ,
1689 4156 1791 4216 scd
1838 4148 1966 4216 ἀπὸ
2011 4155 2132 4216 τοῦ
2177 4154 2504 4236 ἔμπειρος.
2597 4166 2657 4217 et
2698 4159 2844 4219 haec
2890 4163 3098 4218 vocant

660 4367 691 4415 5
727 4378 915 4426 σιντρε
956 4381 998 4414 ω
1030 4364 1079 4411 P
1176 4363 1207 4412 8
1234 4362 1407 4410 dicunt
1430 4369 1640 4426 utroque
1664 4361 1845 4439 zogop
1954 4360 2015 4410 10
2051 4360 2292 4409 Homeros
2335 4361 2410 4410 P.-
2448 4359 2516 4415 ΙΙ.
2557 4362 2611 4412 Χ
2646 4364 2743 4413 221
2783 4363 2876 4416 Οιί.
2914 4363 2963 4419 Ρ
2995 4364 3097 4413 525

666 4435 915 4497 Vergilio
901 4381 951 4496 s}
981 4448 1156 4498 year-9
1195 4432 1255 4479 ΙΙΙ
1294 4431 1396 4482 256
1502 4431 1560 4480 14
1599 4427 1850 4495 προαγω]
1896 4446 2136 4494 πρωαγω
2165 4432 2210 4480 Ρ
2353 4431 2416 4480 15
2454 4427 2598 4495 δέρω
2633 4424 2843 4496 ἔκδὲρω
2875 4450 2972 4484 non
3007 4449 3098 4482 suo

524 4508 633 4557 loco
669 4506 835 4567 posita
871 4519 981 4553 esse
1015 4505 1222 4552 coniecit
1254 4501 1412 4550 Ianus
1449 4501 1562 4550 coll.
1603 4515 1714 4550 exc.
1758 4498 1888 4552 Boo.
1925 4517 1977 4563 p.
2026 4499 2121 4548 149
2157 4502 2234 4551 ed.
2286 4502 2437 4553 Vind.
2543 4503 2604 4553 17
2638 4502 2732 4551 hoc
2769 4504 2899 4552 idem
2943 4503 3100 4552 Ianus

661 4573 870 4637 aufugio
912 4584 959 4622 et
997 4571 1194 4636 aufero]
1239 4574 1362 4621 Get!
1406 4572 1498 4620 XV
1537 4569 1569 4620 3
1742 4569 1806 4618 19
1848 4585 1910 4617 au
1948 4586 2037 4617 om.
2075 4571 2151 4619 P.-
2189 4585 2385 4620 versam
2421 4581 2762 4636 mutatamque
2800 4589 2910 4622 esse
2945 4576 3006 4623 ab
3044 4574 3093 4621 in

526 4660 588 4692 au
628 4645 869 4708 syllabam
913 4659 1026 4692 exc.
1067 4644 1197 4694 1300.
1340 4638 1599 4705 Cloe-rone]
1643 4648 1776 4691 orac.
1815 4641 1899 4692 47
1943 4639 2040 4689 158
2180 4641 2366 4690 habent
2400 4642 2450 4689 P
2587 4643 2655 4691 20
2693 4660 2756 4691 ex
2792 4659 2884 4693 om.
2921 4646 2971 4694 P

527 4715 670 4775 quasi
715 4715 775 4762 ab
820 4722 870 4761 et
905 4715 1115 4763 aestimo
1152 4714 1201 4760 P
1367 4711 1433 4761 26
1479 4703 1917 4774 κακοσσόμενος]
1961 4709 2106 4759 Hom.
2147 4710 2213 4761 II.
2254 4712 2302 4759 A
2342 4711 2439 4760 105
2613 4713 2680 4761 27
2724 4711 3094 4779 χερνίψαντο]

526 4785 668 4834 Hom.
706 4784 772 4833 ll.
809 4783 857 4831 A
894 4785 994 4832 449
1134 4780 1197 4832 ὃε
1241 4797 1436 4832 επειτα
1464 4783 1511 4831 P
1645 4779 1709 4831 37
1750 4774 2013 4844 ἔμπειρος
2016 4777 2037 4845 J
2080 4794 2353 4846 εμπειρως
2393 4782 2435 4828 P
