3541 5564
599 348 728 422 460
1700 357 2072 423 EVTYCHIS

651 480 694 521 p.
725 469 812 510 tes.
839 468 890 510 6¹1
917 466 960 508 L.
2779 479 2823 520 p.
2881 467 2968 508 158.
2999 465 3050 505 59
3079 463 3124 505 r.

601 550 825 617 cacius,
874 549 1019 608 artis
1060 546 1451 609 subtiIitatem
1500 548 1848 618 mirabitur,
1899 566 2049 627 quae
2088 548 2569 625 coniugationum
2615 548 2990 625 distinguens
3034 565 3174 606 con-

599 650 891 710 fusionem
936 668 969 710 a
1013 652 1306 729 positione
1351 647 1668 710 verborum
1713 650 1981 711 traducta
2027 648 2287 709 verbalia
2332 651 2597 718 nomina,
2645 651 3000 728 paucissima
3046 650 3175 728 qui-

599 751 733 811 dem
779 758 839 811 et
882 770 949 812 ea
1006 754 1136 832 ipsa
1192 755 1290 813 vix
1343 754 1406 813 in
1452 751 1680 812 duabus
1738 758 1840 812 aut
1895 750 2089 812 tribus
2132 750 2658 812 terminationibus
2700 769 2772 811 ex
2824 754 3044 831 prima,
3103 768 3174 810 ex

598 853 846 914 aliarum
891 872 1029 913 vero
1074 856 1555 931 coniugationum
1587 853 1787 914 verbis
1830 855 2013 915 multa
2062 860 2121 914 et
2165 872 2195 914 a
2241 852 2516 933 pluribus
2547 853 2828 914 clausulis
2859 855 3176 933 progenuit

595 957 855 1016 nomina.
946 963 1006 1016 et
1049 964 1382 1018 ceterarum
1428 956 1666 1036 quidem
1712 957 2195 1033 coniugationum
2240 973 2524 1035 praesens
2570 956 2981 1025 indicativum,
3034 956 3174 1034 quia
3202 982 3228 1022 5

594 1059 900 1118 nominum
955 1059 1361 1120 traductiones
1415 1061 1477 1119 in
1522 1058 1690 1118 verbi
1737 1058 2082 1119 finalitatem
2129 1076 2247 1117 non
2293 1059 2573 1137 suscipit,
2631 1066 2688 1119 et
2746 1059 2997 1119 maxime
3052 1065 3175 1118 ter-

591 1159 741 1228 tiae,
788 1159 1202 1221 indisferenter
1246 1161 1427 1221 multa
1474 1160 1546 1220 de
1589 1178 1652 1220 se
1683 1163 1923 1221 nomina
1955 1161 2150 1221 facere
2197 1178 2316 1220 non
2362 1159 2689 1239 prohibuit.
2760 1162 2986 1239 primae
3033 1176 3175 1218 vero

592 1263 1029 1338 coniugationis
1094 1264 1342 1343 positio,
1406 1264 1544 1341 quia
1610 1263 1825 1324 multas
1890 1266 2195 1322 nominum
2264 1264 2519 1341 suscipit
2583 1261 2659 1322 ab
2714 1261 2990 1322 omnibus
3055 1270 3173 1323 tam

592 1362 1091 1423 declinationibus
1134 1382 1311 1442 quam
1355 1364 1636 1425 clausulis
1668 1366 2074 1425 traductiones
2119 1366 2179 1424 in
2212 1362 2421 1432 verbo,
2470 1366 2688 1423 merito
2720 1364 2791 1424 de
2824 1381 2887 1423 se
2934 1365 3173 1423 nomina

592 1483 707 1524 non
754 1464 901 1524 adeo
959 1468 1254 1527 concessit
1310 1467 1603 1545 proferre.
1690 1466 1949 1526 secunda
2005 1468 2165 1526 enim
2221 1473 2282 1526 et
2335 1472 2544 1545 quarta
2596 1465 2737 1526 licet
2795 1466 3095 1526 interdum
3141 1484 3170 1524 a
3206 1490 3254 1529 ιο

598 1566 941 1627 nominibus
986 1568 1250 1629 derivata
1295 1567 1473 1629 verba
1520 1570 1883 1648 suscipiunt,
1930 1577 2129 1628 tamen
2176 1568 2247 1628 de
2292 1569 2553 1645 genitivo
2583 1570 2887 1628 nominum
2931 1586 3040 1648 per
3083 1570 3175 1627 in-

593 1678 897 1729 crementa
943 1670 1335 1750 syllabarum,
1393 1669 1614 1749 quibus
1656 1676 1908 1750 utraque
1955 1671 2293 1747 coniugatio
2338 1671 2744 1747 cognoscitur,
2804 1670 2864 1730 id
2921 1678 3011 1730 est
3065 1686 3177 1749 per

593 1788 664 1829 eo
707 1771 996 1842 secunda,
1043 1790 1153 1852 per
1195 1775 1254 1832 io
1300 1780 1538 1851 quarta,
1592 1772 1853 1833 derivata
1899 1779 2105 1832 carent
2148 1771 2327 1832 buius
2372 1773 2532 1833 modi
2577 1774 2944 1833 confusione.
3019 1771 3175 1832 unde

593 1879 784 1952 potest
827 1875 1006 1935 etiam
1052 1875 1155 1935 illa
1198 1876 1465 1954 quaestio
1511 1874 1658 1934 solvi
1709 1872 1767 1955 ΙΙ,
1815 1892 1991 1954 quam
2035 1872 2277 1953 quidam
2321 1891 2394 1934 ex
2430 1891 2794 1953 supervacuo
2838 1881 3179 1953 proponunt

592 1974 968 2044 dubitantes,
1016 1993 1085 2036 ea
1131 1975 1340 2046 verba,
1398 1994 1548 2055 quae
1596 1978 1875 2055 superius
1919 1995 1952 2036 a
1997 1976 2250 2053 singulis
2291 1982 2411 2036 tam
2456 1976 2956 2037 declinationibus
3000 1994 3175 2055 quam
3208 1999 3257 2039 ιε»

590 2076 978 2137 finalitatibus
1032 2079 1338 2139 nominum
1397 2078 1659 2138 derivata
1714 2080 1941 2158 primae
1999 2079 2434 2155 coniugationis
2499 2097 2627 2139 esse
2695 2081 3174 2147 monstravimus,

596 2187 794 2239 utrum
838 2179 1021 2240 verba
1077 2180 1149 2240 de
1207 2179 1576 2250 nominibuS,
1637 2198 1710 2241 an
1769 2181 2011 2241 nomina
2067 2180 2140 2240 de
2200 2178 2399 2240 verbis
2443 2190 2853 2260 procreantur.
2942 2199 3076 2242 nam
3122 2182 3175 2241 si

592 2281 664 2341 de
722 2281 926 2342 verbis
981 2290 1181 2343 essent
1236 2284 1506 2353 nomina,
1566 2302 1683 2343 non
1741 2282 2007 2343 diversas
2062 2290 2122 2343 et
2175 2284 2347 2361 quasi
2394 2282 2726 2361 singulares
2778 2303 2849 2343 ex
2895 2301 3014 2343 uno
3059 2284 3175 2344 tine

591 2382 904 2444 verborum
949 2382 1244 2445 baberent
1299 2385 1619 2455 clausulaS,
1687 2385 1821 2455 sed,
1881 2386 2037 2445 sicut
2090 2386 2405 2464 participia
2461 2385 2551 2445 vel
2608 2388 2847 2446 nomina
2890 2384 3173 2453 verbalia,

589 2484 878 2546 deberent
921 2486 1129 2546 eodem
1174 2487 1347 2547 modo
1393 2486 1563 2566 plura
1611 2485 1722 2547 sub
1769 2504 1884 2547 una
1933 2486 2257 2565 eademque
2300 2490 2720 2549 terminatione
2764 2489 2957 2556 finiri,
3016 2486 3172 2566 quod
3202 2512 3255 2551 20

590 2607 622 2646 e
679 2590 978 2648 contrario
1035 2589 1326 2649 cernitur.
1415 2592 1723 2650 nominum
1791 2591 1951 2648 enim
2019 2589 2090 2648 de
2171 2587 2338 2648 verbi
2404 2591 2702 2668 positione
2769 2589 3174 2650 traductorum

593 2687 813 2768 absque
860 2691 1063 2768 paucis
1107 2689 1518 2767 generalibuS,
1586 2710 1736 2771 quas
1779 2692 2056 2770 superius
2100 2690 2498 2767 ostendimus,
2558 2688 2841 2773 relilquas
2885 2690 3178 2770 speciales

589 2800 651 2851 et
692 2799 814 2853 tam
859 2792 1141 2854 clausulis
1198 2813 1374 2872 quam
1430 2792 1928 2856 declinationibus
1977 2793 2245 2853 diversas
2290 2800 2349 2853 et
2393 2796 2455 2853 in
2514 2792 2844 2856 rarioribus
2889 2794 3177 2873 exemplis

589 2896 862 2955 inventas
917 2897 1395 2966 terminationeS,
1455 2894 1773 2956 verborum
1829 2913 1971 2954 vero
2026 2894 2098 2954 de
2157 2894 2499 2956 nominibus
2556 2897 2848 2957 factorum
2894 2905 2952 2957 et
2995 2913 3175 2974 gene-

588 2997 744 3058 rales
788 2996 1108 3058 finalitates
1153 3004 1214 3056 et
1258 2997 1328 3057 ad
1374 3015 1554 3058 unam
1582 3005 1813 3058 tantum
1843 2998 2217 3075 pertinentes
2246 3000 2723 3075 coniugationem
2768 3007 2826 3059 et
2870 3001 2932 3059 in
2973 3016 3173 3059 exem·
3200 3023 3255 3063 ιο

589 3098 703 3178 plis
749 3097 1293 3160 innumerabilibus
1338 3108 1693 3179 apparentes
1724 3098 2010 3159 videmuS.
2059 3118 2130 3159 ex
2176 3118 2246 3159 eo
2292 3118 2545 3180 quoque,
2594 3101 2749 3180 quod
2793 3102 3176 3162 uniformiter

588 3209 646 3260 et
692 3200 810 3261 sibi
856 3217 1117 3278 congrue
1162 3199 1235 3261 ab
1293 3202 1453 3261 omni
1509 3203 1933 3261 terminatione
1979 3204 2286 3262 nominum
2332 3203 2505 3282 plura
2561 3201 2743 3263 verba
2795 3205 3174 3263 consonanti-

588 3300 696 3362 bus
741 3301 1238 3382 praecedentibus
1295 3302 1565 3364 traducta
1610 3304 1838 3383 primae
1897 3310 2034 3363 sunt
2092 3304 2276 3365 solius
2330 3306 2768 3382 coniugationis
2812 3304 3174 3385 syllabarum

588 3405 766 3463 etiam
810 3406 1059 3482 genitivi
1115 3407 1408 3466 rationem
1464 3413 1523 3466 et
1583 3407 1645 3466 in
1690 3404 1875 3466 verbo
1921 3407 2249 3476 servantia,
2311 3407 2795 3468 manifestissime
2840 3406 3174 3487 probantur

588 3504 768 3565 verba
814 3505 887 3565 de
933 3505 1275 3567 nominibus
1323 3525 1453 3568 esse
1498 3507 1793 3568 traducta.
1882 3516 1947 3567 ut
1994 3510 2154 3568 enim
2199 3509 2484 3570 feminina
2540 3510 2780 3569 nomina
2826 3510 3253 3572 masculinisso

589 3606 974 3668 adhaerentia
1020 3614 1080 3668 et
1124 3607 1197 3668 ab
1255 3608 1378 3669 illis
1431 3611 1595 3687 gigni
1653 3610 1934 3670 dicuntur
1986 3617 2046 3670 et
2090 3628 2265 3689 pares
2310 3612 2399 3670 eis
2442 3628 2678 3689 semper
2721 3611 2945 3672 habere
2992 3611 3171 3690 sylla·

575 3706 693 3782 ‚bas
737 3716 1059 3785 coguntur,
1109 3717 1175 3770 ut
1217 3717 1347 3771 ater
1392 3713 1507 3771 atri
1551 3719 1708 3781 atra,
1756 3720 1932 3772 tener
1975 3712 2173 3771 teneri
2219 3718 2451 3781 tenera,
2510 3713 2720 3790 longus
2769 3713 2929 3792 longi
2977 3714 3168 3791 longa,

586 3809 806 3870 arduus
863 3811 1033 3872 ardui
1093 3811 1304 3881 ardua,
1366 3815 1451 3873 sic
1506 3814 1653 3874 haec
1710 3812 1892 3873 verba
1949 3812 2021 3872 de
2079 3811 2420 3873 nominibus
2474 3814 2604 3874 [ieri
2662 3814 2945 3885 dicimuS,
3014 3816 3169 3895 quod

585 3913 985 3989 genitivorum
1032 3913 1277 3996 syllabis
1322 3917 1539 3993 positio
1583 3914 1754 3975 verbi
1796 3914 2147 3995 respondet,
2207 3923 2274 3975 ut
2318 3932 2489 3976 sacer
2533 3918 2687 3977 sacri
2734 3935 2904 3978 sacro
2949 3923 3168 3987 sa'craS,

584 4013 741 4075 liber
786 4013 965 4075 liberi
1010 4015 1205 4077 libero
1234 4015 1484 4088 liberas,
1531 4017 1674 4094 vigil
1706 4017 1904 4094 vigilis
1933 4017 2115 4095 vigilo
2146 4018 2381 4095 vigilaS‚
2430 4036 2632 4078 semen
2666 4020 2913 4078 seminis
2939 4021 3168 4078 semino
3195 4043 3249 4082 35

585 4118 872 4186 seminaS‚
920 4135 1148 4178 memor
1192 4121 1474 4179 memoris
1519 4137 1787 4179 memoro
1831 4137 2156 4190 memoras,
2213 4119 2386 4180 miles
2429 4120 2642 4180 militis
2685 4119 2878 4181 milito
2926 4120 3167 4192 militaS,

723 4357 752 4408 1
784 4353 933 4423 quae]
973 4357 1093 4419 quia
1125 4357 1175 4407 P
1310 4358 1342 4405 2
1377 4357 1625 4407 uerbialia
1663 4357 1711 4406 B
1730 4358 1777 4406 P
1911 4358 1944 4409 3
1975 4364 2024 4406 et
2049 4357 2142 4422 (ex
2175 4358 2297 4408 add.
2326 4358 2397 4410 αΙ.
2427 4356 2519 4422 m.)
2556 4355 2765 4408 aliarum
2806 4359 2855 4407 P
2952 4358 2985 4407 5
3023 4372 3166 4422 prae·

596 4442 715 4477 sens
750 4440 992 4491 praeesse
1027 4426 1360 4476 indicatiuum
1398 4430 1450 4478 P
1586 4427 1620 4478 6
1652 4427 1909 4477 nominum
1948 4427 2132 4477 multas
2162 4427 2501 4477 traductiones
2543 4435 2608 4483 ἐς
2713 4429 2933 4477 maxime
2968 4445 2995 4476 e
3022 4429 3170 4477 tertia

583 4495 703 4545 BP
737 4496 959 4546 maxime
995 4511 1025 4545 a
1068 4496 1213 4546 tertia
1251 4505 1316 4553 ις
1489 4498 1517 4545 7
1554 4498 1901 4548 indesinenter
1945 4497 2234 4562 (superse-r.
2272 4501 2340 4547 al.
2380 4513 2440 4551 m.
2480 4496 2560 4545 uel
2605 4494 2976 4559 indifferenter)
3010 4496 3171 4547 musta

586 4567 651 4616 de
689 4583 746 4616 se
784 4567 989 4615 nomina
1022 4566 1190 4616 facere
1224 4581 1322 4616 uon
1362 4567 1624 4632 prohibuit
1662 4577 1681 4618 t
1714 4569 2057 4618 indesinenter
2091 4582 2190 4617 non
2227 4566 2483 4632 probibuit
2520 4567 2571 4614 P
2601 4567 2947 4617 indesinenter
2985 4583 3082 4616 non
3119 4568 3172 4616 B

590 4636 935 4686 indifferenter
991 4651 1091 4687 non
1141 4636 1402 4702 prohibuit
1449 4638 1608 4688 multa
1641 4637 1704 4687 de
1757 4652 1813 4688 se
1862 4639 2067 4687 nomina
2104 4638 2270 4687 facere
2308 4652 2340 4693 ς
2481 4636 2545 4688 13
2579 4637 2837 4687 deriuatae
2866 4637 2959 4693 Βς
3104 4638 3168 4688 14

585 4707 816 4769 quaestio
855 4706 985 4756 solui
1023 4706 1132 4756 sola
1169 4708 1218 4754 P
1316 4717 1635 4773 praeponunt
1672 4708 1722 4756 B
1830 4707 1894 4758 19
1931 4709 2060 4757 sicut
2092 4724 2182 4760 om.
2220 4705 2273 4755 B
2377 4707 2618 4756 uerbialia
2656 4706 2768 4755 BP
2872 4707 2939 4756 23
2972 4707 3171 4756 diuisas

588 4776 638 4825 B
744 4777 811 4826 26
849 4791 914 4824 ex
950 4791 1010 4824 eo
1047 4790 1248 4838 quoqne
1278 4777 1412 4840 quod
1441 4778 1475 4838 s
1482 4793 1515 4833 ς
1553 4793 1616 4826 ex
1646 4791 1705 4826 eo
1742 4793 1943 4840 quoque
1980 4780 2098 4840 quia
2137 4785 2158 4827 t
2195 4793 2257 4836 ex
2289 4775 2569 4840 (super-scr.
2608 4775 2693 4838 eo)
2724 4793 2821 4840 que
2855 4777 2988 4840 quod
3022 4778 3069 4826 Β
3104 4792 3169 4827 ex

589 4861 647 4894 eo
685 4846 821 4908 quod
856 4845 901 4895 P
1040 4845 1107 4894 34
1143 4848 1416 4910 respondet
1449 4855 1512 4902 ις
1548 4848 1877 4912 responderet
1912 4847 2027 4896 BP
2163 4847 2231 4898 36
2267 4848 2488 4897 seminas
2523 4841 2598 4897 si'c
2635 4855 2684 4896 et
2719 4862 2912 4897 memor
2946 4849 2998 4897 P
