3541 5564
1385 384 1858 447 COMMENTVM
2779 375 2906 439 299

2537 501 2579 541 p.
2606 487 2784 528 451—53
2812 483 2855 526 1..

321 579 615 659 positione
673 576 850 637 habet
901 585 1089 644 stare,
1151 577 1272 634 sive
1317 573 1526 634 dixero
1570 572 1686 641 illi,
1742 572 2036 651 positione
2084 569 2262 630 habet
2304 575 2480 629 stare.
2572 585 2714 645 ergo
2761 567 2905 628 nihil

321 687 586 761 praestat
628 680 739 740 nisi
784 680 1101 738 novitatem
1149 675 1517 738 elocutionis.
1607 674 1917 737 antithesis
1960 672 2112 753 apud
2158 670 2397 733 Latinos
2442 669 2586 732 nihil
2632 676 2906 751 praestat.

324 802 355 844 e
399 782 700 843 contrario
745 779 898 861 apud
947 780 1207 840 Graecos
1262 786 1524 859 praestat
1584 774 1940 861 [ornatum]:
2000 795 2035 835 o
2080 774 2252 853 longa
2300 781 2413 843 est,
2462 793 2499 834 u
2547 773 2741 834 brevis
2785 779 2903 839 est:

325 883 423 945 ubi
468 885 799 945 necessitas
845 889 937 942 est
982 883 1186 950 metri,
1233 878 1396 941 illam
1442 901 1477 941 o
1521 900 1632 962 pro
1677 899 1714 940 u
1760 880 2105 959 accipimus.
2167 895 2306 938 ecce
2335 896 2402 937 re
2433 894 2569 937 vera
2600 875 2909 937 antithesis

272 1006 299 1044 5
326 995 440 1057 est,
487 984 591 1046 ubi
637 984 831 1046 littera
875 1003 986 1064 pro
1031 982 1228 1044 littera
1273 985 1461 1063 posita
1507 983 1800 1063 praestitit
1842 988 2128 1049 metrum3
2174 979 2273 1041 hic
2301 986 2496 1041 autem
2543 976 2690 1039 nihil
2734 997 2905 1057 prae·

324 1095 436 1151 stat
479 1098 690 1149 metro.
752 1086 855 1147 sed
890 1105 1028 1148 ecce
1060 1084 1244 1147 habes
1288 1086 1446 1166 apud
1498 1084 1740 1147 Latinos
1785 1083 2137 1153 antithesin,
2186 1081 2291 1143 sed
2334 1084 2394 1143 in
2437 1080 2618 1142 verbo
2662 1099 2906 1159 graeco;

325 1209 442 1252 non
489 1196 578 1252 est
621 1188 898 1258 latinum,
960 1188 1062 1249 sed
1110 1187 1352 1250 verbum
1399 1205 1678 1267 graecum
1725 1196 1841 1258 est,
1903 1191 2267 1267 ‘aquosus
2312 1186 2589 1247 Orion’.
2680 1202 2714 1243 o
2759 1182 2905 1243 dici-

323 1312 482 1362 muS,
531 1291 637 1352 sed
683 1293 798 1352 iam
850 1289 1160 1351 antithesis
1206 1292 1318 1351 erit
1361 1291 1421 1349 in
1468 1289 1834 1370 temporibus
1864 1296 2094 1350 tantum
2128 1287 2333 1358 modo,
2382 1306 2499 1347 non
2545 1288 2605 1347 in
2652 1283 2908 1366 syllabis.

324 1414 516 1476 neque
564 1394 723 1455 enim
771 1392 943 1455 aliter
988 1392 1203 1454 scribis
1239 1378 1459 1462 ὂτίοιι,
1512 1399 1572 1453 et
1600 1392 1770 1453 aliter
1803 1391 2014 1453 scribis
2043 1373 2257 1453 sirion:
2305 1390 2439 1451 ideo
2485 1407 2605 1450 non
2648 1394 2911 1469 praestat

251 1518 298 1557 ιο
324 1499 546 1559 Latinis
612 1494 858 1577 aliquid:
929 1495 1170 1558 eaedem
1238 1497 1396 1556 enim
1467 1493 1696 1556 vocales
1761 1502 1926 1565 sunt,
1997 1495 2103 1556 sed
2168 1490 2541 1572 temporibus
2608 1490 2906 1551 differunt.

323 1599 695 1662 metathesis:
753 1618 821 1660 re
867 1618 1001 1661 vera
1058 1599 1166 1658 ista
1212 1597 1495 1660 differunt
1538 1597 1692 1677 apud
1740 1596 2007 1665 Latinos;
2069 1597 2163 1657 hic
2220 1596 2581 1657 transversio
2627 1601 2742 1665 est,
2792 1610 2909 1653 non

323 1704 598 1771 mutatio,
657 1708 723 1762 ut
776 1720 895 1762 non
952 1700 1200 1763 alteram
1253 1718 1365 1779 pro
1420 1699 1604 1761 altera
1657 1718 1879 1779 ponaS,
1941 1699 2047 1761 sed
2101 1701 2260 1779 ipsas
2316 1705 2652 1766 convertaS,
2712 1704 2777 1758 ut
2822 1703 2912 1756 est

321 1804 650 1887 Thymbre,
701 1809 712 1879 Ι

628 1942 784 1985 nam
830 1923 970 1985 tibi
1014 1921 1387 2001 Thymbre
1431 1932 1661 2002 caput
1704 1922 2127 1985 Euandrius
2172 1919 2488 1982 abstulit
2533 1920 2751 1980 ensis.
2834 1946 2838 1953 »

250 2062 300 2102 15
326 2045 421 2106 dic
465 2041 839 2112 naturaliter,
888 2062 1063 2123 quem
1109 2043 1180 2103 ad
1227 2042 1469 2103 modum
1516 2052 1606 2103 est
1650 2041 1799 2103 ordo
1842 2041 2203 2112 litterarum,
2265 2050 2323 2100 et
2369 2058 2487 2100 non
2532 2048 2646 2101 stat
2690 2058 2907 2110 versus,

324 2166 458 2208 nam
503 2144 612 2207 tibi
643 2145 944 2226 Thymber
991 2152 1168 2225 caput
1199 2145 1533 2206 Euandrius
1577 2143 1820 2205 abstulit
1864 2145 2039 2205 ensis.
2102 2161 2247 2222 ergo
2292 2143 2631 2204 metathesis
2676 2141 2907 2212 dicitur,

239 2306 246 2313 ,
323 2250 595 2327 quotiens
658 2248 1024 2309 convertitur
1089 2247 1236 2308 ordo
1304 2246 1631 2309 litterarum
1697 2265 1875 2310 causa
1941 2247 2338 2313 necessitatis,
2407 2252 2472 2306 ut
2536 2246 2722 2327 possit
2787 2264 2910 2305 me·

326 2361 482 2412 trum
528 2357 708 2411 stare.

495 2487 566 2548 Hi
613 2494 752 2548 sunt
795 2486 1164 2567 metaplasmi
1194 2486 1371 2547 xtln.
1411 2486 1709 2547 schemata
1743 2505 1882 2547 vero
1915 2494 2012 2547 aut
2042 2484 2242 2546 lexeos
2286 2492 2426 2545 sunt
2468 2491 2570 2545 aut
2612 2482 2910 2545 dianoeas.

247 2612 298 2651 20
324 2589 526 2651 lexeos
572 2589 849 2652 dicuntur
881 2605 1029 2666 qnae
1061 2589 1133 2651 ad
1175 2591 1593 2667 grammaticos
1638 2590 1967 2668 pertinent,
2012 2587 2288 2648 dianoeas
2332 2605 2483 2666 quae
2527 2587 2600 2648 ad
2644 2594 2912 2648 oratores

322 2693 642 2772 pertinent.
729 2690 971 2752 schema
1017 2691 1219 2752 lexeos
1264 2691 1499 2761 dicitur,
1547 2692 1824 2771 quotiens
1868 2692 1932 2751 lit
1976 2692 2036 2751 in
2080 2708 2199 2751 uno
2246 2688 2455 2759 verb03
2502 2688 2741 2750 schema
2787 2687 2909 2750 dia-

324 2813 505 2855 noeas
561 2795 810 2863 dicitur,
869 2796 1143 2871 quotiens
1196 2795 1447 2874 integris
1500 2793 1697 2855 verbis
1753 2796 1814 2855 in
1871 2812 2046 2855 sensu
2101 2795 2167 2855 fit
2220 2792 2478 2854 schema.
2568 2800 2633 2852 ut
2675 2798 2817 2872 puta
2862 2793 2910 2853 si

324 2897 487 2958 dicas
532 2897 689 2957 ehic
732 2895 947 2956 illius
990 2914 1216 2967 arma,
1265 2896 1382 2957 hic
1427 2915 1691 2957 currus
1736 2896 1929 2967 suit',
1978 2897 2112 2957 ‘hic
2144 2914 2307 2957 arma
2339 2896 2480 2955 luit’
2528 2913 2703 2954 nemo
2750 2894 2910 2964 dicit,

326 2998 430 3059 sed
475 2999 727 3060 ‘currus
773 2999 947 3066 fuit’;
1006 3017 1145 3059 ecce
1201 3017 1320 3059 uno
1375 2997 1559 3058 verbo
1605 3001 1918 3060 occurristi
1963 2997 2197 3060 duobus
2240 2995 2613 3057 sermonibus
2657 2997 2911 3057 dissimi-

251 3122 300 3160 25
328 3099 466 3162 liter
509 3101 747 3180 positiS,
796 3099 853 3160 id
902 3107 991 3160 est
1036 3100 1305 3161 dissimili
1350 3119 1599 3161 numero
1644 3102 1998 3164 constitutis
2062 3100 2175 3160 hoc
2219 3099 2457 3160 schema
2488 3100 2549 3160 in
2582 3118 2701 3159 uno
2731 3096 2913 3159 verbo

325 3204 423 3263 fit:
473 3202 615 3263 tolle
661 3204 817 3263 enim
865 3200 1010 3263 illud
1057 3202 1332 3273 verbum,
1382 3211 1440 3264 et
1485 3202 1629 3263 nihil
1673 3211 1817 3272 stat,
1858 3202 1955 3263 hic
2001 3221 2216 3263 currus
2264 3201 2562 3283 [suerunt,
2608 3201 2705 3262 hic
2750 3219 2913 3262 arma

324 3303 621 3386 suerunt}
711 3321 853 3381 ergo
909 3305 971 3364 in
1029 3323 1148 3365 uno
1203 3304 1384 3365 verbo
1441 3307 1520 3366 fit.
1614 3305 1854 3366 schema
1912 3311 2108 3365 antem
2164 3305 2442 3366 dianoeas
2497 3323 2617 3365 non
2674 3305 2735 3363 in
2790 3321 2911 3364 uno

325 3405 506 3468 verbo
553 3405 837 3474 eflicitur,
894 3404 999 3466 sed
1054 3408 1115 3466 in
1174 3414 1451 3468 contextu
1507 3410 1762 3486 partium
1809 3408 2112 3468 orationis.
2201 3415 2265 3466 ut
2330 3414 2469 3485 puta
2524 3405 2759 3486 quando
2802 3407 2910 3467 fin-

325 3509 520 3586 gimus
582 3527 691 3569 nos
747 3506 893 3567 nihil
949 3507 1148 3569 dicere
1195 3515 1254 3568 et
1299 3507 1576 3579 dicimus,
1625 3517 1689 3570 ut
1732 3509 1928 3570 ‘nam
1985 3508 2113 3570 illa
2173 3509 2390 3569 nimis
2436 3521 2567 3586 ego
2611 3509 2911 3585 antiqua

248 3618 767 3690 sopraetereo,
818 3609 1005 3687 quod
1054 3608 1421 3672 Servilius
1465 3609 1688 3671 Ahala
1736 3611 2081 3691 Spurium
2140 3609 2488 3672 Maelium
2547 3610 2752 3670 novis
2795 3629 2909 3671 re-

327 3710 457 3772 bus
502 3711 933 3772 studentem
979 3730 1195 3772 manu
1241 3731 1367 3773 sua
1411 3713 1752 3774 occidit't:
1813 3713 1958 3774 dixit
2002 3721 2344 3793 praetereo,
2393 3723 2453 3774 et
2493 3710 2635 3772 dicit
2677 3710 2775 3772 iua
2821 3713 2910 3772 ni-

326 3810 446 3873 bilo
491 3814 703 3874 minuS.
765 3815 873 3873 ista
919 3813 1204 3875 dianoeae
1248 3823 1403 3875 sunt.
1466 3834 1609 3894 ergo
1653 3814 1790 3876 illae
1835 3816 2082 3895 figurae.
2129 3835 2278 3896 quae
2324 3817 2470 3876 liunt
2512 3816 2575 3874 in
2618 3813 2907 3884 sensibus,

325 3916 628 3994 pertinent
679 3914 753 3976 ad
810 3911 1125 3992 oraltores;
1184 3935 1332 3997 quae
1387 3918 1535 3978 fiunt
1587 3919 1649 3979 in
1707 3917 2114 3989 sermonibus,
2174 3918 2244 3979 ad
2302 3919 2720 3997 grammaticos
2773 3936 2910 3997 per-

324 4017 533 4077 tinent.
2604 4033 2609 4038 ·

465 4325 488 4375 1
546 4323 673 4373 nihil
723 4334 944 4391 praestat
992 4325 1089 4374 nisi
1129 4327 1176 4375 P
1223 4327 1348 4375 nihil
1399 4335 1656 4393 praestant
1702 4326 1800 4375 nisi
1837 4325 1995 4375 Bos
2166 4326 2198 4376 3
2246 4329 2474 4388 fortasse
2517 4327 2654 4392 apud
2688 4326 2910 4376 Graecos

328 4402 552 4458 praestat
584 4404 798 4444 metrum
943 4398 975 4447 5
1007 4397 1259 4461 praestitit
1294 4405 1453 4446 metro
1485 4399 1531 4447 P
1666 4396 1698 4446 7
1735 4393 1983 4462 aquosus]
2032 4396 2187 4461 Ver-9.
2234 4397 2361 4449 Aen.
2403 4398 2492 4447 llll
2523 4398 2618 4447 52:
2649 4397 2721 4459 cf.
2763 4396 2906 4449 Ser-v.

326 4469 376 4514 in
423 4466 582 4529 Ver-9.
611 4464 742 4514 Aen.
776 4467 792 4514 Ι
831 4466 933 4517 535
1081 4467 1137 4517 ll
1179 4476 1470 4516 transuersa
1502 4476 1578 4518 est
1604 4466 1655 4515 P
1685 4475 2032 4515 transuersum
2058 4475 2135 4515 est
2169 4465 2321 4517 BCS
2459 4468 2524 4517 14
2563 4464 2698 4533 nam]
2750 4468 2908 4533 Vera.

327 4534 455 4586 Aen.
495 4533 544 4583 X
581 4534 684 4587 394
858 4535 925 4586 23
961 4536 1041 4586 hic
1078 4534 1236 4603 illius]
1288 4538 1447 4602 Ver-9.
1491 4538 1620 4589 Aen.
1659 4537 1677 4584 1
1720 4535 1786 4587 16
1959 4535 2026 4587 26
2063 4535 2144 4585 hic
2180 4552 2355 4586 currus
2394 4536 2599 4588 ruerunt
2634 4536 2717 4585 hic
2769 4552 2909 4587 arma

328 4604 533 4654 l'uerunt
569 4603 612 4653 S
655 4604 739 4654 hic
782 4621 958 4657 currus
1011 4607 1093 4655 hic
1139 4622 1279 4656 arma
1335 4607 1541 4657 fuerunt
1576 4608 1627 4657 B
1672 4605 1758 4654 hic
1804 4621 1983 4654 currus
2031 4605 2233 4656 fuerunt
2275 4606 2359 4656 hic
2403 4624 2544 4658 arma
2581 4607 2784 4656 l'uerunt
2827 4607 2911 4657 hic

327 4673 535 4723 schema
574 4674 779 4725 suerunt
811 4676 852 4726 G
989 4676 1056 4726 29
1098 4692 1212 4727 nam
1249 4675 1356 4744 illa]
1401 4679 1502 4731 Cic.
1546 4681 1599 4728 in
1625 4676 1776 4728 Catil.
1811 4677 1831 4725 1
1872 4676 1919 4740 1,
1954 4678 1986 4726 2
2125 4677 2194 4728 30
2222 4693 2454 4741 quaeque
2491 4677 2727 4729 seruilius
2765 4677 2911 4728 halas

326 4745 537 4808 spurius
572 4745 776 4793 melium
809 4747 956 4795 nouis
980 4748 1022 4798 S
1057 4762 1319 4810 quaequae
1353 4748 1591 4798 seruilius
1616 4746 1762 4796 halas
1800 4747 2004 4812 spurius
2033 4746 2225 4797 milium
2257 4750 2404 4799 nouis
2438 4751 2480 4799 G
2511 4763 2743 4812 quaeque
2773 4749 2910 4798 serui

325 4812 639 4879 illius-bilae
681 4816 918 4880 superius
955 4816 1120 4879 (corr.
1167 4818 1394 4885 spurius)
1430 4820 1636 4869 melium
1679 4814 1846 4880 (corr.
1888 4814 2114 4880 milium)
2147 4819 2297 4868 nonis
2333 4820 2379 4868 Β
2420 4835 2605 4885 quaeq,
2645 4818 2906 4871 seruilium

326 4884 438 4933 alas
474 4885 832 4950 purimaelium
862 4887 1006 4937 nobis
1044 4888 1095 4936 P
1230 4890 1294 4942 31
1330 4890 1514 4939 occidit
1551 4889 1601 4938 P
1628 4887 1866 4937 occiderit
1904 4886 2055 4937 BOS

2428 4942 2458 4960 Q
