<?xml version="1.0" encoding="UTF-8"?>
<!DOCTYPE html PUBLIC "-//W3C//DTD XHTML 1.0 Transitional//EN"
    "http://www.w3.org/TR/xhtml1/DTD/xhtml1-transitional.dtd">
<html xmlns="http://www.w3.org/1999/xhtml" xml:lang="en" lang="en">
 <head>
  <title>
</title>
<meta http-equiv="Content-Type" content="text/html;charset=utf-8" />
  <meta name='ocr-system' content='tesseract 3.04.00' />
  <meta name='ocr-capabilities' content='ocr_page ocr_carea ocr_par ocr_line ocrx_word'/>
</head>
<body>
  <div class='ocr_page' id='page_1' title='image "./grammaticilatin10keilgoog_0130.png"; bbox 0 0 3541 5564; ppageno 0'>
   <div class='ocr_carea' id='block_1_1' title="bbox 372 320 3263 4168">
    <p class='ocr_par' dir='ltr' id='par_1_1' title="bbox 608 320 3263 1920">
     <span class='ocr_line' id='line_1_1' title="bbox 620 320 2046 386; baseline 0.001 -2"><span class='ocrx_word' id='word_1_1' title='bbox 620 320 739 384; x_wconf 76' lang='lat'>122</span> <span class='ocrx_word' id='word_1_2' title='bbox 1744 324 2046 386; x_wconf 75' lang='lat' dir='ltr'>I&#39;OMI&#39;EII</span> 
     </span>
     <span class='ocr_line' id='line_1_2' title="bbox 666 431 954 487; baseline -0.004 -14"><span class='ocrx_word' id='word_1_3' title='bbox 666 445 706 487; x_wconf 87' lang='lat' dir='ltr'>p.</span> <span class='ocrx_word' id='word_1_4' title='bbox 735 435 853 473; x_wconf 82' lang='grc'>57-</span> <span class='ocrx_word' id='word_1_5' title='bbox 835 437 886 473; x_wconf 67' lang='lat' dir='ltr'>ot)</span> <span class='ocrx_word' id='word_1_6' title='bbox 915 431 954 472; x_wconf 86' lang='lat' dir='ltr'>L.</span> 
     </span>
     <span class='ocr_line' id='line_1_3' title="bbox 614 510 3179 616; baseline -0 -41"><span class='ocrx_word' id='word_1_7' title='bbox 614 522 706 575; x_wconf 88' lang='lat' dir='ltr'>est</span> <span class='ocrx_word' id='word_1_8' title='bbox 746 512 1056 582; x_wconf 80' lang='lat' dir='ltr'>resolutio,</span> <span class='ocrx_word' id='word_1_9' title='bbox 1106 511 1207 572; x_wconf 92' lang='lat' dir='ltr'>ubi</span> <span class='ocrx_word' id='word_1_10' title='bbox 1249 510 1424 572; x_wconf 86' lang='lat' dir='ltr'>nobis</span> <span class='ocrx_word' id='word_1_11' title='bbox 1469 510 1608 572; x_wconf 88' lang='lat' dir='ltr'>licet</span> <span class='ocrx_word' id='word_1_12' title='bbox 1634 531 1769 616; x_wconf 42' lang='lat' dir='ltr'>‘pro</span> <span class='ocrx_word' id='word_1_13' title='bbox 1818 531 1932 575; x_wconf 87' lang='lat' dir='ltr'>una</span> <span class='ocrx_word' id='word_1_14' title='bbox 1976 513 2149 591; x_wconf 83' lang='lat' dir='ltr'>longa</span> <span class='ocrx_word' id='word_1_15' title='bbox 2194 513 2341 574; x_wconf 89' lang='lat' dir='ltr'>duas</span> <span class='ocrx_word' id='word_1_16' title='bbox 2395 512 2606 574; x_wconf 88' lang='lat' dir='ltr'>breves</span> <span class='ocrx_word' id='word_1_17' title='bbox 2659 531 2885 593; x_wconf 82' lang='lat' dir='ltr'>poncio</span> <span class='ocrx_word' id='word_1_18' title='bbox 2916 521 3031 574; x_wconf 86' lang='lat' dir='ltr'>aut</span> <span class='ocrx_word' id='word_1_19' title='bbox 3073 533 3179 594; x_wconf 85' lang='lat' dir='ltr'>pro</span> 
     </span>
     <span class='ocr_line' id='line_1_4' title="bbox 612 596 3181 696; baseline -0 -19"><span class='ocrx_word' id='word_1_20' title='bbox 612 615 843 677; x_wconf 87' lang='lat' dir='ltr'>duabus</span> <span class='ocrx_word' id='word_1_21' title='bbox 888 614 1078 693; x_wconf 84' lang='lat' dir='ltr'>longis</span> <span class='ocrx_word' id='word_1_22' title='bbox 1122 620 1398 695; x_wconf 85' lang='lat' dir='ltr'>quattuor</span> <span class='ocrx_word' id='word_1_23' title='bbox 1441 596 1658 676; x_wconf 88' lang='lat' dir='ltr'>breves</span> <span class='ocrx_word' id='word_1_24' title='bbox 1697 633 1941 695; x_wconf 89' lang='lat' dir='ltr'>ponere</span> <span class='ocrx_word' id='word_1_25' title='bbox 2032 617 2366 695; x_wconf 84' lang='lat' dir='ltr'>quaeritur,</span> <span class='ocrx_word' id='word_1_26' title='bbox 2414 621 2611 677; x_wconf 87' lang='lat' dir='ltr'>utrum</span> <span class='ocrx_word' id='word_1_27' title='bbox 2657 634 2689 676; x_wconf 92' lang='lat' dir='ltr'>e</span> <span class='ocrx_word' id='word_1_28' title='bbox 2719 617 3015 677; x_wconf 85' lang='lat' dir='ltr'>contrario</span> <span class='ocrx_word' id='word_1_29' title='bbox 3047 635 3181 696; x_wconf 89' lang='lat' dir='ltr'>pos-</span> 
     </span>
     <span class='ocr_line' id='line_1_5' title="bbox 610 716 3178 799; baseline 0.001 -21"><span class='ocrx_word' id='word_1_30' title='bbox 610 719 686 778; x_wconf 91' lang='lat' dir='ltr'>sit</span> <span class='ocrx_word' id='word_1_31' title='bbox 727 718 857 778; x_wconf 82' lang='lat' dir='ltr'>fieri</span> <span class='ocrx_word' id='word_1_32' title='bbox 902 726 965 779; x_wconf 92' lang='lat' dir='ltr'>ut</span> <span class='ocrx_word' id='word_1_33' title='bbox 1008 736 1125 779; x_wconf 89' lang='lat' dir='ltr'>una</span> <span class='ocrx_word' id='word_1_34' title='bbox 1168 716 1342 796; x_wconf 85' lang='lat' dir='ltr'>longa</span> <span class='ocrx_word' id='word_1_35' title='bbox 1385 735 1497 796; x_wconf 89' lang='lat' dir='ltr'>pro</span> <span class='ocrx_word' id='word_1_36' title='bbox 1542 716 1767 778; x_wconf 86' lang='lat' dir='ltr'>duabus</span> <span class='ocrx_word' id='word_1_37' title='bbox 1800 717 2079 780; x_wconf 89' lang='lat' dir='ltr'>brevibus</span> <span class='ocrx_word' id='word_1_38' title='bbox 2110 726 2382 799; x_wconf 89' lang='lat' dir='ltr'>ponatur.</span> <span class='ocrx_word' id='word_1_39' title='bbox 2446 717 2611 779; x_wconf 87' lang='lat' dir='ltr'>verbi</span> <span class='ocrx_word' id='word_1_40' title='bbox 2640 736 2816 779; x_wconf 88' lang='lat' dir='ltr'>causa</span> <span class='ocrx_word' id='word_1_41' title='bbox 2846 717 3178 798; x_wconf 80' lang='lat' dir='ltr'><strong>glyconium</strong></span> 
     </span>
     <span class='ocr_line' id='line_1_6' title="bbox 613 819 3178 900; baseline 0 -20"><span class='ocrx_word' id='word_1_42' title='bbox 613 829 865 882; x_wconf 86' lang='lat' dir='ltr'>metrum</span> <span class='ocrx_word' id='word_1_43' title='bbox 912 839 1029 881; x_wconf 92' lang='lat' dir='ltr'>non</span> <span class='ocrx_word' id='word_1_44' title='bbox 1078 826 1306 881; x_wconf 88' lang='lat' dir='ltr'>constat</span> <span class='ocrx_word' id='word_1_45' title='bbox 1348 820 1461 881; x_wconf 91' lang='lat' dir='ltr'>nisi</span> <span class='ocrx_word' id='word_1_46' title='bbox 1507 837 1579 880; x_wconf 83' lang='lat' dir='ltr'>ex</span> <span class='ocrx_word' id='word_1_47' title='bbox 1622 820 1887 899; x_wconf 82' lang='lat' dir='ltr'><strong>spondeo</strong></span> <span class='ocrx_word' id='word_1_48' title='bbox 1937 828 1994 881; x_wconf 88' lang='lat' dir='ltr'>et</span> <span class='ocrx_word' id='word_1_49' title='bbox 2038 819 2286 900; x_wconf 75' lang='lat' dir='ltr'>dactylo.</span> <span class='ocrx_word' id='word_1_50' title='bbox 2334 822 2662 900; x_wconf 89' lang='lat' dir='ltr'>quaeritur,</span> <span class='ocrx_word' id='word_1_51' title='bbox 2708 828 2910 882; x_wconf 90' lang='lat' dir='ltr'>utrum</span> <span class='ocrx_word' id='word_1_52' title='bbox 2956 820 3030 881; x_wconf 90' lang='lat' dir='ltr'>de</span> <span class='ocrx_word' id='word_1_53' title='bbox 3081 820 3178 882; x_wconf 88' lang='lat' dir='ltr'>illo</span> 
     </span>
     <span class='ocr_line' id='line_1_7' title="bbox 611 920 3238 1003; baseline -0.001 -23"><span class='ocrx_word' id='word_1_54' title='bbox 611 922 840 1003; x_wconf 76' lang='lat' dir='ltr'>dactylo</span> <span class='ocrx_word' id='word_1_55' title='bbox 884 923 984 983; x_wconf 84' lang='lat' dir='ltr'>fiat</span> <span class='ocrx_word' id='word_1_56' title='bbox 1027 922 1353 1001; x_wconf 88' lang='lat' dir='ltr'>spondeus,</span> <span class='ocrx_word' id='word_1_57' title='bbox 1404 927 1468 982; x_wconf 89' lang='lat' dir='ltr'>ut</span> <span class='ocrx_word' id='word_1_58' title='bbox 1510 920 1646 983; x_wconf 89' lang='lat' dir='ltr'>illae</span> <span class='ocrx_word' id='word_1_59' title='bbox 1691 922 1844 983; x_wconf 89' lang='lat' dir='ltr'>duae</span> <span class='ocrx_word' id='word_1_60' title='bbox 1888 922 2098 984; x_wconf 88' lang='lat' dir='ltr'>breves</span> <span class='ocrx_word' id='word_1_61' title='bbox 2144 930 2429 1001; x_wconf 84' lang='lat' dir='ltr'>cogantur</span> <span class='ocrx_word' id='word_1_62' title='bbox 2457 923 2519 983; x_wconf 92' lang='lat' dir='ltr'>in</span> <span class='ocrx_word' id='word_1_63' title='bbox 2551 941 2725 984; x_wconf 88' lang='lat' dir='ltr'>unam</span> <span class='ocrx_word' id='word_1_64' title='bbox 2758 922 3013 1002; x_wconf 85' lang='lat' dir='ltr'>longam.</span> <span class='ocrx_word' id='word_1_65' title='bbox 3062 942 3178 984; x_wconf 91' lang='lat' dir='ltr'>non</span> <span class='ocrx_word' id='word_1_66' title='bbox 3207 938 3238 978; x_wconf 78' lang='lat'><strong>5</strong></span> 
     </span>
     <span class='ocr_line' id='line_1_8' title="bbox 611 1022 3180 1106; baseline 0.001 -21"><span class='ocrx_word' id='word_1_67' title='bbox 611 1032 825 1104; x_wconf 90' lang='lat' dir='ltr'>potest.</span> <span class='ocrx_word' id='word_1_68' title='bbox 912 1023 1052 1085; x_wconf 89' lang='lat' dir='ltr'>licet</span> <span class='ocrx_word' id='word_1_69' title='bbox 1097 1023 1270 1085; x_wconf 88' lang='lat' dir='ltr'>uobis</span> <span class='ocrx_word' id='word_1_70' title='bbox 1313 1023 1385 1084; x_wconf 88' lang='lat' dir='ltr'>de</span> <span class='ocrx_word' id='word_1_71' title='bbox 1429 1022 1618 1102; x_wconf 86' lang='lat' dir='ltr'>longis</span> <span class='ocrx_word' id='word_1_72' title='bbox 1663 1025 1871 1085; x_wconf 88' lang='lat' dir='ltr'>breves</span> <span class='ocrx_word' id='word_1_73' title='bbox 1915 1026 2140 1093; x_wconf 80' lang='lat' dir='ltr'>facere,</span> <span class='ocrx_word' id='word_1_74' title='bbox 2190 1024 2263 1085; x_wconf 91' lang='lat' dir='ltr'>de</span> <span class='ocrx_word' id='word_1_75' title='bbox 2294 1023 2569 1085; x_wconf 85' lang='lat' dir='ltr'>brevibus</span> <span class='ocrx_word' id='word_1_76' title='bbox 2596 1024 2832 1102; x_wconf 85' lang='lat' dir='ltr'>longam</span> <span class='ocrx_word' id='word_1_77' title='bbox 2866 1043 3180 1106; x_wconf 87' lang='lat' dir='ltr'>numquam</span> 
     </span>
     <span class='ocr_line' id='line_1_9' title="bbox 609 1124 3180 1207; baseline 0.001 -21"><span class='ocrx_word' id='word_1_78' title='bbox 609 1128 878 1188; x_wconf 77' lang='lat' dir='ltr'>facimus,</span> <span class='ocrx_word' id='word_1_79' title='bbox 971 1145 1112 1205; x_wconf 84' lang='lat' dir='ltr'>ergo</span> <span class='ocrx_word' id='word_1_80' title='bbox 1158 1124 1257 1186; x_wconf 91' lang='lat' dir='ltr'>ille</span> <span class='ocrx_word' id='word_1_81' title='bbox 1303 1144 1537 1195; x_wconf 87' lang='lat' dir='ltr'>versus,</span> <span class='ocrx_word' id='word_1_82' title='bbox 1585 1127 1686 1206; x_wconf 87' lang='lat' dir='ltr'>qui</span> <span class='ocrx_word' id='word_1_83' title='bbox 1729 1126 1908 1187; x_wconf 89' lang='lat' dir='ltr'>habet</span> <span class='ocrx_word' id='word_1_84' title='bbox 1952 1127 2313 1207; x_wconf 89' lang='lat' dir='ltr'>spondeum,</span> <span class='ocrx_word' id='word_1_85' title='bbox 2372 1134 2566 1205; x_wconf 89' lang='lat' dir='ltr'>potest</span> <span class='ocrx_word' id='word_1_86' title='bbox 2608 1124 2830 1188; x_wconf 87' lang='lat' dir='ltr'>habere</span> <span class='ocrx_word' id='word_1_87' title='bbox 2872 1127 3180 1207; x_wconf 90' lang='lat' dir='ltr'>proceleu-</span> 
     </span>
     <span class='ocr_line' id='line_1_10' title="bbox 611 1227 3180 1309; baseline -0 -19"><span class='ocrx_word' id='word_1_88' title='bbox 611 1231 917 1296; x_wconf 79' lang='lat' dir='ltr'>maticum:</span> <span class='ocrx_word' id='word_1_89' title='bbox 968 1227 1065 1288; x_wconf 90' lang='lat' dir='ltr'>ille</span> <span class='ocrx_word' id='word_1_90' title='bbox 1112 1236 1309 1288; x_wconf 88' lang='lat' dir='ltr'>autem</span> <span class='ocrx_word' id='word_1_91' title='bbox 1352 1246 1584 1299; x_wconf 77' lang='lat' dir='ltr'>versuS,</span> <span class='ocrx_word' id='word_1_92' title='bbox 1644 1230 1746 1308; x_wconf 92' lang='lat' dir='ltr'>qui</span> <span class='ocrx_word' id='word_1_93' title='bbox 1790 1228 1970 1290; x_wconf 89' lang='lat' dir='ltr'>habet</span> <span class='ocrx_word' id='word_1_94' title='bbox 2014 1228 2605 1309; x_wconf 81' lang='lat' dir='ltr'>proceleumaticum,</span> <span class='ocrx_word' id='word_1_95' title='bbox 2664 1247 2784 1289; x_wconf 90' lang='lat' dir='ltr'>non</span> <span class='ocrx_word' id='word_1_96' title='bbox 2840 1237 3038 1309; x_wconf 88' lang='lat' dir='ltr'>potest</span> <span class='ocrx_word' id='word_1_97' title='bbox 3080 1229 3180 1289; x_wconf 90' lang='lat' dir='ltr'>ha-</span> 
     </span>
     <span class='ocr_line' id='line_1_11' title="bbox 609 1329 3184 1409; baseline 0.001 -19"><span class='ocrx_word' id='word_1_98' title='bbox 609 1330 753 1392; x_wconf 91' lang='lat' dir='ltr'>bere</span> <span class='ocrx_word' id='word_1_99' title='bbox 798 1329 1142 1409; x_wconf 87' lang='lat' dir='ltr'>spondeum.</span> <span class='ocrx_word' id='word_1_100' title='bbox 1234 1348 1352 1391; x_wconf 92' lang='lat' dir='ltr'>non</span> <span class='ocrx_word' id='word_1_101' title='bbox 1399 1331 1556 1390; x_wconf 90' lang='lat' dir='ltr'>enim</span> <span class='ocrx_word' id='word_1_102' title='bbox 1601 1329 1736 1391; x_wconf 86' lang='lat' dir='ltr'>licet</span> <span class='ocrx_word' id='word_1_103' title='bbox 1795 1330 1868 1391; x_wconf 91' lang='lat' dir='ltr'>de</span> <span class='ocrx_word' id='word_1_104' title='bbox 1911 1330 2191 1393; x_wconf 89' lang='lat' dir='ltr'>brevibus</span> <span class='ocrx_word' id='word_1_105' title='bbox 2246 1330 2481 1409; x_wconf 86' lang='lat' dir='ltr'>longam</span> <span class='ocrx_word' id='word_1_106' title='bbox 2535 1332 2750 1392; x_wconf 80' lang='lat' dir='ltr'>facere.</span> <span class='ocrx_word' id='word_1_107' title='bbox 2843 1330 2997 1392; x_wconf 88' lang='lat' dir='ltr'>bene</span> <span class='ocrx_word' id='word_1_108' title='bbox 3042 1331 3184 1392; x_wconf 86' lang='lat' dir='ltr'>dixit</span> 
     </span>
     <span class='ocr_line' id='line_1_12' title="bbox 609 1432 3263 1503; baseline -0.002 -11"><span class='ocrx_word' id='word_1_109' title='bbox 609 1432 749 1493; x_wconf 91' lang='lat' dir='ltr'>illud</span> <span class='ocrx_word' id='word_1_110' title='bbox 795 1433 1212 1503; x_wconf 83' lang='lat' dir='ltr'>Terentianus,</span> <span class='ocrx_word' id='word_1_111' title='bbox 3210 1449 3263 1488; x_wconf 83' lang='grc' dir='ltr'>ιο</span> 
     </span>
     <span class='ocr_line' id='line_1_13' title="bbox 912 1533 2524 1612; baseline 0 -17"><span class='ocrx_word' id='word_1_112' title='bbox 912 1552 1075 1595; x_wconf 91' lang='lat' dir='ltr'>nam</span> <span class='ocrx_word' id='word_1_113' title='bbox 1123 1533 1360 1595; x_wconf 88' lang='lat' dir='ltr'>solida</span> <span class='ocrx_word' id='word_1_114' title='bbox 1405 1533 1590 1595; x_wconf 84' lang='lat' dir='ltr'>findi</span> <span class='ocrx_word' id='word_1_115' title='bbox 1636 1534 2063 1612; x_wconf 82' lang='lat' dir='ltr'>magnitudo</span> <span class='ocrx_word' id='word_1_116' title='bbox 2111 1553 2253 1595; x_wconf 91' lang='lat' dir='ltr'>non</span> <span class='ocrx_word' id='word_1_117' title='bbox 2299 1544 2524 1606; x_wconf 86' lang='lat' dir='ltr'>vetat,</span> 
     </span>
     <span class='ocr_line' id='line_1_14' title="bbox 911 1635 2936 1717; baseline 0 -20"><span class='ocrx_word' id='word_1_118' title='bbox 911 1636 1150 1697; x_wconf 86' lang='lat' dir='ltr'>divisa</span> <span class='ocrx_word' id='word_1_119' title='bbox 1195 1635 1425 1697; x_wconf 87' lang='lat' dir='ltr'>hodie</span> <span class='ocrx_word' id='word_1_120' title='bbox 1472 1654 1717 1697; x_wconf 85' lang='lat' dir='ltr'>verum</span> <span class='ocrx_word' id='word_1_121' title='bbox 1763 1638 1836 1697; x_wconf 91' lang='lat' dir='ltr'>in</span> <span class='ocrx_word' id='word_1_122' title='bbox 1881 1656 2103 1698; x_wconf 88' lang='lat' dir='ltr'>unum</span> <span class='ocrx_word' id='word_1_123' title='bbox 2152 1656 2289 1697; x_wconf 90' lang='lat' dir='ltr'>non</span> <span class='ocrx_word' id='word_1_124' title='bbox 2335 1645 2653 1717; x_wconf 88' lang='lat' dir='ltr'>possunt</span> <span class='ocrx_word' id='word_1_125' title='bbox 2696 1640 2936 1707; x_wconf 88' lang='lat' dir='ltr'>coire,</span> 
     </span>
     <span class='ocr_line' id='line_1_15' title="bbox 608 1737 3180 1821; baseline 0.001 -22"><span class='ocrx_word' id='word_1_126' title='bbox 608 1739 667 1799; x_wconf 86' lang='lat' dir='ltr'>id</span> <span class='ocrx_word' id='word_1_127' title='bbox 713 1747 830 1808; x_wconf 91' lang='lat' dir='ltr'>est,</span> <span class='ocrx_word' id='word_1_128' title='bbox 879 1756 1030 1818; x_wconf 85' lang='lat' dir='ltr'>quae</span> <span class='ocrx_word' id='word_1_129' title='bbox 1076 1738 1262 1800; x_wconf 88' lang='lat' dir='ltr'>solida</span> <span class='ocrx_word' id='word_1_130' title='bbox 1307 1739 1557 1809; x_wconf 80' lang='lat' dir='ltr'>fuerint,</span> <span class='ocrx_word' id='word_1_131' title='bbox 1607 1747 1857 1818; x_wconf 84' lang='lat' dir='ltr'>possunt</span> <span class='ocrx_word' id='word_1_132' title='bbox 1901 1738 2070 1808; x_wconf 87' lang='lat' dir='ltr'>lindi;</span> <span class='ocrx_word' id='word_1_133' title='bbox 2118 1757 2266 1818; x_wconf 91' lang='lat' dir='ltr'>quae</span> <span class='ocrx_word' id='word_1_134' title='bbox 2297 1738 2478 1800; x_wconf 90' lang='lat' dir='ltr'>divisa</span> <span class='ocrx_word' id='word_1_135' title='bbox 2515 1737 2526 1821; x_wconf 83' lang='grc' dir='ltr'>Ι</span> <span class='ocrx_word' id='word_1_136' title='bbox 2564 1740 2811 1810; x_wconf 81' lang='lat' dir='ltr'>suerint,</span> <span class='ocrx_word' id='word_1_137' title='bbox 2859 1742 3018 1801; x_wconf 89' lang='lat' dir='ltr'>in·se</span> <span class='ocrx_word' id='word_1_138' title='bbox 3050 1741 3180 1818; x_wconf 80' lang='lat' dir='ltr'>cogi</span> 
     </span>
     <span class='ocr_line' id='line_1_16' title="bbox 611 1839 1914 1920; baseline -0.002 -18"><span class='ocrx_word' id='word_1_139' title='bbox 611 1861 727 1902; x_wconf 91' lang='lat' dir='ltr'>non</span> <span class='ocrx_word' id='word_1_140' title='bbox 773 1848 1037 1920; x_wconf 85' lang='lat' dir='ltr'>possunt.</span> <span class='ocrx_word' id='word_1_141' title='bbox 1125 1842 1237 1901; x_wconf 90' lang='lat' dir='ltr'>ista</span> <span class='ocrx_word' id='word_1_142' title='bbox 1285 1849 1374 1901; x_wconf 91' lang='lat' dir='ltr'>est</span> <span class='ocrx_word' id='word_1_143' title='bbox 1419 1858 1561 1918; x_wconf 88' lang='lat' dir='ltr'>ergo</span> <span class='ocrx_word' id='word_1_144' title='bbox 1605 1839 1914 1901; x_wconf 79' lang='lat' dir='ltr'>resolutio,</span> 
     </span>
    </p>

    <p class='ocr_par' dir='ltr' id='par_1_2' title="bbox 608 1940 3261 2226">
     <span class='ocr_line' id='line_1_17' title="bbox 775 1940 3261 2023; baseline -0.001 -18"><span class='ocrx_word' id='word_1_145' title='bbox 775 1943 1015 2005; x_wconf 82' lang='lat' dir='ltr'>Accedit</span> <span class='ocrx_word' id='word_1_146' title='bbox 1058 1944 1260 2021; x_wconf 78' lang='lat' dir='ltr'>ligura.</span> <span class='ocrx_word' id='word_1_147' title='bbox 1348 1943 1558 2004; x_wconf 89' lang='lat' dir='ltr'>Graeci</span> <span class='ocrx_word' id='word_1_148' title='bbox 1602 1944 1730 2004; x_wconf 80' lang='lat' dir='ltr'>fere</span> <span class='ocrx_word' id='word_1_149' title='bbox 1774 1940 2026 2022; x_wconf 80' lang='lat' dir='ltr'>syllabas</span> <span class='ocrx_word' id='word_1_150' title='bbox 2070 1962 2188 2004; x_wconf 91' lang='lat' dir='ltr'>non</span> <span class='ocrx_word' id='word_1_151' title='bbox 2236 1952 2594 2022; x_wconf 83' lang='lat' dir='ltr'>agnoscunt,</span> <span class='ocrx_word' id='word_1_152' title='bbox 2642 1944 2746 2006; x_wconf 87' lang='lat' dir='ltr'>sed</span> <span class='ocrx_word' id='word_1_153' title='bbox 2792 1945 3007 2023; x_wconf 83' lang='lat' dir='ltr'>figuras</span> <span class='ocrx_word' id='word_1_154' title='bbox 3038 1944 3178 2004; x_wconf 77' lang='lat' dir='ltr'>faci·</span> <span class='ocrx_word' id='word_1_155' title='bbox 3207 1957 3261 1996; x_wconf 81' lang='lat'>15</span> 
     </span>
     <span class='ocr_line' id='line_1_18' title="bbox 609 2043 3180 2127; baseline 0 -21"><span class='ocrx_word' id='word_1_156' title='bbox 609 2054 733 2107; x_wconf 90' lang='lat' dir='ltr'>unt.</span> <span class='ocrx_word' id='word_1_157' title='bbox 824 2063 964 2124; x_wconf 84' lang='lat' dir='ltr'>ergo</span> <span class='ocrx_word' id='word_1_158' title='bbox 1020 2043 1122 2105; x_wconf 91' lang='lat' dir='ltr'>ubi</span> <span class='ocrx_word' id='word_1_159' title='bbox 1174 2046 1474 2106; x_wconf 88' lang='lat' dir='ltr'>inveneris</span> <span class='ocrx_word' id='word_1_160' title='bbox 1531 2046 1696 2124; x_wconf 89' lang='lat' dir='ltr'>quasi</span> <span class='ocrx_word' id='word_1_161' title='bbox 1753 2063 1791 2106; x_wconf 92' lang='lat' dir='ltr'>u</span> <span class='ocrx_word' id='word_1_162' title='bbox 1848 2045 1939 2106; x_wconf 90' lang='lat' dir='ltr'>bis</span> <span class='ocrx_word' id='word_1_163' title='bbox 1993 2048 2262 2125; x_wconf 88' lang='lat' dir='ltr'>positam,</span> <span class='ocrx_word' id='word_1_164' title='bbox 2321 2046 2414 2106; x_wconf 84' lang='lat' dir='ltr'>dic</span> <span class='ocrx_word' id='word_1_165' title='bbox 2472 2047 2844 2127; x_wconf 79' lang='lat' dir='ltr'>‘pyrrichius</span> <span class='ocrx_word' id='word_1_166' title='bbox 2891 2048 3035 2113; x_wconf 90' lang='lat' dir='ltr'>est&#39;;</span> <span class='ocrx_word' id='word_1_167' title='bbox 3083 2043 3180 2106; x_wconf 89' lang='lat' dir='ltr'>ubi</span> 
     </span>
     <span class='ocr_line' id='line_1_19' title="bbox 608 2147 2936 2226; baseline -0 -19"><span class='ocrx_word' id='word_1_168' title='bbox 608 2148 905 2208; x_wconf 89' lang='lat' dir='ltr'>inveneris</span> <span class='ocrx_word' id='word_1_169' title='bbox 947 2148 967 2206; x_wconf 92' lang='lat' dir='ltr'>i</span> <span class='ocrx_word' id='word_1_170' title='bbox 1009 2148 1207 2208; x_wconf 88' lang='lat' dir='ltr'>iacens</span> <span class='ocrx_word' id='word_1_171' title='bbox 1254 2153 1311 2206; x_wconf 90' lang='lat' dir='ltr'>et</span> <span class='ocrx_word' id='word_1_172' title='bbox 1354 2165 1392 2206; x_wconf 92' lang='lat' dir='ltr'>u</span> <span class='ocrx_word' id='word_1_173' title='bbox 1437 2165 1635 2218; x_wconf 88' lang='lat' dir='ltr'>unam,</span> <span class='ocrx_word' id='word_1_174' title='bbox 1684 2147 1780 2207; x_wconf 89' lang='lat' dir='ltr'>dic</span> <span class='ocrx_word' id='word_1_175' title='bbox 1824 2147 2173 2210; x_wconf 77' lang='lat' dir='ltr'>‘trochaeus</span> <span class='ocrx_word' id='word_1_176' title='bbox 2220 2150 2355 2208; x_wconf 88' lang='lat' dir='ltr'>est.&#39;</span> <span class='ocrx_word' id='word_1_177' title='bbox 2443 2150 2553 2209; x_wconf 90' lang='lat' dir='ltr'>ista</span> <span class='ocrx_word' id='word_1_178' title='bbox 2599 2157 2688 2210; x_wconf 91' lang='lat' dir='ltr'>est</span> <span class='ocrx_word' id='word_1_179' title='bbox 2729 2150 2936 2226; x_wconf 84' lang='lat' dir='ltr'>figura.</span> 
     </span>
    </p>

    <p class='ocr_par' dir='ltr' id='par_1_3' title="bbox 607 2248 3260 3432">
     <span class='ocr_line' id='line_1_20' title="bbox 775 2248 3180 2331; baseline 0 -21"><span class='ocrx_word' id='word_1_180' title='bbox 775 2251 1027 2311; x_wconf 85' lang='lat' dir='ltr'>Metrum</span> <span class='ocrx_word' id='word_1_181' title='bbox 1069 2250 1171 2308; x_wconf 92' lang='lat' dir='ltr'>uni</span> <span class='ocrx_word' id='word_1_182' title='bbox 1215 2250 1424 2329; x_wconf 89' lang='lat' dir='ltr'>cuique</span> <span class='ocrx_word' id='word_1_183' title='bbox 1467 2249 1606 2328; x_wconf 89' lang='lat' dir='ltr'>pedi</span> <span class='ocrx_word' id='word_1_184' title='bbox 1652 2249 1890 2318; x_wconf 85' lang='lat' dir='ltr'>accidit,</span> <span class='ocrx_word' id='word_1_185' title='bbox 1952 2258 2016 2309; x_wconf 93' lang='lat' dir='ltr'>ut</span> <span class='ocrx_word' id='word_1_186' title='bbox 2071 2257 2210 2329; x_wconf 88' lang='lat' dir='ltr'>puta</span> <span class='ocrx_word' id='word_1_187' title='bbox 2270 2249 2343 2310; x_wconf 90' lang='lat' dir='ltr'>de</span> <span class='ocrx_word' id='word_1_188' title='bbox 2389 2250 2617 2331; x_wconf 82' lang='lat' dir='ltr'>dactylo</span> <span class='ocrx_word' id='word_1_189' title='bbox 2662 2248 3012 2331; x_wconf 88' lang='lat' dir='ltr'>dactylicum</span> <span class='ocrx_word' id='word_1_190' title='bbox 3059 2268 3180 2310; x_wconf 84' lang='lat' dir='ltr'>me-</span> 
     </span>
     <span class='ocr_line' id='line_1_21' title="bbox 609 2349 3178 2431; baseline -0.001 -17"><span class='ocrx_word' id='word_1_191' title='bbox 609 2361 784 2423; x_wconf 85' lang='lat' dir='ltr'>trum,</span> <span class='ocrx_word' id='word_1_192' title='bbox 819 2351 892 2413; x_wconf 90' lang='lat' dir='ltr'>de</span> <span class='ocrx_word' id='word_1_193' title='bbox 924 2349 1188 2431; x_wconf 89' lang='lat' dir='ltr'>spondeo</span> <span class='ocrx_word' id='word_1_194' title='bbox 1220 2351 1624 2430; x_wconf 88' lang='lat' dir='ltr'>spondiacum,</span> <span class='ocrx_word' id='word_1_195' title='bbox 1672 2351 1744 2412; x_wconf 91' lang='lat' dir='ltr'>de</span> <span class='ocrx_word' id='word_1_196' title='bbox 1790 2350 2070 2412; x_wconf 87' lang='lat' dir='ltr'>trochaeo</span> <span class='ocrx_word' id='word_1_197' title='bbox 2106 2351 2487 2413; x_wconf 89' lang='lat' dir='ltr'>trochaicum.</span> <span class='ocrx_word' id='word_1_198' title='bbox 2525 2371 2665 2430; x_wconf 83' lang='lat' dir='ltr'>ergo</span> <span class='ocrx_word' id='word_1_199' title='bbox 2697 2350 2971 2413; x_wconf 87' lang='lat' dir='ltr'>accidunt</span> <span class='ocrx_word' id='word_1_200' title='bbox 3003 2354 3178 2412; x_wconf 87' lang='lat' dir='ltr'>etiam</span> 
     </span>
     <span class='ocr_line' id='line_1_22' title="bbox 607 2452 3260 2534; baseline -0.002 -18"><span class='ocrx_word' id='word_1_201' title='bbox 607 2463 814 2516; x_wconf 88' lang='lat' dir='ltr'>metra.</span> <span class='ocrx_word' id='word_1_202' title='bbox 885 2454 1027 2534; x_wconf 90' lang='lat' dir='ltr'>quin</span> <span class='ocrx_word' id='word_1_203' title='bbox 1074 2454 1247 2513; x_wconf 91' lang='lat' dir='ltr'>etiam</span> <span class='ocrx_word' id='word_1_204' title='bbox 1293 2452 1475 2532; x_wconf 88' lang='lat' dir='ltr'>pedes</span> <span class='ocrx_word' id='word_1_205' title='bbox 1521 2472 1640 2514; x_wconf 92' lang='lat' dir='ltr'>non</span> <span class='ocrx_word' id='word_1_206' title='bbox 1686 2452 1832 2514; x_wconf 89' lang='lat' dir='ltr'>nulli</span> <span class='ocrx_word' id='word_1_207' title='bbox 1879 2453 2100 2514; x_wconf 89' lang='lat' dir='ltr'>habent</span> <span class='ocrx_word' id='word_1_208' title='bbox 2143 2454 2436 2514; x_wconf 90' lang='lat' dir='ltr'>rationem</span> <span class='ocrx_word' id='word_1_209' title='bbox 2481 2456 2816 2528; x_wconf 89' lang='lat' dir='ltr'>nominum,</span> <span class='ocrx_word' id='word_1_210' title='bbox 2864 2472 3052 2534; x_wconf 83' lang='lat' dir='ltr'>quare</span> <span class='ocrx_word' id='word_1_211' title='bbox 3095 2454 3173 2515; x_wconf 87' lang='lat' dir='ltr'>ita</span> <span class='ocrx_word' id='word_1_212' title='bbox 3202 2471 3260 2512; x_wconf 67' lang='lat'>20</span> 
     </span>
     <span class='ocr_line' id='line_1_23' title="bbox 611 2553 3180 2637; baseline -0 -20"><span class='ocrx_word' id='word_1_213' title='bbox 611 2556 899 2617; x_wconf 86' lang='lat' dir='ltr'>dicantur.</span> <span class='ocrx_word' id='word_1_214' title='bbox 992 2553 1274 2616; x_wconf 79' lang='lat' dir='ltr'>velociter</span> <span class='ocrx_word' id='word_1_215' title='bbox 1331 2555 1517 2616; x_wconf 89' lang='lat' dir='ltr'>currit</span> <span class='ocrx_word' id='word_1_216' title='bbox 1561 2554 1798 2634; x_wconf 89' lang='lat' dir='ltr'>quidam</span> <span class='ocrx_word' id='word_1_217' title='bbox 1845 2574 1978 2635; x_wconf 89' lang='lat' dir='ltr'>pes,</span> <span class='ocrx_word' id='word_1_218' title='bbox 2038 2564 2096 2616; x_wconf 94' lang='lat' dir='ltr'>et</span> <span class='ocrx_word' id='word_1_219' title='bbox 2139 2555 2470 2637; x_wconf 87' lang='lat' dir='ltr'>appellatur</span> <span class='ocrx_word' id='word_1_220' title='bbox 2511 2557 2847 2618; x_wconf 89' lang='lat' dir='ltr'>trochaeus.</span> <span class='ocrx_word' id='word_1_221' title='bbox 2939 2555 3180 2616; x_wconf 87' lang='lat' dir='ltr'>trochos</span> 
     </span>
     <span class='ocr_line' id='line_1_24' title="bbox 607 2656 3178 2737; baseline -0.001 -17"><span class='ocrx_word' id='word_1_222' title='bbox 607 2676 819 2736; x_wconf 83' lang='lat' dir='ltr'>graece</span> <span class='ocrx_word' id='word_1_223' title='bbox 865 2656 1082 2717; x_wconf 88' lang='lat' dir='ltr'>dicitur</span> <span class='ocrx_word' id='word_1_224' title='bbox 1127 2664 1285 2725; x_wconf 82' lang='lat' dir='ltr'>rota:</span> <span class='ocrx_word' id='word_1_225' title='bbox 1332 2656 1489 2724; x_wconf 89' lang='lat' dir='ltr'>inde,</span> <span class='ocrx_word' id='word_1_226' title='bbox 1539 2657 1693 2737; x_wconf 89' lang='lat' dir='ltr'>quod</span> <span class='ocrx_word' id='word_1_227' title='bbox 1724 2656 2005 2719; x_wconf 85' lang='lat' dir='ltr'>velociter</span> <span class='ocrx_word' id='word_1_228' title='bbox 2038 2661 2243 2728; x_wconf 91' lang='lat' dir='ltr'>currit,</span> <span class='ocrx_word' id='word_1_229' title='bbox 2278 2658 2594 2720; x_wconf 85' lang='lat' dir='ltr'>trochaeus</span> <span class='ocrx_word' id='word_1_230' title='bbox 2624 2659 2813 2719; x_wconf 87' lang='lat' dir='ltr'>dictus</span> <span class='ocrx_word' id='word_1_231' title='bbox 2844 2664 2953 2719; x_wconf 87' lang='lat' dir='ltr'>est.</span> <span class='ocrx_word' id='word_1_232' title='bbox 3001 2677 3178 2737; x_wconf 90' lang='lat' dir='ltr'>Spon-</span> 
     </span>
     <span class='ocr_line' id='line_1_25' title="bbox 608 2759 3180 2841; baseline 0 -19"><span class='ocrx_word' id='word_1_233' title='bbox 608 2761 752 2822; x_wconf 88' lang='lat' dir='ltr'>deus</span> <span class='ocrx_word' id='word_1_234' title='bbox 795 2761 1030 2821; x_wconf 85' lang='lat' dir='ltr'>tractim</span> <span class='ocrx_word' id='word_1_235' title='bbox 1075 2766 1260 2820; x_wconf 88' lang='lat' dir='ltr'>sonat.</span> <span class='ocrx_word' id='word_1_236' title='bbox 1350 2776 1486 2820; x_wconf 89' lang='lat' dir='ltr'>nam</span> <span class='ocrx_word' id='word_1_237' title='bbox 1531 2759 1829 2839; x_wconf 89' lang='lat' dir='ltr'>spondeus</span> <span class='ocrx_word' id='word_1_238' title='bbox 1884 2759 2101 2822; x_wconf 86' lang='lat' dir='ltr'>dicitur</span> <span class='ocrx_word' id='word_1_239' title='bbox 2149 2767 2370 2823; x_wconf 87' lang='lat' dir='ltr'>tractus</span> <span class='ocrx_word' id='word_1_240' title='bbox 2425 2759 2691 2841; x_wconf 86' lang='lat' dir='ltr'>quidam,</span> <span class='ocrx_word' id='word_1_241' title='bbox 2749 2759 2810 2821; x_wconf 91' lang='lat' dir='ltr'>id</span> <span class='ocrx_word' id='word_1_242' title='bbox 2868 2769 2960 2823; x_wconf 89' lang='lat' dir='ltr'>est</span> <span class='ocrx_word' id='word_1_243' title='bbox 3001 2779 3180 2823; x_wconf 89' lang='lat' dir='ltr'>sonus</span> 
     </span>
     <span class='ocr_line' id='line_1_26' title="bbox 608 2861 3175 2944; baseline 0 -21"><span class='ocrx_word' id='word_1_244' title='bbox 608 2862 875 2943; x_wconf 86' lang='lat' dir='ltr'>quidam,</span> <span class='ocrx_word' id='word_1_245' title='bbox 925 2862 1024 2941; x_wconf 88' lang='lat' dir='ltr'>qui</span> <span class='ocrx_word' id='word_1_246' title='bbox 1067 2861 1333 2923; x_wconf 80' lang='lat' dir='ltr'>funditur</span> <span class='ocrx_word' id='word_1_247' title='bbox 1391 2864 1547 2922; x_wconf 82' lang='lat' dir='ltr'>cIrca</span> <span class='ocrx_word' id='word_1_248' title='bbox 1604 2881 1780 2923; x_wconf 87' lang='lat' dir='ltr'>aures</span> <span class='ocrx_word' id='word_1_249' title='bbox 1832 2865 2307 2925; x_wconf 86' lang='lat' dir='ltr'>sacrificantium.</span> <span class='ocrx_word' id='word_1_250' title='bbox 2372 2862 2519 2944; x_wconf 90' lang='lat' dir='ltr'>[non</span> <span class='ocrx_word' id='word_1_251' title='bbox 2574 2871 2714 2925; x_wconf 88' lang='lat' dir='ltr'>sunt</span> <span class='ocrx_word' id='word_1_252' title='bbox 2755 2882 2921 2925; x_wconf 85' lang='lat' dir='ltr'>sacra</span> <span class='ocrx_word' id='word_1_253' title='bbox 2968 2863 3175 2944; x_wconf 88' lang='lat' dir='ltr'>aliqua,</span> 
     </span>
     <span class='ocr_line' id='line_1_27' title="bbox 607 2952 3259 3049; baseline -0.001 -24"><span class='ocrx_word' id='word_1_254' title='bbox 607 2965 711 3025; x_wconf 91' lang='lat' dir='ltr'>sed</span> <span class='ocrx_word' id='word_1_255' title='bbox 755 2983 935 3025; x_wconf 89' lang='lat' dir='ltr'>sonus</span> <span class='ocrx_word' id='word_1_256' title='bbox 980 2964 1083 3041; x_wconf 88' lang='lat' dir='ltr'>qui</span> <span class='ocrx_word' id='word_1_257' title='bbox 1126 2963 1282 3024; x_wconf 90' lang='lat' dir='ltr'>cadit</span> <span class='ocrx_word' id='word_1_258' title='bbox 1325 2952 1480 3024; x_wconf 82' lang='lat' dir='ltr'>circa</span> <span class='ocrx_word' id='word_1_259' title='bbox 1527 2982 1699 3026; x_wconf 86' lang='lat' dir='ltr'>aures</span> <span class='ocrx_word' id='word_1_260' title='bbox 1741 2959 2249 3049; x_wconf 58' lang='lat' dir='ltr'>sacrificantium}</span> <span class='ocrx_word' id='word_1_261' title='bbox 2340 2974 2399 3027; x_wconf 88' lang='lat' dir='ltr'>et</span> <span class='ocrx_word' id='word_1_262' title='bbox 2439 2969 2566 3046; x_wconf 89' lang='lat' dir='ltr'>ipse</span> <span class='ocrx_word' id='word_1_263' title='bbox 2623 2981 2765 3043; x_wconf 83' lang='lat' dir='ltr'>ergo</span> <span class='ocrx_word' id='word_1_264' title='bbox 2810 2966 2945 3027; x_wconf 91' lang='lat' dir='ltr'>ideo</span> <span class='ocrx_word' id='word_1_265' title='bbox 2991 2966 3178 3028; x_wconf 86' lang='lat' dir='ltr'>dictus</span> <span class='ocrx_word' id='word_1_266' title='bbox 3203 2982 3259 3022; x_wconf 77' lang='lat'>25</span> 
     </span>
     <span class='ocr_line' id='line_1_28' title="bbox 609 3065 3175 3155; baseline 0.001 -29"><span class='ocrx_word' id='word_1_267' title='bbox 609 3074 697 3128; x_wconf 89' lang='lat' dir='ltr'>est</span> <span class='ocrx_word' id='word_1_268' title='bbox 752 3065 1079 3146; x_wconf 81' lang='lat' dir='ltr'>spondeuS,</span> <span class='ocrx_word' id='word_1_269' title='bbox 1137 3066 1274 3145; x_wconf 87' lang='lat' dir='ltr'>quia</span> <span class='ocrx_word' id='word_1_270' title='bbox 1330 3068 1561 3127; x_wconf 90' lang='lat' dir='ltr'>tractim</span> <span class='ocrx_word' id='word_1_271' title='bbox 1618 3074 1806 3129; x_wconf 88' lang='lat' dir='ltr'>Sonat.</span> <span class='ocrx_word' id='word_1_272' title='bbox 1910 3068 2347 3146; x_wconf 84' lang='lat' dir='ltr'>amphimacrus</span> <span class='ocrx_word' id='word_1_273' title='bbox 2411 3087 2483 3130; x_wconf 86' lang='lat' dir='ltr'>ex</span> <span class='ocrx_word' id='word_1_274' title='bbox 2537 3087 2604 3130; x_wconf 91' lang='lat' dir='ltr'>re</span> <span class='ocrx_word' id='word_1_275' title='bbox 2660 3086 2875 3128; x_wconf 86' lang='lat' dir='ltr'>nomen</span> <span class='ocrx_word' id='word_1_276' title='bbox 2934 3070 3175 3155; x_wconf 76' lang='lat' dir='ltr'>accepit,</span> 
     </span>
     <span class='ocr_line' id='line_1_29' title="bbox 608 3151 3179 3250; baseline 0 -21"><span class='ocrx_word' id='word_1_277' title='bbox 608 3167 765 3247; x_wconf 88' lang='lat' dir='ltr'>quod</span> <span class='ocrx_word' id='word_1_278' title='bbox 810 3176 1061 3247; x_wconf 88' lang='lat' dir='ltr'>utraque</span> <span class='ocrx_word' id='word_1_279' title='bbox 1105 3151 1276 3246; x_wconf 80' lang='lat' dir='ltr'>parte</span> <span class='ocrx_word' id='word_1_280' title='bbox 1321 3167 1555 3247; x_wconf 87' lang='lat' dir='ltr'>longam</span> <span class='ocrx_word' id='word_1_281' title='bbox 1598 3168 1814 3230; x_wconf 88' lang='lat' dir='ltr'>habeat</span> <span class='ocrx_word' id='word_1_282' title='bbox 1857 3168 2171 3250; x_wconf 85' lang='lat' dir='ltr'>syllabam;</span> <span class='ocrx_word' id='word_1_283' title='bbox 2220 3169 2695 3250; x_wconf 82' lang='lat' dir='ltr'>amphibrachus,</span> <span class='ocrx_word' id='word_1_284' title='bbox 2744 3168 2901 3250; x_wconf 91' lang='lat' dir='ltr'>quod</span> <span class='ocrx_word' id='word_1_285' title='bbox 2932 3178 3179 3250; x_wconf 87' lang='lat' dir='ltr'>utraque</span> 
     </span>
     <span class='ocr_line' id='line_1_30' title="bbox 608 3268 3175 3353; baseline 0 -22"><span class='ocrx_word' id='word_1_286' title='bbox 608 3278 777 3351; x_wconf 90' lang='lat' dir='ltr'>parte</span> <span class='ocrx_word' id='word_1_287' title='bbox 821 3268 1061 3330; x_wconf 88' lang='lat' dir='ltr'>brevem</span> <span class='ocrx_word' id='word_1_288' title='bbox 1109 3268 1326 3330; x_wconf 85' lang='lat' dir='ltr'>babeat</span> <span class='ocrx_word' id='word_1_289' title='bbox 1366 3270 1667 3349; x_wconf 85' lang='lat' dir='ltr'>syllabam.</span> <span class='ocrx_word' id='word_1_290' title='bbox 1729 3289 1872 3350; x_wconf 85' lang='lat' dir='ltr'>ergo</span> <span class='ocrx_word' id='word_1_291' title='bbox 1918 3280 1977 3334; x_wconf 87' lang='lat' dir='ltr'>et</span> <span class='ocrx_word' id='word_1_292' title='bbox 2019 3274 2131 3353; x_wconf 90' lang='lat' dir='ltr'>ipsi</span> <span class='ocrx_word' id='word_1_293' title='bbox 2175 3272 2358 3352; x_wconf 88' lang='lat' dir='ltr'>pedes</span> <span class='ocrx_word' id='word_1_294' title='bbox 2404 3271 2624 3333; x_wconf 86' lang='lat' dir='ltr'>habent</span> <span class='ocrx_word' id='word_1_295' title='bbox 2663 3274 2956 3333; x_wconf 84' lang='lat' dir='ltr'>rationem</span> <span class='ocrx_word' id='word_1_296' title='bbox 2989 3274 3175 3333; x_wconf 87' lang='lat' dir='ltr'>nomi·</span> 
     </span>
     <span class='ocr_line' id='line_1_31' title="bbox 608 3389 1054 3432; baseline -0.002 0"><span class='ocrx_word' id='word_1_297' title='bbox 608 3390 749 3432; x_wconf 88' lang='lat' dir='ltr'>num</span> <span class='ocrx_word' id='word_1_298' title='bbox 791 3389 1054 3432; x_wconf 90' lang='lat' dir='ltr'>suorum.</span> 
     </span>
    </p>

    <p class='ocr_par' dir='ltr' id='par_1_4' title="bbox 372 3474 3256 4168">
     <span class='ocr_line' id='line_1_32' title="bbox 372 3474 3256 3555; baseline 0 -22"><span class='ocrx_word' id='word_1_299' title='bbox 372 3485 490 3549; x_wconf 78' lang='lat'>480,</span> <span class='ocrx_word' id='word_1_300' title='bbox 519 3487 583 3534; x_wconf 81' lang='lat'>22</span> <span class='ocrx_word' id='word_1_301' title='bbox 775 3474 963 3535; x_wconf 84' lang='lat' dir='ltr'>Pedes</span> <span class='ocrx_word' id='word_1_302' title='bbox 1008 3481 1204 3535; x_wconf 88' lang='lat' dir='ltr'>autem</span> <span class='ocrx_word' id='word_1_303' title='bbox 1250 3495 1455 3537; x_wconf 91' lang='lat' dir='ltr'>omnes</span> <span class='ocrx_word' id='word_1_304' title='bbox 1497 3484 1632 3537; x_wconf 90' lang='lat' dir='ltr'>sunt</span> <span class='ocrx_word' id='word_1_305' title='bbox 1670 3480 1678 3555; x_wconf 90' lang='grc' dir='ltr'>Ι</span> <span class='ocrx_word' id='word_1_306' title='bbox 1719 3476 1915 3539; x_wconf 83' lang='lat' dir='ltr'>CCXX</span> <span class='ocrx_word' id='word_1_307' title='bbox 1962 3486 2020 3537; x_wconf 90' lang='lat' dir='ltr'>et</span> <span class='ocrx_word' id='word_1_308' title='bbox 2061 3476 2186 3538; x_wconf 86' lang='lat'>1111.</span> <span class='ocrx_word' id='word_1_309' title='bbox 2239 3496 2309 3537; x_wconf 88' lang='lat' dir='ltr'>ex</span> <span class='ocrx_word' id='word_1_310' title='bbox 2348 3475 2440 3537; x_wconf 91' lang='lat' dir='ltr'>bis</span> <span class='ocrx_word' id='word_1_311' title='bbox 2472 3477 2709 3538; x_wconf 86' lang='lat' dir='ltr'>nomina</span> <span class='ocrx_word' id='word_1_312' title='bbox 2738 3475 2957 3537; x_wconf 87' lang='lat' dir='ltr'>habent</span> <span class='ocrx_word' id='word_1_313' title='bbox 2986 3475 3093 3538; x_wconf 83' lang='lat' dir='ltr'>XX</span> <span class='ocrx_word' id='word_1_314' title='bbox 3123 3486 3256 3537; x_wconf 80' lang='lat' dir='ltr'>etso</span> 
     </span>
     <span class='ocr_line' id='line_1_33' title="bbox 610 3575 3176 3655; baseline 0.002 -21"><span class='ocrx_word' id='word_1_315' title='bbox 610 3575 731 3635; x_wconf 88' lang='lat' dir='ltr'>VIII</span> <span class='ocrx_word' id='word_1_316' title='bbox 775 3575 983 3654; x_wconf 91' lang='lat' dir='ltr'>pedeS,</span> <span class='ocrx_word' id='word_1_317' title='bbox 1032 3592 1179 3653; x_wconf 90' lang='lat' dir='ltr'>quos</span> <span class='ocrx_word' id='word_1_318' title='bbox 1223 3580 1591 3655; x_wconf 84' lang='lat' dir='ltr'>grammatici</span> <span class='ocrx_word' id='word_1_319' title='bbox 1636 3586 1910 3640; x_wconf 87' lang='lat' dir='ltr'>tractant.</span> <span class='ocrx_word' id='word_1_320' title='bbox 2000 3586 2262 3640; x_wconf 87' lang='lat' dir='ltr'>ceterum</span> <span class='ocrx_word' id='word_1_321' title='bbox 2318 3580 2379 3639; x_wconf 91' lang='lat' dir='ltr'>in</span> <span class='ocrx_word' id='word_1_322' title='bbox 2439 3579 2677 3639; x_wconf 90' lang='lat' dir='ltr'>musicis</span> <span class='ocrx_word' id='word_1_323' title='bbox 2723 3585 2781 3638; x_wconf 85' lang='lat' dir='ltr'>et</span> <span class='ocrx_word' id='word_1_324' title='bbox 2822 3580 2882 3638; x_wconf 90' lang='lat' dir='ltr'>in</span> <span class='ocrx_word' id='word_1_325' title='bbox 2928 3580 3176 3639; x_wconf 87' lang='lat' dir='ltr'>oratori-</span> 
     </span>
     <span class='ocr_line' id='line_1_34' title="bbox 609 3676 3175 3762; baseline 0 -25"><span class='ocrx_word' id='word_1_326' title='bbox 609 3676 717 3738; x_wconf 91' lang='lat' dir='ltr'>bus</span> <span class='ocrx_word' id='word_1_327' title='bbox 760 3678 1090 3739; x_wconf 86' lang='lat' dir='ltr'>invenimus</span> <span class='ocrx_word' id='word_1_328' title='bbox 1136 3687 1195 3739; x_wconf 88' lang='lat' dir='ltr'>et</span> <span class='ocrx_word' id='word_1_329' title='bbox 1236 3679 1673 3760; x_wconf 83' lang='lat' dir='ltr'>pentasyllabos</span> <span class='ocrx_word' id='word_1_330' title='bbox 1729 3689 1786 3741; x_wconf 88' lang='lat' dir='ltr'>et</span> <span class='ocrx_word' id='word_1_331' title='bbox 1843 3679 2274 3760; x_wconf 82' lang='lat' dir='ltr'>hexasyllabos,</span> <span class='ocrx_word' id='word_1_332' title='bbox 2334 3682 2436 3762; x_wconf 87' lang='lat' dir='ltr'>qui</span> <span class='ocrx_word' id='word_1_333' title='bbox 2491 3680 2565 3741; x_wconf 88' lang='lat' dir='ltr'>de</span> <span class='ocrx_word' id='word_1_334' title='bbox 2621 3699 2733 3741; x_wconf 91' lang='lat' dir='ltr'>usu</span> <span class='ocrx_word' id='word_1_335' title='bbox 2784 3688 3175 3742; x_wconf 83' lang='lat' dir='ltr'>recesserunt.</span> 
     </span>
     <span class='ocr_line' id='line_1_35' title="bbox 606 3779 3177 3863; baseline 0 -22"><span class='ocrx_word' id='word_1_336' title='bbox 606 3781 844 3841; x_wconf 85' lang='lat' dir='ltr'>interim</span> <span class='ocrx_word' id='word_1_337' title='bbox 888 3779 1086 3850; x_wconf 82' lang='lat' dir='ltr'>nobiS,</span> <span class='ocrx_word' id='word_1_338' title='bbox 1135 3784 1236 3863; x_wconf 88' lang='lat' dir='ltr'>qui</span> <span class='ocrx_word' id='word_1_339' title='bbox 1282 3782 1355 3843; x_wconf 85' lang='lat' dir='ltr'>ad</span> <span class='ocrx_word' id='word_1_340' title='bbox 1400 3792 1588 3845; x_wconf 87' lang='lat' dir='ltr'>metra</span> <span class='ocrx_word' id='word_1_341' title='bbox 1633 3783 1960 3853; x_wconf 89' lang='lat' dir='ltr'>tendimus,</span> <span class='ocrx_word' id='word_1_342' title='bbox 2009 3784 2324 3844; x_wconf 88' lang='lat' dir='ltr'>necessarii</span> <span class='ocrx_word' id='word_1_343' title='bbox 2368 3789 2503 3844; x_wconf 90' lang='lat' dir='ltr'>sunt</span> <span class='ocrx_word' id='word_1_344' title='bbox 2544 3782 2642 3843; x_wconf 87' lang='lat' dir='ltr'>isti</span> <span class='ocrx_word' id='word_1_345' title='bbox 2683 3781 2788 3842; x_wconf 85' lang='lat' dir='ltr'>XX</span> <span class='ocrx_word' id='word_1_346' title='bbox 2833 3789 2892 3842; x_wconf 90' lang='lat' dir='ltr'>et</span> <span class='ocrx_word' id='word_1_347' title='bbox 2922 3781 3050 3842; x_wconf 83' lang='lat' dir='ltr'>VIII</span> <span class='ocrx_word' id='word_1_348' title='bbox 3078 3801 3177 3861; x_wconf 88' lang='lat' dir='ltr'>pe·</span> 
     </span>
     <span class='ocr_line' id='line_1_36' title="bbox 608 3881 3180 3965; baseline 0.001 -22"><span class='ocrx_word' id='word_1_349' title='bbox 608 3883 729 3944; x_wconf 87' lang='lat' dir='ltr'>des.</span> <span class='ocrx_word' id='word_1_350' title='bbox 820 3881 897 3943; x_wconf 90' lang='lat' dir='ltr'>de</span> <span class='ocrx_word' id='word_1_351' title='bbox 941 3882 1170 3945; x_wconf 91' lang='lat' dir='ltr'>duabus</span> <span class='ocrx_word' id='word_1_352' title='bbox 1213 3884 1450 3965; x_wconf 90' lang='lat' dir='ltr'>syllabis</span> <span class='ocrx_word' id='word_1_353' title='bbox 1495 3891 1774 3962; x_wconf 86' lang='lat' dir='ltr'>quattuor</span> <span class='ocrx_word' id='word_1_354' title='bbox 1815 3885 1877 3945; x_wconf 94' lang='lat' dir='ltr'>hi</span> <span class='ocrx_word' id='word_1_355' title='bbox 1906 3892 2073 3954; x_wconf 91' lang='lat' dir='ltr'>sunt,</span> <span class='ocrx_word' id='word_1_356' title='bbox 2122 3884 2468 3965; x_wconf 86' lang='lat' dir='ltr'>pyrrichius,</span> <span class='ocrx_word' id='word_1_357' title='bbox 2514 3883 2831 3964; x_wconf 78' lang='lat' dir='ltr'>SpondeuS,</span> <span class='ocrx_word' id='word_1_358' title='bbox 2868 3883 3180 3947; x_wconf 84' lang='lat' dir='ltr'>trochaeus</span> 
     </span>
     <span class='ocr_line' id='line_1_37' title="bbox 609 3968 3254 4065; baseline -0 -21"><span class='ocrx_word' id='word_1_359' title='bbox 609 3992 666 4045; x_wconf 93' lang='lat' dir='ltr'>et</span> <span class='ocrx_word' id='word_1_360' title='bbox 709 3983 968 4054; x_wconf 88' lang='lat' dir='ltr'>iambuS;</span> <span class='ocrx_word' id='word_1_361' title='bbox 1016 3984 1090 4045; x_wconf 87' lang='lat' dir='ltr'>de</span> <span class='ocrx_word' id='word_1_362' title='bbox 1134 3986 1324 4047; x_wconf 88' lang='lat' dir='ltr'>tribus</span> <span class='ocrx_word' id='word_1_363' title='bbox 1369 3994 1500 4047; x_wconf 92' lang='lat' dir='ltr'>octo</span> <span class='ocrx_word' id='word_1_364' title='bbox 1547 3988 1642 4048; x_wconf 92' lang='lat' dir='ltr'>isti</span> <span class='ocrx_word' id='word_1_365' title='bbox 1687 3995 1854 4058; x_wconf 90' lang='lat' dir='ltr'>Sunt,</span> <span class='ocrx_word' id='word_1_366' title='bbox 1903 3968 2264 4057; x_wconf 81' lang='lat' dir='ltr'>tribrachuS,</span> <span class='ocrx_word' id='word_1_367' title='bbox 2324 3987 2639 4056; x_wconf 91' lang='lat' dir='ltr'>molossuS,</span> <span class='ocrx_word' id='word_1_368' title='bbox 2699 3984 2989 4065; x_wconf 82' lang='lat' dir='ltr'>dactyluS,</span> <span class='ocrx_word' id='word_1_369' title='bbox 3037 4006 3173 4047; x_wconf 87' lang='lat' dir='ltr'>ana·</span> <span class='ocrx_word' id='word_1_370' title='bbox 3200 4004 3254 4043; x_wconf 77' lang='lat'>35</span> 
     </span>
     <span class='ocr_line' id='line_1_38' title="bbox 605 4060 3174 4168; baseline 0.001 -21"><span class='ocrx_word' id='word_1_371' title='bbox 605 4093 870 4167; x_wconf 79' lang='lat' dir='ltr'>paestuS,</span> <span class='ocrx_word' id='word_1_372' title='bbox 919 4060 1383 4166; x_wconf 89' lang='lat' dir='ltr'>amphimacrus,</span> <span class='ocrx_word' id='word_1_373' title='bbox 1430 4088 1923 4168; x_wconf 89' lang='lat' dir='ltr'>amphibrachus,</span> <span class='ocrx_word' id='word_1_374' title='bbox 1971 4088 2250 4151; x_wconf 91' lang='lat' dir='ltr'>bacchius</span> <span class='ocrx_word' id='word_1_375' title='bbox 2296 4096 2355 4150; x_wconf 91' lang='lat' dir='ltr'>et</span> <span class='ocrx_word' id='word_1_376' title='bbox 2396 4087 2836 4157; x_wconf 81' lang='lat' dir='ltr'>antibacchius3</span> <span class='ocrx_word' id='word_1_377' title='bbox 2896 4087 2971 4148; x_wconf 88' lang='lat' dir='ltr'>de</span> <span class='ocrx_word' id='word_1_378' title='bbox 3013 4098 3174 4166; x_wconf 88' lang='lat' dir='ltr'>quat-</span> 
     </span>
    </p>
   </div>
   <div class='ocr_carea' id='block_1_2' title="bbox 606 4342 3178 4832">
    <p class='ocr_par' dir='ltr' id='par_1_5' title="bbox 607 4342 3178 4617">
     <span class='ocr_line' id='line_1_39' title="bbox 746 4342 3178 4412; baseline 0.001 -19"><span class='ocrx_word' id='word_1_379' title='bbox 746 4342 778 4393; x_wconf 86' lang='lat'><strong>3</strong></span> <span class='ocrx_word' id='word_1_380' title='bbox 828 4351 881 4392; x_wconf 86' lang='lat' dir='ltr'>ut</span> <span class='ocrx_word' id='word_1_381' title='bbox 927 4359 1029 4395; x_wconf 81' lang='lat' dir='ltr'>una</span> <span class='ocrx_word' id='word_1_382' title='bbox 1074 4342 1237 4409; x_wconf 43' lang='lat' dir='ltr'>longa,</span> <span class='ocrx_word' id='word_1_383' title='bbox 1263 4359 1353 4409; x_wconf 90' lang='lat' dir='ltr'>pro</span> <span class='ocrx_word' id='word_1_384' title='bbox 1393 4344 1588 4394; x_wconf 82' lang='lat' dir='ltr'>duabus</span> <span class='ocrx_word' id='word_1_385' title='bbox 1635 4346 1872 4396; x_wconf 88' lang='lat' dir='ltr'>breuibus</span> <span class='ocrx_word' id='word_1_386' title='bbox 1910 4355 2126 4411; x_wconf 86' lang='lat' dir='ltr'>ponatur</span> <span class='ocrx_word' id='word_1_387' title='bbox 2161 4346 2212 4395; x_wconf 88' lang='lat' dir='ltr'><em>B</em></span> <span class='ocrx_word' id='word_1_388' title='bbox 2261 4354 2316 4395; x_wconf 84' lang='lat' dir='ltr'>ut</span> <span class='ocrx_word' id='word_1_389' title='bbox 2351 4346 2483 4395; x_wconf 85' lang='lat' dir='ltr'>duae</span> <span class='ocrx_word' id='word_1_390' title='bbox 2518 4345 2698 4394; x_wconf 81' lang='lat' dir='ltr'>breues</span> <span class='ocrx_word' id='word_1_391' title='bbox 2742 4359 2836 4411; x_wconf 90' lang='lat' dir='ltr'>pro</span> <span class='ocrx_word' id='word_1_392' title='bbox 2887 4360 2989 4394; x_wconf 83' lang='lat' dir='ltr'>uua</span> <span class='ocrx_word' id='word_1_393' title='bbox 3025 4343 3178 4412; x_wconf 78' lang='lat' dir='ltr'>longa</span> 
     </span>
     <span class='ocr_line' id='line_1_40' title="bbox 607 4413 3175 4481; baseline 0 -18"><span class='ocrx_word' id='word_1_394' title='bbox 607 4422 860 4479; x_wconf 82' lang='lat' dir='ltr'>ponantur</span> <span class='ocrx_word' id='word_1_395' title='bbox 892 4415 1036 4465; x_wconf 78' lang='lat' dir='ltr'>Acb</span> <span class='ocrx_word' id='word_1_396' title='bbox 1178 4413 1244 4463; x_wconf 89' lang='grc'>10</span> <span class='ocrx_word' id='word_1_397' title='bbox 1272 4413 1624 4481; x_wconf 82' lang='lat' dir='ltr'>Terentianus]</span> <span class='ocrx_word' id='word_1_398' title='bbox 1663 4432 1712 4463; x_wconf 89' lang='grc' dir='ltr'>υ.</span> <span class='ocrx_word' id='word_1_399' title='bbox 1753 4417 1890 4469; x_wconf 80' lang='lat'>2226</span> <span class='ocrx_word' id='word_1_400' title='bbox 1998 4418 2053 4466; x_wconf 95' lang='lat' dir='ltr'>ll</span> <span class='ocrx_word' id='word_1_401' title='bbox 2099 4431 2214 4466; x_wconf 77' lang='lat' dir='ltr'>nam</span> <span class='ocrx_word' id='word_1_402' title='bbox 2251 4415 2415 4465; x_wconf 80' lang='lat' dir='ltr'>solida</span> <span class='ocrx_word' id='word_1_403' title='bbox 2451 4414 2575 4465; x_wconf 82' lang='lat' dir='ltr'>findi</span> <span class='ocrx_word' id='word_1_404' title='bbox 2604 4416 2655 4465; x_wconf 89' lang='lat' dir='ltr'><em>B</em></span> <span class='ocrx_word' id='word_1_405' title='bbox 2691 4430 2806 4464; x_wconf 85' lang='lat' dir='ltr'>nam</span> <span class='ocrx_word' id='word_1_406' title='bbox 2843 4415 3011 4466; x_wconf 85' lang='lat' dir='ltr'>solido</span> <span class='ocrx_word' id='word_1_407' title='bbox 3042 4415 3175 4465; x_wconf 77' lang='lat' dir='ltr'>findo</span> 
     </span>
     <span class='ocr_line' id='line_1_41' title="bbox 607 4482 3174 4550; baseline 0 -17"><span class='ocrx_word' id='word_1_408' title='bbox 607 4485 655 4533; x_wconf 88' lang='grc' dir='ltr'><em>Α</em></span> <span class='ocrx_word' id='word_1_409' title='bbox 689 4499 803 4533; x_wconf 83' lang='lat' dir='ltr'>nam</span> <span class='ocrx_word' id='word_1_410' title='bbox 844 4485 1006 4534; x_wconf 87' lang='lat' dir='ltr'>solido</span> <span class='ocrx_word' id='word_1_411' title='bbox 1044 4482 1166 4533; x_wconf 81' lang='lat' dir='ltr'>find.</span> <span class='ocrx_word' id='word_1_412' title='bbox 1205 4482 1354 4550; x_wconf 84' lang='lat' dir='ltr'>(findi</span> <span class='ocrx_word' id='word_1_413' title='bbox 1389 4483 1437 4548; x_wconf 87' lang='lat' dir='ltr'>c)</span> <span class='ocrx_word' id='word_1_414' title='bbox 1481 4485 1521 4535; x_wconf 86' lang='lat' dir='ltr'><strong><em>G</em></strong></span> <span class='ocrx_word' id='word_1_415' title='bbox 1659 4485 1725 4536; x_wconf 81' lang='lat'>12</span> <span class='ocrx_word' id='word_1_416' title='bbox 1761 4487 1931 4537; x_wconf 81' lang='lat' dir='ltr'>diuisa</span> <span class='ocrx_word' id='word_1_417' title='bbox 1971 4486 2123 4537; x_wconf 87' lang='lat' dir='ltr'>hodie</span> <span class='ocrx_word' id='word_1_418' title='bbox 2159 4487 2241 4537; x_wconf 86' lang='lat' dir='ltr'>Ca</span> <span class='ocrx_word' id='word_1_419' title='bbox 2280 4484 2450 4535; x_wconf 81' lang='lat' dir='ltr'>diuisa</span> <span class='ocrx_word' id='word_1_420' title='bbox 2476 4527 2488 4538; x_wconf 89' lang='lat'>.</span> <span class='ocrx_word' id='word_1_421' title='bbox 2517 4526 2530 4538; x_wconf 91' lang='lat'>.</span> <span class='ocrx_word' id='word_1_422' title='bbox 2561 4485 2677 4535; x_wconf 87' lang='lat' dir='ltr'>odie</span> <span class='ocrx_word' id='word_1_423' title='bbox 2718 4485 2769 4534; x_wconf 89' lang='grc' dir='ltr'><em>Α</em></span> <span class='ocrx_word' id='word_1_424' title='bbox 2806 4486 2973 4535; x_wconf 81' lang='lat' dir='ltr'>diuisa</span> <span class='ocrx_word' id='word_1_425' title='bbox 3011 4496 3174 4535; x_wconf 81' lang='lat' dir='ltr'>autem</span> 
     </span>
     <span class='ocr_line' id='line_1_42' title="bbox 607 4552 3175 4617; baseline 0.001 -15"><span class='ocrx_word' id='word_1_426' title='bbox 607 4554 757 4604; x_wconf 88' lang='lat' dir='ltr'>hodie</span> <span class='ocrx_word' id='word_1_427' title='bbox 792 4554 844 4603; x_wconf 91' lang='lat' dir='ltr'><em>B</em></span> <span class='ocrx_word' id='word_1_428' title='bbox 878 4554 1158 4605; x_wconf 87' lang='lat' dir='ltr'>diuisiones</span> <span class='ocrx_word' id='word_1_429' title='bbox 1194 4554 1344 4603; x_wconf 88' lang='lat' dir='ltr'>hodie</span> <span class='ocrx_word' id='word_1_430' title='bbox 1378 4570 1407 4603; x_wconf 85' lang='lat' dir='ltr'>c</span> <span class='ocrx_word' id='word_1_431' title='bbox 1514 4555 1674 4605; x_wconf 88' lang='lat' dir='ltr'>cohiri</span> <span class='ocrx_word' id='word_1_432' title='bbox 1707 4557 1756 4604; x_wconf 84' lang='lat' dir='ltr'><em>A</em></span> <span class='ocrx_word' id='word_1_433' title='bbox 1789 4556 1958 4607; x_wconf 86' lang='lat' dir='ltr'>coheri</span> <span class='ocrx_word' id='word_1_434' title='bbox 1987 4558 2030 4606; x_wconf 84' lang='lat' dir='ltr'><em>C</em></span> <span class='ocrx_word' id='word_1_435' title='bbox 2055 4556 2292 4607; x_wconf 85' lang='lat' dir='ltr'>coherere</span> <span class='ocrx_word' id='word_1_436' title='bbox 2332 4555 2382 4605; x_wconf 92' lang='lat' dir='ltr'><em>B</em></span> <span class='ocrx_word' id='word_1_437' title='bbox 2524 4557 2587 4606; x_wconf 80' lang='lat'>16</span> <span class='ocrx_word' id='word_1_438' title='bbox 2623 4555 2705 4604; x_wconf 89' lang='lat' dir='ltr'>dic</span> <span class='ocrx_word' id='word_1_439' title='bbox 2738 4570 2830 4608; x_wconf 87' lang='lat' dir='ltr'>om.</span> <span class='ocrx_word' id='word_1_440' title='bbox 2861 4556 2927 4617; x_wconf 83' lang='lat' dir='ltr'>A,</span> <span class='ocrx_word' id='word_1_441' title='bbox 2962 4557 3086 4605; x_wconf 82' lang='lat' dir='ltr'>add.</span> <span class='ocrx_word' id='word_1_442' title='bbox 3112 4552 3175 4604; x_wconf 75' lang='lat' dir='ltr'>a*</span> 
     </span>
    </p>

    <p class='ocr_par' dir='ltr' id='par_1_6' title="bbox 606 4625 3176 4832">
     <span class='ocr_line' id='line_1_43' title="bbox 750 4625 3174 4683; baseline 0 -10"><span class='ocrx_word' id='word_1_443' title='bbox 750 4625 811 4673; x_wconf 85' lang='lat'>17</span> <span class='ocrx_word' id='word_1_444' title='bbox 852 4625 1064 4674; x_wconf 78' lang='lat' dir='ltr'>iiacens</span> <span class='ocrx_word' id='word_1_445' title='bbox 1092 4634 1140 4672; x_wconf 87' lang='lat' dir='ltr'>et</span> <span class='ocrx_word' id='word_1_446' title='bbox 1178 4639 1209 4672; x_wconf 89' lang='lat' dir='ltr'>u</span> <span class='ocrx_word' id='word_1_447' title='bbox 1245 4634 1359 4672; x_wconf 80' lang='lat' dir='ltr'>ante</span> <span class='ocrx_word' id='word_1_448' title='bbox 1395 4640 1451 4674; x_wconf 89' lang='lat' dir='ltr'>se</span> <span class='ocrx_word' id='word_1_449' title='bbox 1486 4625 1753 4675; x_wconf 84' lang='lat' dir='ltr'>trochaeus</span> <span class='ocrx_word' id='word_1_450' title='bbox 1791 4637 1868 4676; x_wconf 83' lang='lat' dir='ltr'>est</span> <span class='ocrx_word' id='word_1_451' title='bbox 1900 4627 2068 4678; x_wconf 80' lang='lat' dir='ltr'>ABG</span> <span class='ocrx_word' id='word_1_452' title='bbox 2165 4628 2262 4675; x_wconf 83' lang='lat' dir='ltr'>ista</span> <span class='ocrx_word' id='word_1_453' title='bbox 2296 4635 2373 4676; x_wconf 85' lang='lat' dir='ltr'>est</span> <span class='ocrx_word' id='word_1_454' title='bbox 2407 4641 2498 4679; x_wconf 85' lang='lat' dir='ltr'>om.</span> <span class='ocrx_word' id='word_1_455' title='bbox 2537 4626 2603 4683; x_wconf 80' lang='lat' dir='ltr'>A,</span> <span class='ocrx_word' id='word_1_456' title='bbox 2641 4626 2764 4677; x_wconf 83' lang='lat' dir='ltr'>add.</span> <span class='ocrx_word' id='word_1_457' title='bbox 2804 4642 2838 4674; x_wconf 86' lang='lat' dir='ltr'>a</span> <span class='ocrx_word' id='word_1_458' title='bbox 2960 4626 3028 4676; x_wconf 87' lang='grc'>23</span> <span class='ocrx_word' id='word_1_459' title='bbox 3060 4640 3174 4676; x_wconf 83' lang='lat' dir='ltr'>nam</span> 
     </span>
     <span class='ocr_line' id='line_1_44' title="bbox 607 4694 3175 4760; baseline 0.001 -19"><span class='ocrx_word' id='word_1_460' title='bbox 607 4694 865 4759; x_wconf 84' lang='lat' dir='ltr'>spondeus</span> <span class='ocrx_word' id='word_1_461' title='bbox 905 4694 1091 4744; x_wconf 86' lang='lat' dir='ltr'>dicitur</span> <span class='ocrx_word' id='word_1_462' title='bbox 1125 4702 1327 4742; x_wconf 84' lang='lat' dir='ltr'>tractus</span> <span class='ocrx_word' id='word_1_463' title='bbox 1352 4700 1610 4755; x_wconf 81' lang='lat' dir='ltr'>(tractatus</span> <span class='ocrx_word' id='word_1_464' title='bbox 1646 4695 1720 4760; x_wconf 88' lang='lat' dir='ltr'>B)</span> <span class='ocrx_word' id='word_1_465' title='bbox 1756 4698 1960 4760; x_wconf 82' lang='lat' dir='ltr'>quidam</span> <span class='ocrx_word' id='word_1_466' title='bbox 1997 4697 2047 4745; x_wconf 88' lang='lat' dir='ltr'>id</span> <span class='ocrx_word' id='word_1_467' title='bbox 2088 4704 2166 4745; x_wconf 87' lang='lat' dir='ltr'>est</span> <span class='ocrx_word' id='word_1_468' title='bbox 2201 4710 2359 4746; x_wconf 85' lang='lat' dir='ltr'>sonus</span> <span class='ocrx_word' id='word_1_469' title='bbox 2396 4696 2601 4758; x_wconf 84' lang='lat' dir='ltr'>quidam</span> <span class='ocrx_word' id='word_1_470' title='bbox 2639 4698 2726 4758; x_wconf 90' lang='lat' dir='ltr'>qui</span> <span class='ocrx_word' id='word_1_471' title='bbox 2770 4694 2998 4745; x_wconf 81' lang='lat' dir='ltr'>funditur</span> <span class='ocrx_word' id='word_1_472' title='bbox 3033 4697 3084 4747; x_wconf 92' lang='lat' dir='ltr'><em>B</em></span> <span class='ocrx_word' id='word_1_473' title='bbox 3097 4697 3175 4746; x_wconf 84' lang='lat' dir='ltr'>Ga</span> 
     </span>
     <span class='ocr_line' id='line_1_45' title="bbox 606 4762 3176 4832; baseline 0.002 -21"><span class='ocrx_word' id='word_1_474' title='bbox 606 4779 719 4812; x_wconf 83' lang='lat' dir='ltr'>nam</span> <span class='ocrx_word' id='word_1_475' title='bbox 757 4763 1014 4828; x_wconf 85' lang='lat' dir='ltr'>spondeus</span> <span class='ocrx_word' id='word_1_476' title='bbox 1051 4764 1137 4827; x_wconf 88' lang='lat' dir='ltr'>qui</span> <span class='ocrx_word' id='word_1_477' title='bbox 1172 4763 1399 4814; x_wconf 80' lang='lat' dir='ltr'>funditur</span> <span class='ocrx_word' id='word_1_478' title='bbox 1436 4766 1515 4817; x_wconf 88' lang='grc' dir='ltr'>Α.-</span> <span class='ocrx_word' id='word_1_479' title='bbox 1563 4782 1679 4815; x_wconf 80' lang='lat' dir='ltr'>nom</span> <span class='ocrx_word' id='word_1_480' title='bbox 1727 4762 1951 4832; x_wconf 76' lang='grc' dir='ltr'><strong><em>σπονδή</em></strong></span> <span class='ocrx_word' id='word_1_481' title='bbox 2001 4765 2372 4816; x_wconf 72' lang='lat' dir='ltr'>Lindemannus</span> <span class='ocrx_word' id='word_1_482' title='bbox 2511 4767 2576 4817; x_wconf 85' lang='lat'>25</span> <span class='ocrx_word' id='word_1_483' title='bbox 2614 4767 2733 4828; x_wconf 83' lang='lat' dir='ltr'>quia</span> <span class='ocrx_word' id='word_1_484' title='bbox 2760 4764 2894 4816; x_wconf 78' lang='lat' dir='ltr'>cadit</span> <span class='ocrx_word' id='word_1_485' title='bbox 2921 4764 2971 4814; x_wconf 77' lang='lat' dir='ltr'><em>A</em></span> <span class='ocrx_word' id='word_1_486' title='bbox 3110 4764 3176 4816; x_wconf 84' lang='lat'>30</span> 
     </span>
    </p>
   </div>
   <div class='ocr_carea' id='block_1_3' title="bbox 611 4831 2461 4902">
    <p class='ocr_par' dir='ltr' id='par_1_7' title="bbox 611 4831 2461 4902">
     <span class='ocr_line' id='line_1_46' title="bbox 611 4831 2461 4902; baseline 0.002 -21"><span class='ocrx_word' id='word_1_487' title='bbox 611 4831 747 4881; x_wconf 88' lang='lat' dir='ltr'>CXX</span> <span class='ocrx_word' id='word_1_488' title='bbox 784 4840 833 4881; x_wconf 89' lang='lat' dir='ltr'>et</span> <span class='ocrx_word' id='word_1_489' title='bbox 871 4834 958 4884; x_wconf 90' lang='grc'><strong>1111</strong></span> <span class='ocrx_word' id='word_1_490' title='bbox 996 4835 1040 4882; x_wconf 97' lang='lat' dir='ltr'><em>L</em></span> <span class='ocrx_word' id='word_1_491' title='bbox 1078 4842 1276 4883; x_wconf 83' lang='lat' dir='ltr'>centum</span> <span class='ocrx_word' id='word_1_492' title='bbox 1313 4837 1494 4902; x_wconf 81' lang='lat' dir='ltr'>uiginti</span> <span class='ocrx_word' id='word_1_493' title='bbox 1534 4846 1582 4884; x_wconf 84' lang='lat' dir='ltr'>et</span> <span class='ocrx_word' id='word_1_494' title='bbox 1619 4846 1853 4899; x_wconf 84' lang='lat' dir='ltr'>quattuor</span> <span class='ocrx_word' id='word_1_495' title='bbox 1880 4837 1932 4886; x_wconf 91' lang='lat' dir='ltr'><em>B</em></span> <span class='ocrx_word' id='word_1_496' title='bbox 1967 4835 2104 4885; x_wconf 88' lang='lat' dir='ltr'>LXX</span> <span class='ocrx_word' id='word_1_497' title='bbox 2142 4845 2191 4885; x_wconf 87' lang='lat' dir='ltr'>et</span> <span class='ocrx_word' id='word_1_498' title='bbox 2228 4836 2321 4884; x_wconf 89' lang='grc'><strong>1111</strong></span> <span class='ocrx_word' id='word_1_499' title='bbox 2356 4834 2461 4885; x_wconf 83' lang='grc' dir='ltr'>ΑΟ</span> 
     </span>
    </p>
   </div>
  </div>
 </body>
</html>
