3541 5564
1334 378 1608 460 [Asrtu]
1661 379 1801 440 Ans
1859 379 1901 438 ι.
1952 380 1998 440 ιι
2830 375 2953 442 547

2657 485 2905 539 p.13861‘.

375 569 629 631 ablativo
667 569 1058 648 respondeas;
1106 570 1157 628 si
1202 567 1393 629 adhuc
1439 567 1585 629 velis
1629 569 1748 635 ire,
1797 567 2149 629 accusativo.
2210 566 2443 629 abunde
2490 567 2714 628 dictum
2760 569 2837 628 sit
2880 568 2953 629 de

377 653 940 736 praepositionibus.
1029 673 1167 716 nam
1211 662 1412 715 cetera
1456 655 1518 713 in
1565 651 1796 715 artibus
1840 651 2127 715 habemus
2169 653 2514 736 plenissime
2562 653 2739 713 dieta.

982 1303 1309 1399 Asrltl
1381 1304 2091 1400 GRAMMArlct
2164 1305 2363 1399 Ans

428 1686 467 1727 p.
495 1677 572 1716 309
602 1673 647 1716 L.
2658 1689 2699 1728 p.
2729 1678 2828 1717 1725
2857 1675 2902 1716 P.

320 1763 345 1801 5
541 1746 651 1806 Ars
709 1753 801 1806 est
854 1747 1309 1827 comprehensio
1356 1754 1809 1826 praeceptorum
1857 1747 1929 1807 ad
1978 1747 2292 1808 utilitatem
2340 1749 2472 1809 usui
2518 1747 2953 1809 accommodata

373 1850 481 1910 per
524 1832 770 1891 artificis
799 1835 891 1892 sui
937 1834 1453 1901 exercitationem,
1499 1832 1807 1901 medendi,
1856 1840 1920 1892 ut
1963 1833 2212 1901 medici,
2261 1832 2657 1902 declamandi,
2706 1840 2771 1893 ut
2817 1833 2953 1893 rhe-

373 1917 535 1985 toriS,
582 1915 850 1994 legendi,
901 1924 963 1977 ut
1007 1919 1398 1995 grammatici.
1464 1920 1847 1994 grammatica
1894 1926 1986 1978 est
2039 1919 2292 1978 scientia
2335 1924 2500 1977 recte
2547 1917 2849 1978 scribendi
2896 1925 2957 1977 et

373 2001 729 2061 enunciandi
767 2003 1319 2083 interpretandique
1365 2010 1569 2081 poetas
1604 2022 1713 2082 per
1751 2003 2057 2063 historiam
2085 2023 2123 2058 αι
2171 2003 2480 2064 formatam
2527 2002 2597 2063 ad
2647 2021 2815 2063 usum
2860 2021 2955 2063 ra-

376 2088 712 2167 tionemque
742 2086 1090 2156 verborum,
1138 2107 1313 2167 quam
1344 2086 1663 2149 Terentius
1715 2085 1832 2168 [et]
1869 2087 2053 2148 Varro
2098 2090 2358 2168 primum
2401 2096 2464 2148 ut
2511 2088 2701 2149 adhue
2746 2087 2956 2149 rudem

300 2187 347 2226 ιο
373 2171 726 2251 appellatam
771 2189 901 2233 esse
948 2172 1090 2233 dicit
1134 2173 1550 2233 litteraturam.

1426 2342 1524 2403 DE
1568 2341 1899 2404 LITTERA

541 2459 769 2521 Littera
817 2470 908 2520 est
953 2463 1198 2521 minima
1244 2480 1383 2541 pars
1425 2465 1585 2522 vocis
1631 2462 1994 2541 explanatae.
2084 2470 2223 2522 sunt
2265 2469 2481 2531 autem,
2530 2470 2594 2522 ut
2638 2465 2815 2523 etiam
2862 2482 2953 2522 ra-

376 2546 790 2605 tiocinatorum
838 2564 947 2606 usu
997 2555 1299 2625 receptum
1346 2555 1455 2616 est,
1502 2547 1736 2607 litterae
1785 2546 1969 2608 latino
2013 2549 2273 2607 sermoni
2320 2547 2792 2608 accommodatae
2841 2568 2957 2609 una

373 2637 432 2689 et
476 2631 712 2707 viginti,
760 2630 980 2709 quibus
1026 2631 1385 2692 Graecorum
1433 2631 1721 2692 accedunt
1766 2632 1937 2700 duae,
1986 2651 2015 2691 z
2062 2641 2121 2693 et
2166 2652 2220 2711 y.
2313 2651 2446 2693 nam
2490 2632 2848 2693 Mezentium
2893 2641 2960 2693 et

298 2729 348 2768 15
375 2714 580 2795 Hylam
627 2722 685 2775 et
730 2715 844 2775 alia
889 2715 1065 2777 nobis
1110 2718 1429 2796 peregrina
1476 2720 1714 2778 nomina
1761 2716 2027 2777 seribere
2061 2724 2119 2777 et
2150 2714 2474 2778 enunciare
2518 2719 2765 2798 proprio
2810 2737 2955 2778 sono

374 2819 490 2861 non
535 2819 870 2879 possumuS.
959 2802 1295 2863 litterarum
1342 2802 1489 2863 aliae
1538 2803 1769 2864 vocales
1815 2809 1982 2873 sunt,
2042 2803 2191 2864 aliae
2248 2809 2668 2864 consonantes:
2728 2803 2958 2865 vocales

375 2887 659 2965 quinque,
707 2905 739 2946 a
786 2906 818 2946 e
866 2888 885 2946 i
930 2907 965 2946 o
1012 2907 1080 2948 u:
1129 2889 1578 2949 consonantium
1624 2889 1770 2948 aliae
1818 2888 2216 2957 semivocaleS,
2264 2896 2492 2967 septem
2535 2889 2562 2948 l'
2601 2887 2618 2948 l
2665 2908 2724 2949 m
2770 2908 2808 2950 n
2853 2908 2884 2949 r
2927 2910 2956 2949 s

480 3091 545 3169 2
580 3087 723 3207 perth]
764 3090 860 3138 iam
908 3093 962 3141 V
1058 3092 1302 3141 habemns
1340 3093 1391 3140 in
1430 3093 1620 3141 artibus
1655 3091 1950 3156 plenissime
1988 3092 2136 3141 dicta.
2178 3092 2410 3142 Rhemnii
2440 3093 2758 3142 Palaemonis
2784 3092 2956 3143 Gram-

377 3168 539 3207 manet
598 3160 611 3207 i
651 3178 674 3206 e
718 3178 746 3207 υ
784 3176 912 3210 riuis
950 3173 982 3216 ς

558 3367 610 3422 V
647 3371 833 3427 codex
875 3370 1190 3428 Vaticanus
1222 3369 1381 3428 1491

545 3454 590 3510 G
637 3456 823 3511 codex
854 3456 1152 3513 Gellianus
1189 3455 1303 3512 117

547 3556 582 3605 ς
621 3541 786 3597 editio
817 3541 1174 3598 Ascensiana
1205 3542 1450 3598 Parisiis
1479 3560 1535 3598 a.
1575 3540 1736 3598 1516

547 3687 578 3737 3
618 3703 802 3739 tuetrtr
839 3705 930 3740 aas
962 3706 1105 3740 aspar
1147 3706 1461 3741 casumve!
1498 3692 1542 3740 G
1583 3705 1820 3741 Λειαιιινε
1857 3706 2014 3741 aaran
2056 3692 2109 3741 V
2142 3692 2296 3755 Aspri
2332 3692 2534 3741 maioris
2569 3706 2653 3741 ars
2691 3706 2829 3741 more
2868 3707 2955 3740 ne-

375 3759 659 3808 tustissimo
697 3760 874 3825 incipit
900 3761 1067 3810 codeae
1109 3762 1388 3811 Vaticanus
1422 3760 1746 3811 bibliothecae
1782 3761 2008 3824 Reginae
2047 3760 2181 3813 1818
2215 3777 2307 3811 Ans
2346 3776 2490 3811 aspar
2530 3776 2749 3812 watenis
2789 3776 2953 3811 onan-

379 3842 548 3878 nurci
584 3842 619 3885 ς
759 3829 793 3878 6
828 3829 1145 3879 declamandi
1181 3840 1237 3882 ut
1273 3829 1502 3881 rhetores
1543 3830 1586 3880 G
1620 3831 1883 3880 delarandi
1923 3839 1972 3881 et
2010 3833 2114 3881 oris
2145 3833 2194 3881 V
2333 3832 2363 3879 7
2401 3828 2749 3897 grammatica]
2795 3831 2950 3885 Max,

382 3900 572 3951 Victor.
611 3913 666 3961 p.
712 3897 841 3949 1937
878 3900 1021 3953 Mar.
1072 3901 1267 3953 Victor.
1292 3916 1345 3964 p.
1390 3899 1528 3953 2450
1667 3909 1717 3951 et
1751 3901 2054 3952 enunciandi
2087 3902 2255 3952 codex
2293 3904 2575 3953 Vaticanus
2611 3900 2743 3953 1492
2773 3902 2954 3967 Regin.

378 3967 513 4019 1818
559 3979 607 4017 et
655 3969 931 4019 nunciandi
967 3971 1011 4020 G
1057 3978 1106 4020 et
1154 3972 1445 4022 nunctiandi
1492 3972 1545 4021 V
1579 3971 1946 4034 pronunciandi
1984 3986 2018 4028 ς
2186 3971 2220 4021 8
2267 3971 2728 4037 interpretandique
2779 3981 2955 4036 poetas

376 4037 666 4101 (poematae
705 4038 771 4101 G)
810 4055 901 4104 per
931 4039 1196 4090 historiam
1235 4041 1500 4090 formatam
1532 4041 1594 4090 ad
1629 4056 1777 4090 usum
1817 4041 2161 4104 rationemque
2199 4043 2465 4093 uerborum
2501 4042 2588 4097 ὂς
2624 4042 2953 4105 interpretan-

373 4108 524 4170 dique
573 4111 919 4171 rationemque
967 4112 1239 4169 uerborum
1280 4113 1334 4161 V
1376 4121 1423 4162 ee
1466 4111 1633 4161 codex
1678 4112 1959 4162 Vaticanus
2014 4110 2146 4161 1492
2198 4111 2660 4177 interpretandique
2705 4111 2952 4160 rationem

376 4179 642 4229 uerborum
687 4180 854 4228 codex
894 4180 1070 4245 Reqin.
1113 4181 1262 4235 1818.
1305 4183 1531 4231 lacunam
1574 4182 1812 4231 indicavit
1843 4182 2089 4232 Lem-snas
2130 4181 2325 4232 Herod.
2375 4183 2551 4243 script.
2589 4183 2691 4230 tria
2734 4196 2787 4243 p.
2830 4179 2950 4231 389.

371 4248 441 4309 cf.
474 4247 619 4297 Mar.
659 4250 856 4304 Victor.
891 4265 943 4313 p.
977 4251 1109 4301 2451
1148 4262 1200 4300 ut
1230 4251 1453 4301 Aristoni
1487 4250 1647 4315 placet
1684 4252 2009 4316 grammatice
2049 4262 2126 4301 est
2155 4252 2365 4301 scientia
2391 4261 2568 4315 poetas
2604 4258 2654 4299 et
2683 4249 2955 4301 historicos

375 4317 669 4384 intellegere
707 4318 919 4369 formam
959 4321 1233 4386 praecipue
1279 4321 1516 4382 loquendi
1553 4321 1618 4370 ad
1658 4322 1907 4371 rationem
1945 4331 1995 4370 et
2030 4321 2441 4371 consuetudinem
2482 4320 2708 4385 dirigens
2853 4319 2953 4369 l'or-

378 4396 509 4436 mata
547 4388 928 4440 Lindemannus
1042 4390 1075 4441 9
1107 4391 1374 4440 Terentius
1408 4391 1560 4440 etiam
1601 4392 1762 4441 Varro
1801 4405 1835 4447 ς
1871 4390 2160 4440 Terrentius
2198 4405 2349 4439 uarro
2385 4390 2552 4439 codex
2583 4389 2758 4455 Regin.
2800 4388 2951 4440 1818.

383 4458 636 4508 Varronis
669 4459 998 4522 definitionem
1026 4461 1344 4511 tradiderunt
1380 4460 1584 4510 Marius
1619 4462 1907 4512 Victorinus
1937 4462 1971 4512 l.
2011 4475 2057 4509 c.
2094 4460 2401 4525 Augurinus
2434 4460 2496 4509 de
2522 4460 2636 4512 ord.
2680 4460 2722 4508 11
2763 4460 2848 4521 12,
2887 4458 2955 4510 35

372 4543 449 4592 sq.
489 4528 720 4580 Isidorus
752 4530 768 4578 1
807 4529 859 4588 3,
899 4530 961 4580 12
998 4532 1067 4593 cs.
1116 4532 1411 4581 Wilmanns.
1438 4531 1501 4580 de
1542 4531 1703 4580 Varr.
1741 4530 1827 4584 lib.
1858 4545 2064 4595 ⁴qramm.
2093 4546 2149 4593 p.
2188 4528 2257 4580 99
2398 4540 2449 4578 ιιι
2487 4544 2580 4581 ont.
2621 4531 2733 4582 cod.
2773 4530 2954 4593 Reyin.

379 4597 512 4647 1818
654 4598 719 4649 10
755 4597 901 4665 dicit]
946 4599 1118 4649 dicunt
1147 4601 1190 4649 G
1330 4600 1683 4649 litterationem
1723 4603 1934 4652 coniecit
1977 4599 2334 4651 Witmanmins
2377 4601 2413 4653 1.
2452 4615 2498 4650 c.
2641 4599 2703 4650 11
2743 4615 2807 4649 οε
2850 4614 2955 4650 1.t·r·

375 4682 503 4715 ‘rana
531 4669 660 4718 sicut
683 4671 909 4734 reliquas
942 4671 1298 4732 inscriptiones
1321 4686 1415 4722 om.
1456 4672 1508 4720 V
1649 4671 1710 4721 12
1747 4670 2039 4735 explinatae
2071 4670 2142 4719 G:
2183 4679 2231 4719 et
2270 4669 2382 4719 ideo
2418 4685 2448 4718 a
2483 4670 2739 4734 plerisque
2775 4670 2953 4734 expla-

376 4745 511 4797 nata,
546 4753 576 4785 a
604 4753 704 4787 non
741 4739 895 4789 nullis
932 4739 1277 4805 intellegibilis
1315 4740 1500 4790 dieitur
1537 4740 1681 4790 Mar.
1727 4742 1781 4790 V
1778 4743 1861 4795 ict.
1895 4756 1947 4803 p.
1985 4740 2120 4791 2451
2265 4740 2625 4789 rationatorntn
2670 4739 2721 4788 V
2750 4739 2951 4789 ratioci-

377 4814 550 4855 nator-e
585 4821 637 4863 ς.
675 4808 950 4871 primordia
986 4810 1345 4873 grammaticae
1382 4811 1505 4860 artis
1537 4809 1731 4859 litterae
1769 4824 2060 4860 communes
2098 4811 2338 4873 existunt,
2380 4824 2506 4873 quas
2540 4809 2732 4858 librarii
2763 4818 2812 4859 et
2849 4810 2951 4857 ca!-

376 4877 625 4926 rumores
664 4889 902 4927 secuntur
931 4879 1060 4933 [sid.
1099 4881 1118 4928 l
1156 4878 1207 4943 3,
1254 4880 1278 4931 l
1391 4880 1454 4930 13
1490 4895 1721 4930 sermone
1758 4880 1865 4930 VG
1992 4881 2054 4931 15
2094 4890 2143 4928 et
2178 4880 2535 4945 pronnnrtiare
2573 4880 2626 4928 V
