3541 5564
1364 336 1837 399 COMMENTVM
2777 336 2903 401 229

2503 461 2546 501 p.
2575 449 2776 489 298-301
2806 446 2851 488 1..

319 530 473 589 enim
517 526 672 607 apud
720 522 1012 606 Staltium,
1059 545 1194 588 cum
1240 527 1359 587 sint
1404 525 1581 587 verba
1641 526 2029 606 deponentia,
2090 536 2286 589 tamen
2346 529 2611 590 futurum
2668 535 2903 607 tempus

318 633 487 693 etiam
546 632 607 691 in
667 629 776 689 dus
829 630 1083 689 mittere.
1187 627 1327 706 quid
1389 630 1566 706 ergo?
1648 627 1910 688 dicemus
1968 648 2099 689 eum
2167 632 2584 692 soloecismum
2654 631 2900 691 secisse?

316 732 583 794 dabimus
628 734 682 792 ei
728 733 1163 792 excusationes:
1235 732 1534 791 excusatio
1593 732 1749 791 enim
1808 730 1944 791 huic
1987 733 2077 792 rei
2121 732 2309 792 danda
2372 740 2476 792 est.
2568 735 2619 793 si
2664 735 2751 793 vis
2798 731 2899 793 ali-

315 834 451 916 quid
502 834 716 914 eloqui,
763 836 1000 914 penitus
1042 835 1127 894 uti
1173 852 1292 893 non
1338 832 1545 901 debe&
1605 835 1653 893 si
1698 840 1896 893 autem
1940 834 2027 894 vis*
2072 852 2327 913 ponere,
2385 834 2599 896 adhibe
2646 835 2900 915 aliquam

264 939 777 999 sexcusationem.
840 938 1098 1016 primum
1145 937 1522 1015 participium
1568 936 1698 995 sine
1743 934 1904 994 verbi
1954 937 2183 1014 origine
2216 930 2455 1008 fecisse,
2505 936 2640 997 ideo
2671 937 2898 1009 fecisse,

312 1042 588 1118 quoniam
640 1038 928 1099 habemus
983 1038 1463 1118 usurpandorum
1523 1040 1970 1118 participiorum
2027 1037 2355 1109 licentiam,
2415 1030 2479 1100 ut
2537 1039 2791 1100 diximus
2845 1048 2904 1100 et

307 1145 367 1203 in
414 1144 698 1203 Terentio
748 1139 1108 1220 [loquendus
1150 1142 1531 1220 participium
1580 1147 1669 1201 ast
1712 1142 1841 1199 sine
1888 1139 2051 1201 verbi
2098 1138 2381 1221 origine]
2474 1159 2618 1219 ergo
2664 1141 2899 1222 quando

309 1245 438 1306 dico
484 1243 841 1324 loquendus,
902 1244 1281 1323 participium
1341 1250 1429 1303 est
1474 1244 1603 1303 sine
1649 1242 1816 1303 verbi
1871 1244 2132 1321 origine;
2206 1245 2481 1320 quoniam
2530 1252 2620 1305 est
2662 1244 2898 1305 licentia

305 1345 756 1409 lormandorum
812 1347 1309 1426 participiorum,
1359 1344 1497 1406 licet
1539 1345 1685 1406 mibi
1740 1346 1999 1407 formare
2058 1346 2434 1426 participium
2503 1348 2631 1407 sine
2695 1347 2898 1408 verbo.

234 1469 280 1506 ιο
306 1449 523 1511 deinde
576 1447 754 1508 illud:
814 1446 1047 1527 quando
1103 1449 1244 1508 facit
1303 1449 1679 1527 participium
1738 1446 1919 1507 futuri
1967 1450 2255 1528 temporis
2300 1451 2361 1509 in
2409 1448 2545 1520 duS,
2607 1451 2722 1509 iam
2779 1469 2898 1510 non

302 1558 499 1633 potest
543 1549 790 1611 verbum
838 1550 1146 1631 deponens
1192 1569 1357 1620 esse,·
1403 1549 1506 1610 sed
1553 1568 1898 1621 commune,
1952 1557 2036 1620 ut,
2085 1550 2323 1630 quando
2369 1551 2500 1611 dico
2546 1550 2892 1630 loquenduS,

304 1673 420 1715 non
467 1656 547 1715 sit
590 1653 803 1733 loquor
848 1659 936 1724 te,
987 1654 1090 1713 sed
1138 1655 1222 1713 sic
1268 1654 1369 1722 sit,
1417 1651 1626 1731 loquor
1670 1671 1702 1711 a
1749 1659 1825 1712 te.
1917 1671 2048 1713 cum
2107 1656 2261 1714 enim
2319 1653 2524 1715 fecerit
2582 1673 2893 1717 commune

302 1755 585 1826 verbum,
657 1758 905 1835 accipiet
963 1764 1238 1835 quattuor
1305 1756 1615 1835 participia
1683 1762 1741 1814 et
1808 1753 1922 1814 duo
1990 1756 2188 1815 futura
2254 1755 2890 1836 incipiet.admittere.

300 1861 577 1921 novimus
624 1861 780 1919 enim
827 1876 1140 1919 commune
1187 1858 1429 1919 verbum
1477 1876 1626 1928 esse,
1674 1858 1961 1918 criminor
2004 1864 2061 1918 te
2109 1864 2167 1917 et
2212 1859 2496 1920 criminor
2541 1878 2572 1917 a
2605 1867 2682 1918 te.
2748 1878 2891 1937 ergo

230 1977 437 2023 15011111
486 1961 722 2021 desinet
766 1960 1011 2022 verbum
1056 1961 1365 2040 deponens
1408 1978 1531 2021 esse
1575 1967 1635 2021 et
1675 1960 1777 2022 fiet
1822 1978 2163 2030 commune,
2223 1962 2450 2039 agentis
2507 1967 2564 2021 et
2616 1963 2892 2040 patientis

297 2064 791 2142 significationem
849 2062 1046 2124 habet.
1139 2082 1454 2124 commune
1502 2080 1643 2140 ergo
1693 2058 1700 2140 Ι
1748 2060 1995 2122 verbum
2057 2069 2174 2130 est,
2236 2061 2392 2141 quod
2440 2070 2499 2122 et
2552 2064 2779 2141 agentis
2831 2072 2890 2123 et
2913 2075 3031 2137 414,
3061 2078 3092 2124 3

295 2167 582 2246 patientis
639 2166 1124 2243 significationem
1185 2165 1456 2227 similiter
1509 2166 1766 2244 profert,
1830 2170 1892 2223 ut
1945 2165 1995 2224 si
2050 2163 2210 2225 dicas
2266 2166 2581 2225 criminor:
2648 2185 2785 2225 nam
2831 2174 2889 2226 et

296 2269 590 2328 criminor
646 2266 811 2328 illum
857 2270 1105 2347 'possum
1153 2268 1350 2329 dicere
1410 2275 1468 2327 et
1513 2267 1796 2327 criminor
1841 2264 1914 2325 ab
1960 2264 2078 2327 illo.
2171 2265 2316 2327 haec
2366 2273 2565 2328 autem
2618 2267 2887 2328 confusio

295 2372 660 2432 discernitur
717 2368 965 2431 casibus.
1068 2390 1203 2431 nam
1260 2371 1309 2430 si
1364 2371 1573 2448 iungas
1628 2369 2052 2438 accusativum,
2121 2370 2347 2446 agentis
2416 2377 2537 2439 est,
2605 2370 2888 2431 criminor

222 2473 499 2540 minnan
550 2475 599 2532 si
641 2474 853 2551 iungas
899 2471 1232 2541 ablativum,
1280 2473 1558 2552 patientis
1605 2478 1709 2539 est,
1758 2472 2046 2531 criminor
2089 2469 2163 2532 ab
2208 2470 2327 2541 ille,
2375 2490 2489 2532 nec
2534 2471 2722 2533 aliter.

466 2576 626 2636 Sunt
669 2573 864 2654 aliqua
907 2574 1088 2635 verba
1135 2583 1345 2636 neutra
1389 2574 1478 2635 vel
1524 2570 1832 2642 neutralia,
1880 2574 2033 2634 sicut
2076 2574 2358 2644 diximus,
2407 2582 2471 2634 ιιι
2516 2577 2699 2635 activa
2742 2577 2806 2636 in
2852 2587 3027 2649 043⁷,
3055 2590 3086 2635 2

293 2687 350 2739 et
380 2681 513 2759 ipsa
548 2679 842 2738 exeuntia.
908 2676 1218 2737 voluerunt
1248 2678 1404 2737 enim
1445 2684 1503 2736 et
1530 2678 1592 2736 in
1625 2674 1738 2735 hoc
1772 2676 1903 2754 ipso
1935 2675 2354 2737 discretionem
2386 2677 2601 2747 facere,
2649 2677 2883 2758 quando

291 2790 382 2842 est
427 2789 733 2853 neutrum,
780 2780 1014 2859 quando
1059 2778 1348 2841 neutrale.
1437 2787 1713 2840 neutrum
1761 2798 1979 2840 nomen
2028 2777 2228 2850 volunt
2270 2779 2405 2850 dici,
2455 2778 2720 2840 neutrale
2752 2799 2881 2841 ver-

290 2884 430 2944 bum
495 2884 700 2944 volunt
757 2883 891 2945 dici.
980 2891 1121 2963 puta
1179 2884 1229 2942 si
1288 2882 1447 2945 dicas
1504 2883 1616 2942 boc
1672 2900 1888 2942 nomen
1945 2881 2115 2961 quale
2174 2885 2300 2943 est?
2382 2892 2680 2944 neutrum.
2771 2884 2885 2944 hoc

147 3065 156 3075 .
217 2987 548 3047 ffiverbum
615 2985 788 3066 quale
847 2985 969 3045 est?
1060 2984 1346 3046 neutrale.
1445 2984 1546 3044 sed
1606 2983 2003 3044 adhibuerunt
2059 2984 2230 3044 istam
2299 2984 2688 3045 differentiam
2755 2987 2883 3046 sine

290 3108 470 3151 causa
534 3088 692 3150 nulla
748 3095 982 3149 extante
1042 3089 1291 3148 ratione.
1383 3104 1525 3162 ergo
1582 3085 1759 3147 verba
1816 3094 2025 3146 neutra
2081 3094 2218 3146 sunt
2261 3106 2413 3166 quae
2457 3089 2518 3147 iu
2563 3107 2597 3146 o
2645 3098 2880 3157 exeunt,

291 3199 354 3251 ut
411 3197 508 3252 est
567 3196 703 3250 nato
762 3192 988 3268 cogito;
1059 3196 1194 3249 sunt
1249 3207 1396 3269 quae
1441 3189 1501 3247 in
1556 3190 1577 3248 i
1634 3197 1881 3258 exeunt,
1943 3195 2007 3248 ιιι
2062 3188 2158 3248 odi
2214 3191 2349 3248 novi
2397 3192 2668 3259 memini;
2745 3200 2885 3251 sunt

289 3310 443 3370 quae
490 3292 556 3352 in
605 3310 710 3366 um¹
750 3300 995 3361 exeunt,
1055 3300 1120 3351 ut
1163 3309 1291 3351 sum
1334 3310 1605 3370 prosum;
1666 3300 1804 3352 sunt
1849 3310 1999 3370 quae
2053 3292 2116 3350 in
2173 3299 2231 3351 et
2287 3300 2529 3361 exeunt,
2592 3300 2658 3352 ut
2700 3293 2884 3373 pudet

289 3394 508 3456 taedet.
604 3393 709 3454 sed
754 3395 905 3454 seire
952 3393 1238 3455 debemus
1293 3412 1412 3453 non
1472 3412 1599 3454 esse
1654 3392 1945 3455 neutralia
1990 3394 2155 3453 firma
2203 3400 2259 3453 et
2302 3393 2508 3473 plena,
2570 3396 2681 3455 nisi
2734 3415 2882 3475 quae

216 3498 350 3558 aoin
397 3517 434 3556 o
485 3506 726 3565 exeunt,
776 3507 841 3557 ut
886 3503 973 3556 est
1017 3505 1175 3556 nato.
1265 3493 1362 3557 illa
1410 3514 1549 3555 vero
1593 3515 1742 3576 quae
1787 3498 1849 3556 in
1895 3498 1913 3555 i
1960 3503 2194 3565 exeunt,
2243 3504 2305 3556 ut
2356 3497 2472 3565 odi,
2521 3496 2609 3556 vel
2655 3499 2714 3556 in
2761 3517 2880 3566 um,

288 3605 354 3659 ut.
399 3617 673 3677 prosum,
725 3597 814 3657 vel
856 3599 918 3657 in
964 3605 1039 3668 et,
1087 3605 1152 3658 ut
1193 3598 1404 3678 pudet,
1453 3600 1559 3658 ista
1605 3600 1789 3659 activa
1835 3598 2188 3658 iudicantur.
2277 3600 2384 3659 ista
2430 3602 2558 3669 tria,
2606 3600 2704 3660 odi
2748 3603 2884 3661 novi

289 3701 567 3770 memini,
618 3702 947 3761 invenimus
991 3700 1147 3780 apud
1192 3709 1463 3762 auctores
1515 3702 1673 3761 varie
1719 3702 1927 3780 posita.
2018 3700 2133 3760 hoc
2176 3701 2368 3778 ipsum
2414 3703 2657 3761 memini
2712 3704 2882 3763 cuius

288 3805 582 3883 temporis
630 3804 750 3862 est?
811 3802 910 3862 odi
964 3805 1099 3864 novi
1145 3805 1310 3864 cuius
1356 3804 1643 3882 temporis
1689 3803 1813 3862 est?
1889 3821 1958 3862 ex
2006 3822 2071 3862 re
2115 3801 2513 3880 intellegimus
2554 3808 2880 3883 praesentis

289 3925 418 3966 esse
467 3907 776 3983 temporiS,
826 3924 898 3964 ex
941 3907 1172 3966 ratione
1202 3904 1597 3983 intellegimus
1626 3906 1932 3985 praeteriti
1966 3924 2094 3965 esse
2128 3907 2432 3984 temporis.
2505 3908 2643 3965 ‘odi
2679 3908 2877 3966 illum'

215 4012 372 4071 assic
417 4010 590 4076 dico,
666 4025 783 4085 quo
828 4006 1004 4067 modo
1051 4011 1219 4067 ‘amo
1263 4006 1467 4067 illum'
1514 4006 1664 4067 dico.
1755 4025 1888 4066 amo
1958 4009 2119 4067 cuius
2174 4009 2458 4087 temporis
2514 4010 2635 4068 est?
2709 4028 2878 4088 prae-

286 4113 494 4172 sentis.
574 4128 713 4170 ecce
756 4111 1088 4189 praesentis
1135 4118 1222 4172 est
1265 4129 1396 4170 amo
1436 4106 1445 4193 Ι
1484 4109 1670 4179 illum,
1717 4108 1816 4168 odi
1862 4128 2004 4189 ergo
2051 4116 2107 4170 et
2150 4111 2341 4188 ipsum
2387 4112 2717 4190 praesentis
2759 4118 2875 4170 est:

431 4368 454 4417 1
499 4366 642 4431 apud
676 4363 914 4432 Statium]
958 4367 1026 4429 ef.
1062 4366 1202 4429 infra
1227 4381 1279 4429 p.
1313 4365 1413 4417 368
1443 4368 1522 4419 ed.
1556 4366 1707 4416 Lt‘ncl.
1822 4368 1853 4413 2
1892 4367 2089 4415 mittere
2122 4367 2498 4417 Lindemannus
2536 4367 2682 4414 mittit
2706 4365 2880 4414 ABG

427 4436 654 4486 dicimus
691 4437 855 4488 ABG
958 4452 1072 4485 eum
1108 4452 1199 4486 om.
1241 4436 1305 4498 A,
1335 4437 1455 4487 add.
1493 4453 1526 4484 a
1656 4437 1687 4484 7
1730 4436 1781 4483 in
1820 4435 2055 4484 Terentio
2088 4453 2185 4485 non
2215 4439 2536 4502 participium
2575 4436 2877 4498 loquenduS,

287 4508 425 4572 quod
450 4507 597 4570 apud
618 4508 751 4556 illum
777 4522 872 4556 non
898 4509 1096 4571 legitur,
1127 4509 1218 4557 sed
1240 4509 1486 4556 licentium
1505 4507 1881 4570 participiorum
1912 4508 2310 4568 usur-pandoram
2334 4508 2656 4557 mlnotavisse
2682 4508 2880 4555 videtur

283 4579 649 4642 yrannnaeicue
813 4578 876 4627 12
921 4593 1021 4627 non
1059 4578 1124 4625 sit
1158 4587 1210 4624 ut
1248 4578 1320 4625 sic
1357 4578 1420 4624 sit
1463 4577 1640 4637 loquor
1678 4585 1725 4624 te
1765 4577 1841 4638 (et
1879 4577 1997 4625 add.
2040 4576 2151 4640 Ga)
2200 4579 2379 4638 loquor
2418 4592 2446 4625 a
2486 4587 2531 4624 te
2573 4576 2742 4625 Am:

293 4648 354 4698 14
388 4657 438 4697 et
479 4647 727 4696 criminor
764 4662 795 4695 a
833 4654 877 4694 ι(-
914 4648 1006 4696 om'.
1044 4646 1123 4710 A,
1165 4647 1285 4696 add.
1319 4662 1352 4694 a
1530 4645 1747 4695 messe
1786 4663 1878 4698 om.
1917 4646 2083 4696 ABG
2254 4647 2317 4696 21
2356 4655 2473 4696 sunt
2515 4647 2683 4708 aliqua
2723 4647 2876 4695 uerba

291 4728 471 4767 neutra
502 4717 735 4767 diximus
773 4725 828 4765 ut
862 4717 1028 4767 aetina
1058 4718 1105 4765 in
1147 4735 1176 4765 o
1215 4725 1262 4765 et
1302 4717 1413 4779 ipsa
1449 4714 1530 4763 uel
1569 4717 1813 4764 neutralia
1847 4716 2114 4766 uoluerunt
2152 4717 2317 4766 ABG
2454 4718 2520 4766 ⁴22
2559 4716 2653 4764 hoc
2682 4733 2771 4768 om,
2812 4716 2875 4779 A,

287 4787 412 4839 add.
444 4804 479 4836 a
624 4786 694 4837 32
732 4787 874 4836 cuius
911 4789 1152 4851 temporis
1191 4796 1266 4836 est
1302 4789 1586 4851 poster-iore
1631 4788 1736 4835 loeo
1781 4803 1874 4838 om.
1915 4787 1962 4834 A
2104 4784 2171 4836 34
2216 4786 2301 4836 odi
2345 4787 2484 4835 illum
2523 4787 2596 4834 sic
2633 4786 2745 4836 dico
2782 4802 2871 4840 om.

286 4856 463 4908 ABG
