3541 5564
495 286 621 353 398
762 276 775 286 ⁹
1588 290 1996 354 CONSENTII

545 414 588 455 p.
616 403 718 445 26-
743 402 794 442 28
820 399 869 441 B.
2811 413 2846 444 e.
2877 403 2939 442 14.
2968 403 3028 444 m

497 491 798 552 strenuaS,
847 482 951 542 sed
999 489 1229 544 strenas
1275 501 1406 542 esse
1452 473 1774 542 dicendas]
1847 485 2133 543 eveniunt
2177 502 2317 544 sane
2362 483 2537 563 plane
2585 482 2867 563 pleraque
2912 485 3077 552 vitia,

497 605 646 668 quae
692 585 1034 665 specialiter
1079 586 1440 647 barbarismi
1487 584 1761 664 partibus
1808 603 1925 645 non
1970 605 2282 665 possumus
2328 593 2668 647 annectere.
2758 604 2896 646 nam
2942 604 3079 645 ecce

499 690 771 770 plerique
818 707 888 748 ex
935 689 1235 767 imperitia
1279 691 1367 748 sic
1411 688 1765 767 loquuntur,
1815 695 1880 747 ut
1926 689 2329 767 tyrannicidas
2375 689 2578 749 dicant
2620 707 2729 767 pro
2774 689 3076 767 tyrannis:

503 798 768 873 peccant,
802 791 865 851 bi
923 809 1045 850 non
1101 793 1162 851 in
1208 791 1442 869 regula,
1495 786 1505 870 1
1556 808 1672 850 non
1718 792 1781 850 in
1827 791 2189 869 prolatione,
2241 792 2344 851 sed
2391 794 2453 852 in
2499 809 2698 851 sensu.
2790 793 2934 850 item
2979 788 3082 849 alii

503 895 851 974 plerumque
897 895 1306 970 sanguintinos
1337 911 1446 972 pro
1477 894 1828 970 sanguineis
1874 895 2042 971 quasi
2089 894 2159 954 ad
2191 896 2690 973 vituperationem
2734 892 3080 972 proferunt:
3110 910 3134 947 5

501 1004 750 1078 peccant
793 996 855 1055 hi
901 1014 1017 1056 non
1065 998 1127 1055 in
1171 995 1413 1072 regula,
1462 1013 1579 1055 non
1626 997 1687 1055 in
1733 995 2094 1074 prolatione,
2143 996 2247 1055 sed
2293 998 2356 1056 in
2403 996 2670 1056 historia.
2719 998 2861 1055 item
2906 993 3085 1073 pleri-

501 1119 617 1180 que
662 1104 868 1158 contra
912 1097 1070 1176 quod
1115 1104 1297 1175 agunt
1339 1098 1519 1158 talem
1565 1098 2061 1174 significationem
2109 1099 2449 1176 proferunt,
2497 1105 2564 1158 ut
2607 1115 2823 1175 augere
2869 1114 2933 1157 se
2980 1115 3085 1175 pu-

503 1209 658 1271 tent,
706 1219 840 1261 cum
869 1202 1170 1260 minuant:
1217 1206 1283 1260 ut
1312 1201 1502 1279 siquis
1533 1199 1691 1260 dicat
1724 1200 2181 1260 invictissimum
2214 1180 2422 1261 ducem
2470 1207 2570 1261 aut
2613 1199 3089 1260 infidelissimum

504 1307 787 1372 amicum,
837 1308 1005 1381 putat
1050 1320 1112 1362 se
1161 1301 1292 1381 plns
1324 1302 1524 1362 dicere
1556 1320 1731 1380 quam
1781 1303 2070 1363 invictum
2117 1309 2217 1364 aut
2260 1303 2592 1372 infidelem,
2641 1321 2775 1362 cum
2822 1301 3087 1361 invictis-

504 1409 689 1467 simus
734 1405 838 1465 ille
884 1406 991 1474 sit,
1039 1408 1140 1483 qui
1188 1422 1304 1464 non
1351 1411 1441 1463 est
1485 1407 1724 1484 penitus
1768 1407 1988 1474 victuS,
2050 1412 2111 1464 et
2156 1405 2601 1465 infidelissimus
2648 1404 2773 1473 ille,
2822 1405 2924 1483 qui
2972 1420 3085 1462 non
3120 1422 3166 1458 ιο

503 1526 692 1587 usque
738 1507 810 1567 ad
857 1525 1150 1567 summum
1194 1506 1408 1567 fidelis.
1498 1507 1647 1567 baec
1691 1514 1870 1586 atque
1927 1507 2105 1567 buius
2149 1508 2309 1567 modi
2355 1507 2466 1568 alia
2513 1509 2682 1585 siqua
2728 1512 2867 1566 sunt
2912 1506 3087 1589 sorsi-

505 1618 607 1670 tan
651 1611 825 1678 vitia,
873 1611 924 1668 si
969 1609 1211 1688 quidem
1256 1627 1374 1668 non
1420 1608 1633 1669 cadent
1688 1611 1750 1669 in
1796 1628 1864 1668 ea
1910 1609 1982 1669 de
2029 1609 2248 1690 quibus
2293 1616 2427 1689 post
2472 1609 2692 1669 dicturi
2737 1626 2970 1675 sumuS,
3019 1606 3088 1666 ad

508 1711 866 1771 barbarismi
911 1711 1188 1787 generale
1233 1730 1449 1771 nomen
1497 1718 1660 1771 recta
1706 1694 2343 1772 ratione'referentnr.
2407 1710 2696 1792 quidquid
2743 1712 2900 1769 enim
2932 1708 3090 1769 salva

507 1814 598 1873 vel
645 1813 885 1890 regulae
943 1813 1036 1873 vel
1092 1814 1443 1893 prolationis
1500 1816 1728 1873 ratione
1775 1815 1912 1889 quis
1955 1821 2191 1892 peccat,
2249 1814 2345 1883 id,
2395 1816 2444 1873 si
2491 1813 2766 1893 specialis
2812 1813 2941 1872 vitii
2987 1829 3090 1870 no-

510 1934 645 1977 men
690 1934 809 1976 non
854 1915 1062 1986 habet,
1110 1915 1520 1977 barbarismus
1565 1918 1695 1975 iure
1743 1916 1995 1976 dicetur.
3120 1931 3169 1971 15

1321 2100 1416 2145 DE
1463 2098 1900 2147 SCANDENDIS
1946 2099 2281 2147 VERSIBVS

680 2206 850 2267 Nune
904 2208 1186 2286 quoniam
1241 2205 1383 2285 quid
1442 2213 1646 2266 essent
1689 2205 2058 2284 metaplasmi
2105 2213 2165 2265 et
2209 2204 2660 2265 definitionibus
2706 2212 2766 2265 et
2810 2200 3097 2283 exemplis

512 2311 684 2389 plene
732 2311 1180 2377 insinuavimuS‚
1231 2310 1534 2387 pertinere
1582 2307 1653 2367 ad
1700 2308 2118 2389 compendium
2164 2314 2223 2368 et
2268 2306 2339 2367 ad
2388 2308 2660 2367 ordinem
2706 2307 2957 2368 docendi
3002 2325 3095 2366 ar·-

514 2413 703 2472 bitror
769 2418 834 2470 ut
900 2412 971 2471 de
1033 2411 1388 2472 scandendis
1436 2405 1448 2493 Ι
1498 2410 1772 2470 versibus
1835 2428 2022 2488 pauca
2090 2410 2377 2471 dicamuS.
2466 2428 2678 2487 magna
2743 2412 2903 2471 enim
2958 2428 3096 2488 pars

510 2516 830 2582 scientiae,
888 2532 1003 2593 qua
1061 2513 1425 2581 iudicemuS,
1483 2519 1714 2573 constet
1772 2530 2005 2581 versuS,
2064 2531 2136 2572 an
2197 2532 2313 2572 non
2370 2519 2629 2582 constet,
2676 2532 2747 2573 ex
2793 2512 3096 2573 intellectu
3124 2530 3176 2567 20

518 2615 1041 2695 metaplasmorum
1098 2615 1395 2694 pendetne
1453 2634 1527 2674 an
1584 2633 1698 2674 non
1745 2614 2004 2693 pendet?
2060 2616 2215 2674 scire
2262 2617 2448 2693 igitur
2495 2622 2629 2675 ante
2677 2617 2873 2675 omnia
2920 2613 3096 2674 debe-

511 2737 642 2778 mus
708 2736 942 2777 versum
1001 2736 1262 2788 omnem,
1319 2717 1420 2796 qui
1479 2717 1723 2797 quidem
1778 2737 1807 2776 a
1880 2715 2037 2775 bono
2109 2724 2349 2776 auctore
2407 2719 2782 2797 conscriptus
2837 2712 2949 2786 sit,
3010 2715 3099 2774 vel

514 2825 720 2899 suapte
777 2827 988 2880 natura
1044 2821 1171 2879 sine
1230 2822 1609 2879 excusatione
1667 2821 2028 2888 consistere,
2087 2820 2177 2878 vel
2234 2840 2265 2880 a
2310 2818 2667 2898 quibusdam
2715 2817 3099 2880 artificalibus

520 2921 854 2981 rationibus
915 2922 1183 2999 defendi,
1254 2927 1317 2981 ut
1382 2923 1712 2982 consistere
1780 2920 2100 2980 iudicetur.
2190 2923 2320 2980 sine
2385 2925 2765 2983 excusatione
2832 2922 3101 2981 consistit

520 3042 724 3085 versus
769 3024 945 3084 buius
989 3017 1179 3092 modi,
3125 3041 3177 3082 εἰ»

821 3126 1171 3185 conditus
1217 3128 1289 3186 in
1336 3124 1599 3186 nubem
1644 3125 2037 3203 medioque
2083 3126 2489 3186 refulserit
2532 3125 2712 3185 orbe

516 3219 576 3272 et

819 3305 896 3357 tu
941 3315 1234 3377 quoque
1282 3295 1650 3356 litoribus
1696 3299 1987 3355 nostris
2033 3296 2305 3357 Aeneia
2354 3299 2636 3357 nutrix.

518 3401 576 3459 hi
628 3406 685 3458 et
731 3398 830 3459 alii
877 3399 1021 3459 tales
1068 3419 1182 3459 non
1232 3400 1586 3459 auctoritate
1620 3398 1819 3477 aliqua
1864 3403 2275 3478 praerogativa
2321 3401 2465 3459 artis
2511 3406 2612 3459 aut
2656 3400 3101 3459 consuetudinis

518 3501 949 3571 defenduntur;
1011 3501 1159 3561 nibil
1208 3499 1504 3570 additum,
1564 3501 1711 3560 nihil
1757 3501 2120 3570 detractum,
2170 3501 2319 3562 nibil
2365 3506 2653 3560 mutatum
2698 3499 2949 3569 babent,
2998 3500 3098 3559 sed
3129 3523 3180 3559 30

519 3605 678 3663 iuxta
735 3606 1061 3664 communis
1119 3604 1352 3679 linguae
1410 3604 1880 3663 enuntiationem
1941 3604 2158 3680 integri
2217 3605 2342 3663 nati
2398 3610 2564 3671 sunt,
2624 3621 2817 3682 neque
2864 3602 2981 3663 ulla
3032 3621 3102 3660 ex

519 3712 686 3785 parte
733 3706 955 3786 aliquid
995 3705 1382 3765 dubitationis
1415 3707 1770 3764 ammittunt.
1834 3724 1969 3765 cum
2015 3707 2393 3765 excusatione
2438 3723 2619 3783 porro
2666 3705 2887 3784 duplici
2931 3706 3104 3764 modo

519 3816 676 3868 stare
735 3808 1034 3868 dicuntur.
1123 3806 1335 3866 borum
1391 3825 1544 3866 unus
1602 3806 1811 3866 modus
1869 3815 1961 3867 est
2014 3810 2117 3888 qui
2175 3809 2374 3868 evenit
2417 3826 2488 3866 ex
2534 3807 2802 3867 artificali
2851 3807 3102 3887 quadam

519 3912 803 3970 varietate
862 3916 920 3968 et
974 3908 1318 3969 multimoda
1375 3908 1817 3978 observatione,
1877 3910 2027 3970 alius
2079 3912 2180 3990 qui
2228 3909 2746 3988 metaplasmorum
2793 3912 2846 3969 vi
2895 3917 2953 3968 et
2998 3929 3099 3988 po-

518 4019 732 4072 testate
789 4012 1100 4086 contingit.
1192 4010 1464 4071 artificali
1520 4013 1751 4071 ratione
1819 4019 1965 4091 quot
2018 4012 2210 4072 modis
2267 4003 2570 4071 excusatio
2616 4012 2842 4080 evenit,
2908 4011 3099 4090 plene,
3130 4032 3181 4072 ³5

521 4132 655 4173 cum
702 4113 773 4172 de
821 4110 1067 4190 syllabis
1127 4119 1473 4181 tractarem,
1531 4111 2053 4192 comprehendisse
2107 4133 2201 4174 me
2259 4117 2402 4173 scio.
2495 4114 2692 4192 itaque
2748 4115 2889 4193 poni
2944 4131 3101 4173 nunc

685 4301 716 4347 5
764 4299 1123 4363 sanguintinus
1171 4314 1262 4363 pro
1311 4301 1610 4365 sanguineis
1650 4302 1796 4363 quasi
1837 4301 2057 4352 Clemens
2099 4302 2455 4367 sanguintinos
2497 4301 2640 4360 quasi
2676 4300 2771 4352 M.-
2829 4302 2949 4349 ‘lzoc
2986 4301 3105 4364 quid

520 4369 659 4417 verbi
686 4370 753 4417 sit
789 4370 924 4418 nulla
951 4371 1149 4420 ratione
1178 4370 1413 4433 inlelliyo.
1456 4386 1524 4418 an
1559 4369 1869 4434 Saguntinos
1902 4374 2153 4421 intellexit
2186 4374 2235 4419 in
2273 4372 2642 4434 eaepuqnatione
2678 4369 2818 4418 urbis
2851 4385 2974 4418 suae
3003 4387 3101 4420 me-

523 4441 668 4487 ritam
692 4440 887 4488 laudem
911 4439 1189 4500 adeptos?’
1228 4440 1495 4489 Gramerus
1599 4443 1631 4490 6
1669 4450 1880 4505 peceant
1908 4441 1960 4490 hi
2000 4441 2219 4491 Clemens
2256 4449 2464 4506 peccant
2492 4447 2655 4487 autem
2696 4438 2759 4486 M
2864 4440 2894 4488 7
2926 4449 3102 4504 putant

525 4506 590 4555 M
724 4507 757 4556 9
793 4519 972 4573 putant
1008 4509 1073 4557 M
1237 4509 1300 4559 13
1339 4509 1619 4559 referentur
1657 4513 1879 4561 Clemens
1915 4511 2202 4560 reseruntur
2239 4511 2301 4559 M
2472 4510 2534 4559 14
2570 4509 2761 4557 ratione
2798 4519 2973 4572 peccat
3010 4510 3099 4557 M:

463 4634 468 4640 ῃ
527 4580 717 4627 ratione
751 4587 922 4644 peccat
959 4587 1008 4628 et
1042 4578 1095 4627 id
1122 4579 1358 4644 specialis
1385 4581 1603 4630 Clemens
1749 4582 1806 4629 17
1838 4591 1885 4631 et
1910 4582 1973 4630 de
2003 4581 2369 4630 diffinitionibus
2398 4579 2463 4628 M
2598 4579 2667 4628 20
2694 4587 2891 4628 constet
2918 4593 3100 4628 uorsus

526 4663 589 4695 an
629 4662 727 4696 non
771 4657 965 4698 constat
1004 4648 1063 4697 M
1205 4651 1269 4697 22
1303 4665 1510 4699 uersum
1556 4650 1619 4698 M
1753 4651 1816 4699 ab
1855 4666 1951 4700 uno
1995 4650 2059 4698 M
2194 4653 2261 4701 25
2298 4665 2479 4699 uorsus
2520 4650 2585 4698 M
2719 4649 2785 4697 26
2838 4646 3092 4713 conditus]

536 4719 694 4781 Ver-9.
733 4733 906 4783 pem-9.
946 4721 963 4768 1
1001 4720 1103 4767 442
1263 4720 1330 4770 28
1367 4717 1441 4782 tu]
1490 4722 1646 4784 Ver-9.
1687 4720 1819 4770 Aen.
1854 4722 1945 4770 Vll
1981 4722 2009 4771 1
2184 4735 2371 4770 aeneea
2406 4719 2469 4768 M
2639 4717 2708 4769 30
2746 4717 2926 4768 habeat
2961 4734 3097 4768 corr.

526 4786 745 4836 habeant
781 4789 849 4838 M
981 4787 1047 4838 35
1085 4789 1368 4855 continguit
1407 4788 1468 4836 M
