3541 5564
605 340 690 405 58
1722 341 2072 403 CLEDONII

658 464 701 505 p.
730 452 931 493 ηοω-ιτ»
957 450 1002 491 r.

606 550 737 595 rum
784 530 859 591 ab
903 530 1141 612 activo}
1215 530 1630 592 moribundus:
1692 530 1765 590 ab
1814 550 1886 590 eo
1931 530 2087 610 quod
2136 540 2222 591 est
2265 532 2526 591 moriens
2573 530 2711 591 tolle
2744 550 2802 599 s,
2861 529 3010 590 adde
3057 529 3182 598 dus,

606 653 725 694 non
781 635 920 694 l'acit
979 641 1210 713 tempus
1266 634 1531 695 futurum
1588 652 1618 693 a
1675 635 1939 713 passivo,
2007 635 2160 693 sicut
2215 652 2418 693 amans
2485 632 2800 703 amanduS‚
2860 634 3011 692 sicut
3077 630 3186 691 alia

404 745 522 809 383,
549 749 579 796 2
606 735 845 801 similia:
890 736 991 796 sed
1025 745 1116 797 est
1144 735 1507 816 participale.
1544 770 1623 778 —
1654 738 1910 796 Activa
1944 744 2113 796 sunt
2158 754 2341 815 quae
2387 756 2421 812 o
2466 734 2721 795 littera
2767 736 3183 795 terminan-

566 844 722 916 xtur
763 833 791 921 ΙΙ
825 846 895 899 et
939 847 1248 918 accepta
1306 857 1337 898 r
1380 837 1633 899 littera
1692 839 1976 898 faciunt
2021 857 2103 898 ex
2148 857 2231 899 se
2265 839 2587 917 passiva,
2637 837 2911 914 utlego
2946 835 3182 914 legor:

605 942 868 1001 activum·
906 941 1149 1002 verbum
1195 948 1312 1009 cst,
1347 940 1501 1019 quod
1550 960 1584 999 o
1629 938 1810 999 babet
1857 948 1915 1000 et
1945 940 2142 1000 addito
2188 960 2218 1000 r
2262 940 2560 1019 passivum
2601 937 2609 1018 Ι
2650 939 2807 1000 facit.
2886 957 3018 999 nam
3068 956 3182 998 non
3209 964 3234 1001 5

607 1050 807 1122 potest
853 1062 983 1103 esse
1028 1044 1301 1112 activum,
1350 1042 1508 1122 quod
1549 1059 1666 1102 non
1699 1042 1876 1102 saciat
1907 1044 2233 1121 passivum,
2285 1061 2476 1121 neque
2507 1044 2831 1121 passivum,
2881 1041 3035 1120 quod
3073 1059 3187 1100 non

606 1146 780 1206 saciat
811 1147 1085 1206 activum.
1161 1153 1435 1205 neutrum
1470 1152 1586 1214 est,
1620 1146 1670 1204 si
1702 1162 1821 1204 non
1858 1145 2034 1205 l'aciat
2074 1146 2385 1225 passivum.
2465 1163 2808 1219 commune,
2856 1143 3011 1223 quod
3045 1145 3189 1203 casi-

604 1247 716 1308 bus
761 1248 1147 1334 discernitur,
1208 1246 1362 1326 quod
1412 1256 1470 1307 et
1513 1245 1587 1307 ab
1632 1249 1821 1307 activo
1868 1256 1928 1308 et
1970 1266 2003 1307 a
2046 1249 2277 1326 passivo
2322 1249 2382 1307 in
2430 1266 2498 1307 or
2543 1248 2716 1307 venit.
2790 1247 2895 1307 sed
2941 1248 3186 1307 activam

607 1351 1099 1429 significationem
1144 1351 1508 1409 accusativus
1552 1351 1733 1427 regit,
1783 1351 2069 1428 passivam
2117 1348 2429 1419 ablativus,
2478 1358 2545 1411 ut
2574 1352 2864 1410 criminor
2895 1358 2953 1410 te
2985 1357 3044 1410 et
3075 1351 3188 1409 cri·

549 1455 802 1513 41ninor
855 1471 887 1513 a
932 1462 1008 1513 te.
1040 1488 1121 1495 —-
1153 1451 1376 1512 Neutra
1425 1450 1632 1531 [sunt
1678 1470 1864 1530 quae
1911 1452 1980 1512 in
2025 1471 2056 1512 r
2111 1451 2367 1513 littera
2418 1454 2946 1521 terminantur,
2996 1461 3065 1513 et
3110 1470 3186 1511 ea
3214 1475 3261 1513 ιο
3339 1452 3344 1457 '

607 1556 872 1615 amissa
919 1553 1238 1615 redeunt
1280 1555 1352 1613 in
1399 1556 1664 1625 activa,
1713 1561 1790 1615 ut
1833 1553 2041 1633 legor
2088 1554 2269 1632 lego,
2318 1554 2632 1636 neutra]
2685 1557 2936 1616 activum
2969 1553 3189 1615 habent

607 1665 854 1717 tantum.
930 1656 1035 1717 sed
1080 1658 1217 1736 quia
1263 1654 1407 1716 illud
1454 1656 1602 1717 alter
1648 1676 1765 1717 non
1813 1657 2062 1736 patitur,
2125 1658 2375 1718 activum
2433 1677 2550 1719 non
2598 1667 2713 1727 cst,
2777 1665 2843 1718 ut
2897 1665 3057 1717 nato,
3107 1691 3185 1699 —

551 1760 792 1819 ssSunt
850 1760 1066 1819 etiam
1127 1765 1425 1828 neutra,
1488 1778 1671 1838 quae
1727 1762 1746 1819 i
1802 1758 2060 1819 littera
2126 1761 2653 1828 terminantur,
2724 1765 2798 1819 ut
2853 1758 2971 1819 odi
3017 1760 3186 1819 novi
3241 1800 3244 1803 η

608 1862 931 1922 memini:
982 1851 1081 1922 odi
1126 1864 1410 1940 temporis
1454 1862 1761 1941 praeteriti
1805 1861 2055 1941 perfecti
2100 1868 2194 1921 est
2239 1859 2334 1941 [ut
2377 1861 2474 1922 odi
2520 1862 2654 1922 novi
2686 1860 2990 1942 memini],
3039 1863 3188 1920 sicut

607 1962 739 2041 legi.
816 1981 952 2023 nam
996 1962 1151 2043 quod
1214 1963 1358 2023 dicis
1416 1962 1587 2023 ‘odio
1636 1971 1691 2023 te
1749 1963 2010 2039 habeo',
2072 1982 2291 2024 nomen
2353 1971 2466 2032 est,
2526 1983 2643 2024 non
2697 1962 2961 2024 verbum.
3054 1982 3184 2025 nam
3212 1985 3258 2023 ιε)

608 2066 926 2126 Terentius

910 2153 1124 2212 miris
1167 2150 1401 2211 modis
1446 2150 1695 2213 odisse
1739 2153 1956 2212 aiunt
1999 2150 2560 2212 adulescentem
2608 2152 2963 2213 Sostrata.

553 2269 691 2316 7-
735 2254 914 2314 Sunt
952 2250 963 2335 Ι
1002 2255 1171 2314 item
1221 2255 1522 2331 quaein
1568 2273 1679 2314 um
1725 2253 2085 2334 syllabam
2132 2254 2513 2326 desinant,
2562 2260 3183 2333 utsum'prosum:

608 2374 737 2416 sum
783 2358 1169 2435 praeteritum
1217 2356 1610 2435 inperfectum
1645 2358 1782 2416 facit
1813 2375 2008 2425 eram;
2057 2360 2116 2417 in
2150 2358 2476 2436 composito
2509 2357 2647 2417 facit
2675 2356 2903 2417 adsum.
2978 2376 3188 2418 secun-

610 2458 718 2517 dae
764 2458 1193 2537 coniugationis
1237 2458 1559 2537 productae
1605 2467 1716 2519 est:
1766 2460 1852 2519 sic
1898 2459 2146 2520 dicimus
2192 2479 2280 2528 eS‚
2331 2475 2448 2535 quo
2492 2459 2669 2519 modo
2715 2478 2950 2530 mone5‚
3009 2468 3073 2520 ut
3116 2460 3191 2520 sit
3213 2485 3259 2522 ευ

551 2577 582 2624 8
609 2561 1028 2621 circumflexus
1060 2568 1354 2620 accentus,
1392 2594 1472 2604 ——
1503 2561 1681 2622 ltem
1716 2580 1899 2641 quae
1946 2570 1969 2622 t
2013 2562 2273 2622 littera
2322 2570 2618 2632 exeunt,
2670 2570 2744 2621 ut
2773 2561 3001 2641 pudet
3031 2568 3188 2621 tae·

610 2662 731 2722 det
784 2664 1151 2741 paenitet:
1212 2663 1420 2723 taedeo
1466 2665 1525 2724 in
1574 2664 1780 2724 Casina
1827 2663 2016 2726 Plauti
2061 2662 2328 2741 legimus.
2403 2664 2727 2725 secundum
2786 2664 2900 2725 hoc
2946 2663 3187 2725 verbum

609 2763 938 2845 principale
981 2765 1237 2845 positum
1288 2771 1376 2826 est
1417 2766 1788 2846 ‘pertaeduit
1833 2787 1927 2829 me
1970 2766 2131 2828 illius
2175 2768 2315 2838 rei'‚
2366 2775 2424 2828 et
2468 2768 2839 2848 ‘pertaesum
2888 2778 2978 2829 est
3006 2766 3186 2828 illius’

552 2869 724 2933 siam
770 2887 879 2948 pro
926 2866 1174 2929 arbitrio
1219 2866 1536 2929 scribentis
1582 2880 1926 2951 usurpatum
1974 2877 2081 2932 est.
2114 2906 2195 2936 τ-
2228 2869 2365 2930 Sed
2412 2870 2595 2930 haec
2642 2879 2710 2931 et
2752 2869 3020 2931 similia
3069 2870 3186 2930 de-

609 2970 889 3031 fectiva
936 2949 1425 3032 existimanda
1458 2981 1649 3033 sunt:
1698 2974 2020 3034 notandum
2050 2992 2190 3033 sane
2222 2975 2415 3034 omnia
2462 2972 2859 3053 inpersonalia
2904 2972 3186 3033 defectiva
3214 2995 3261 3033 25

611 3090 758 3133 esse.
802 3105 888 3117 —-
932 3094 969 3129 a·
1015 3072 1116 3132 sed
1163 3071 1305 3132 illud
1353 3072 1563 3134 melius
1609 3084 1726 3146 est,
1792 3076 1948 3156 quod
1995 3085 2198 3136 carent
2241 3077 2551 3156 participio
2596 3077 2781 3136 futuri
2829 3076 3114 3154 temporis
3157 3094 3186 3134 a

523 3194 578 3241 11
609 3176 855 3254 passivo.
886 3208 967 3217 —-
1001 3174 1422 3236 Communia
1470 3185 1641 3237 sunt
1686 3197 1871 3258 quae
1916 3197 1946 3238 r
1991 3178 2246 3238 littera
2279 3180 2780 3239 terminantur
2811 3179 2983 3237 etin
3015 3177 3191 3237 duas

612 3277 885 3338 formas
930 3276 1229 3337 cadunt:
1279 3278 1458 3338 vador
1490 3278 1657 3341 illum
1689 3282 1932 3359 agentis,
1968 3281 2146 3341 vador
2178 3280 2250 3341 ab
2295 3279 2395 3341 illo
2441 3282 2745 3360 patientis;
2777 3279 3045 3340 similiter
3075 3281 3189 3340 cri·

612 3380 825 3439 minor.
899 3389 1204 3450 nentrum,
1264 3382 1397 3460 quia
1444 3400 1553 3442 nec
1598 3385 1851 3445 activum
1900 3392 1988 3444 est
2035 3381 2043 3465 Ι
2095 3402 2203 3444 nec
2247 3384 2560 3463 passivum.
2638 3383 2973 3462 deponens,
3033 3379 3189 3461 quod

525 3495 641 3542 13r
686 3479 943 3543 litteram
990 3500 1307 3561 numquam
1354 3483 1639 3563 deponat,
1687 3504 1798 3564 per
1851 3487 2273 3547 catantil'rasin.
2348 3520 2427 3530 -—
2494 3488 2679 3547 Sunt
2720 3485 2940 3546 verba
2987 3493 3262 3547 extraso

613 3583 804 3643 lianc
834 3583 1195 3662 regulam,
1245 3605 1426 3666 quae
1457 3586 1883 3666 inaequalia
1918 3587 2298 3649 dicuntur:
2347 3587 2676 3668 inaequalia
2707 3587 2982 3647 dicuntur
3013 3585 3189 3646 verba

612 3703 764 3764 quac
808 3687 870 3745 in
914 3690 1213 3764 praesenti
1261 3696 1532 3768 tempore
1578 3691 1744 3769 quasi
1789 3691 1972 3750 activa
2018 3699 2157 3751 sunt
2201 3700 2259 3751 et
2301 3693 2360 3751 in
2392 3693 2710 3772 praeterito
2744 3690 2908 3769 quasi
2936 3691 3188 3768 passiva,

611 3795 676 3847 ut
721 3786 885 3849 soleo
931 3788 1137 3850 solitus
1181 3810 1343 3862 sum,
1389 3791 1618 3869 gaudeo
1665 3794 1896 3870 gavisus
1939 3811 2099 3861 sum,
2148 3793 2224 3852 lio
2272 3795 2457 3854 sactus
2501 3811 2659 3863 sum,
2707 3791 2823 3851 [ido
2868 3792 3010 3851 [isus
3040 3809 3190 3864 sum,

613 3899 672 3949 et
715 3891 883 3969 siqua
926 3899 1063 3950 sunt
1091 3893 1323 3954 similia.
1399 3913 1534 3954 nam
1566 3894 1727 3955 soleo
1760 3893 1912 3955 solui
1943 3893 2148 3956 debuit
2178 3892 2436 3977 salicem,
2484 3894 2714 3974 gaudeo
2746 3893 2984 3973 gaudui.
3063 3894 3189 3953 sero

613 4011 733 4053 non
778 3993 918 4052 facit
960 3994 1213 4056 infertor
1256 3995 1359 4055 sed
1403 3996 1636 4058 inlator.
1710 4016 1919 4057 vescor
1964 3996 2204 4057 dubium
2254 4005 2449 4058 utrum
2500 3999 2747 4058 vescitus
2793 3996 3044 4065 dicatur,
3092 4003 3261 4056 antas

525 4109 584 4158 16
609 4095 765 4154 sorte
810 4093 944 4154 ideo
976 4113 1212 4167 vescor,
1260 4100 1394 4177 quia
1424 4116 1537 4159 non
1571 4100 1712 4159 facit
1742 4100 1933 4159 vescui
1968 4097 2185 4179 [audeo
2217 4119 2394 4161 ausus
2423 4098 2602 4180 sum].
2651 4134 2734 4142 —
2779 4099 2963 4159 Sunt
3007 4116 3187 4177 quae

753 4266 874 4317 Coa,
900 4266 1058 4316 Bern.
1083 4266 1129 4316 X
1154 4266 1338 4319 2*—-4.
1396 4283 1401 4284 ⁷
1450 4268 1482 4320 3
1509 4270 1805 4318 terminatur
1903 4271 1933 4319 ἴ)
1958 4277 2006 4318 et
2029 4269 2144 4318 dato
2252 4271 2282 4318 7
2315 4268 2592 4336 passivum]
2625 4269 2843 4318 actiuum
2956 4269 3012 4319 ll
3044 4268 3190 4317 habet

718 4337 783 4387 12
806 4335 921 4387 illut
1023 4336 1088 4388 13
1114 4336 1263 4405 quae]
1299 4339 1383 4403 qui
1489 4339 1557 4389 20
1580 4340 1826 4404 producta
1929 4341 1990 4389 21
2015 4339 2256 4389 adcentus
2356 4340 2489 4390 tedet
2518 4341 2710 4405 penitet
2741 4340 2885 4388 redeo
2985 4337 3052 4389 23
3077 4353 3188 4405 per-

612 4406 769 4454 teduit
873 4415 1127 4472 pertesum
1236 4409 1303 4459 26
1344 4409 1484 4458 illum
1596 4408 1661 4458 34
1699 4406 1892 4475 debuit]
1935 4410 2084 4459 debui
2134 4410 2284 4459 debui
2388 4409 2455 4460 35
2494 4411 2678 4460 dubiae
2784 4409 2852 4460 36
2890 4424 2984 4458 non
3025 4423 3116 4461 om.

753 4563 818 4614 16
854 4561 1138 4629 Terentius]
1180 4565 1308 4613 Hee.
1350 4565 1369 4612 l
1407 4565 1457 4623 2,
1496 4564 1597 4616 104
1736 4566 1802 4614 22
1843 4566 2021 4616 taedeo
2056 4568 2105 4615 in
2140 4566 2327 4616 Casina
2359 4566 2533 4616 Plauti
2564 4582 2694 4616 nunc
2723 4581 2820 4617 non
2857 4566 3067 4628 temtum·
3100 4564 3193 4613 sed

610 4632 929 4694 inpersonale
971 4635 1140 4683 taedet
1168 4644 1243 4684 est
1275 4635 1391 4688 Cas,
1433 4637 1453 4683 1
1491 4636 1555 4685 54
1591 4637 1735 4699 abeo,
1777 4636 1942 4685 taedet
1981 4637 2051 4684 tui
2077 4636 2326 4685 sermonis
2429 4636 2496 4686 26
2533 4638 2625 4686 sed
2662 4635 2786 4684 illud
2812 4661 2878 4670 —-
2903 4650 2932 4682 a
2965 4635 3186 4698 passivo,

614 4718 742 4766 quae
781 4719 851 4752 ea:
884 4704 1166 4766 definitione
1206 4705 1507 4767 deponentia-
1542 4705 1683 4754 verbi
1733 4708 1911 4756 relicta
1971 4714 2086 4756 sunt
2131 4714 2247 4767 post
2294 4705 2360 4755 30
2407 4721 2499 4771 per
2556 4705 2903 4755 catantil'rasin
2964 4704 3189 4754 videntur

612 4773 905 4822 collocanda
944 4790 1054 4824 esse
1188 4773 1254 4824 35
1286 4774 1493 4827 dubium
1535 4776 1800 4826 mest-Itius
1942 4776 2009 4830 36
2047 4776 2208 4825 audeo
2240 4790 2394 4824 ausus
2431 4791 2541 4826 sum
2575 4787 2690 4839 post
2726 4775 2794 4827 33
2831 4774 3043 4844 gavisus
3072 4789 3186 4825 sum

611 4843 1057 4911 collocanda-ease
1093 4845 1326 4896 videntur
