3541 5564
1722 309 1868 371 ARS
2956 310 3079 375 367

2694 431 2735 471 p.
2764 420 2879 460 2052.
2904 421 2955 461 53
2981 420 3027 460 Ρ.

510 499 818 558 femininis
875 505 1006 578 apta
1067 506 1232 558 sunt:
1289 506 1528 567 neutra,
1588 516 1723 559 cum
1767 500 1898 559 eius
1941 498 2097 558 modi
2145 516 2242 558 res
2287 500 2726 577 significantur,
2775 507 2838 559 ut
2885 520 3076 580 neque

510 599 836 661 masculino
891 618 1083 679 neque
1141 602 1428 661 feminino
1484 603 1691 679 generi
1750 602 1990 680 proprie
2047 601 2335 679 adplicari
2394 603 2643 680 possint.
2734 604 2889 662 scire
2937 587 3076 663 sarie

508 702 793 762 debemus
848 720 964 762 non
1021 702 1211 762 solum
1257 722 1462 762 omnes
1508 704 1632 763 sere
1679 711 1878 782 partes
1922 704 2237 772 orationiS,
2286 702 2389 762 sed
2436 706 2731 781 integram
2775 706 3077 790 interdum

504 808 834 865 orationem
865 803 1033 865 verbi
1067 806 1303 865 nomine
1346 803 1535 865 solere
1582 808 1846 874 censeri,
1894 795 2143 884 ideoque
2189 811 2246 863 et
2291 804 2469 865 verba
2514 806 2730 865 secisse
2776 806 2893 867 dici
2941 827 3075 868 eum

455 910 607 988 5qui
653 908 884 967 locutus
941 908 1046 977 sit;
1106 892 1536 986 proptereaque
1591 906 1770 967 verba
1826 906 2113 987 appellata
2170 907 2477 975 dicuntur,
2525 910 2802 986 quoniam
2847 910 3078 970 scilicet

506 1011 695 1091 oratio
738 1011 871 1070 fieri
917 1027 1032 1069 non
1079 1011 1265 1087 possit
1307 1011 1424 1069 nisi
1472 1014 1608 1069 aere
1640 1009 1972 1070 verberato.
2034 1008 2137 1069 sed
2184 1009 2343 1069 aliud
2388 1017 2507 1078 est,
2556 1027 2689 1070 cum
2735 1011 3076 1089 specialiter

505 1129 681 1172 unam
724 1118 954 1190 partem
999 1113 1286 1171 orationis
1329 1110 1592 1189 intellegi
1639 1111 1938 1180 volumuS,
1987 1110 2058 1171 de
2103 1129 2218 1190 qua
2264 1130 2420 1170 nunc
2452 1096 2778 1190 loquimur.

670 1212 866 1273 Verbo
911 1213 1186 1273 accidunt
1231 1220 1486 1292 septem,
1534 1230 1751 1290 genuS‚
1811 1213 1966 1292 quod
2021 1212 2261 1292 quidam
2306 1215 2801 1290 significationem
2849 1223 3073 1286 vocant,

504 1315 757 1395 qualitas
811 1322 1046 1394 tempus
1101 1333 1384 1375 numerus
1438 1315 1624 1392 figura
1682 1334 1936 1394 persona
1991 1316 2349 1393 coniugatio.
2440 1315 2545 1375 sed
2601 1318 2943 1395 priusquam
3001 1318 3073 1378 (le

430 1440 478 1479 10
505 1417 757 1495 singulis
801 1418 1097 1487 dicamuS,
1145 1417 1288 1479 illud
1319 1416 1679 1495 generaliter
1711 1417 2141 1507 admonendum
2176 1424 2291 1487 est,
2340 1419 2495 1496 quod
2542 1437 2653 1497 per
2695 1437 2900 1479 omnes
2946 1422 3072 1480 sere

502 1527 703 1598 partes
756 1538 907 1599 quae
962 1519 1144 1580 verbo
1203 1520 1478 1580 accidunt
1522 1518 1703 1579 verba
1749 1519 2060 1588 deficiunt,
2111 1526 2174 1579 ut
2219 1518 2329 1579 sub
2376 1520 2471 1580 his
2515 1521 2663 1599 ipsis
2708 1520 3072 1582 demonstra-

503 1621 717 1682 bimus,
807 1622 1093 1700 quaedam
1143 1629 1337 1682 tamen
1381 1620 1562 1682 verba
1620 1639 1736 1681 non
1792 1621 1977 1682 solum
2032 1623 2095 1682 in
2153 1621 2413 1699 singulas
2457 1630 2689 1701 parteS,
2738 1623 2841 1684 sed
2886 1628 3071 1685 inter-

502 1724 641 1785 dum
684 1727 747 1787 in
790 1725 993 1804 plures
1038 1724 1326 1784 defectiva
1371 1731 1525 1784 sunt.

668 1825 899 1886 Genera
958 1828 1082 1887 sive
1137 1827 1600 1903 significationes
1654 1827 1916 1905 quinque
1975 1833 2140 1895 sunt,
2199 1828 2483 1895 activum,
2542 1834 2607 1887 ut
2662 1827 2793 1905 lego
2851 1828 3070 1899 scribo,
3097 1833 3214 1895 383,
3245 1837 3267 1881 t

426 1952 473 1992 15
502 1931 833 2008 passivum,
888 1936 954 1989 ut
1005 1929 1170 2006 legor
1214 1927 1474 1996 scribor,
1533 1927 1832 1997 neutrale,
1881 1935 1944 1987 ut
1989 1935 2078 1988 sto
2124 1946 2329 1996 curro,
2377 1928 2709 2007 deponenS,
2758 1936 2823 1989 ut
2867 1930 3072 2010 loquor

447 2031 716 2100 luctor,
781 2049 1119 2099 commune,
1190 2037 1255 2089 ut
1319 2029 1590 2090 consolor
1669 2031 1978 2089 criminor.
2068 2029 2282 2089 horum
2349 2032 2611 2090 omnium
2677 2033 3074 2110 proprietates

499 2135 584 2193 sic
628 2133 1050 2210 intellegimus,
1140 2134 1328 2193 activa
1374 2139 1512 2192 sunt
1555 2150 1705 2211 quae
1751 2149 1786 2187 o
1830 2130 2029 2190 littera
2074 2132 2475 2191 terminantur
2529 2138 2613 2199 et,
2672 2135 2721 2191 si
2780 2136 3074 2212 accipiant

499 2254 529 2295 r
572 2235 1136 2320 litteram,·saciunt
1180 2254 1250 2295 ex
1296 2252 1356 2316 se
1402 2236 1666 2313 passiva,
1713 2241 1778 2293 ut
1822 2233 1952 2310 lego
1997 2232 2195 2310 legor,
2254 2233 2453 2294 scribo
2498 2232 2749 2294 scribor.
2839 2237 3070 2314 passiva

500 2345 636 2398 sunt
692 2338 841 2417 quae
900 2355 929 2396 r
985 2336 1184 2396 littera
1242 2337 1637 2396 terminantur
1681 2343 1769 2404 et,
1831 2336 1881 2394 si
1928 2351 2057 2395 eam
2104 2336 2405 2405 amittant,
2453 2335 2707 2396 redeunt
2751 2338 2813 2396 in
2859 2340 3068 2409 activa,

422 2466 472 2507 20
501 2445 566 2499 ut
618 2439 782 2517 legor
839 2439 999 2515 lego,
1056 2436 1290 2498 scribor
1350 2435 1568 2498 scribo.
1659 2437 1763 2497 sed
1820 2437 1964 2498 haec
2019 2437 2368 2518 plerumque
2429 2439 2892 2515 significationes
2936 2458 3071 2499 suas

498 2546 753 2608 mutant,
823 2547 887 2599 ut
953 2558 1090 2600 ecce
1162 2538 1493 2619 [intellectu
1537 2537 1798 2619 passivo]
1859 2541 2022 2617 fugio
2078 2541 2278 2599 timeo.
2348 2558 2483 2600 nam
2537 2541 2637 2618 qui
2702 2540 2850 2600 dicit
2904 2541 3069 2618 fugio

502 2645 679 2703 timeo
723 2644 891 2721 quasi
936 2644 1188 2721 patitur,
1237 2660 1371 2702 cum
1415 2641 1729 2701 declinatio
1762 2643 1950 2701 activa
1996 2643 2093 2701 sit.
2180 2648 2239 2700 et
2283 2647 2488 2702 contra
2533 2644 2637 2720 qui
2682 2640 2828 2701 dicit
2871 2642 3068 2720 fugior

496 2746 714 2806 timeor
784 2746 950 2823 quasi
1023 2745 1273 2805 actionis
1338 2745 1539 2805 nescio
1607 2744 1749 2824 quid
1819 2744 2139 2822 significat:
2213 2750 2379 2804 actus
2440 2745 2599 2805 enim
2668 2753 2760 2805 est
2826 2744 3067 2824 quidam

498 2850 638 2924 eius,
683 2849 784 2927 qui
841 2848 1066 2924 sugitur
1123 2847 1212 2907 vel
1267 2848 1367 2926 qui
1429 2849 1688 2907 timetur.
1779 2846 1924 2907 haec
1981 2845 2411 2907 consideranda
2467 2852 2604 2907 sunt
2647 2846 2963 2924 diligenter
3007 2855 3067 2907 et

421 2978 472 3019 25
499 2969 606 3029 per
650 2968 854 3009 omnes
898 2949 1102 3010 modos
1156 2948 1614 3009 declinationum
1673 2966 1911 3009 suarum
1972 2948 2518 3018 animadvertenda,
2578 2945 2794 3030 ultrum
2840 2947 3069 3009 scilicet

499 3052 694 3112 omnia
741 3069 1020 3112 conversa
1079 3052 1508 3129 significatione
1567 3050 1910 3129 procedant.
1999 3058 2208 3111 neutra
2252 3057 2389 3111 sunt
2432 3054 2583 3130 quae
2626 3069 2660 3108 o
2704 3050 2901 3110 littera
2950 3058 3066 3111 ter*-

500 3156 801 3215 minantur
844 3161 925 3221 et,
975 3155 1025 3213 si
1073 3155 1366 3232 accipiant
1409 3171 1439 3213 r
1483 3154 1772 3221 litteram,
1820 3153 1999 3213 latina
2044 3170 2161 3212 non
2207 3159 2372 3221 sunt,
2434 3159 2498 3212 ut
2542 3158 2631 3211 sto
2677 3170 2881 3212 curro:
2950 3171 3065 3212 non

500 3258 660 3316 enim
704 3255 952 3316 latinum
1010 3262 1098 3314 est
1154 3262 1278 3315 stor
1323 3274 1549 3315 curror.
1639 3255 1992 3334 deponentia
2039 3261 2176 3314 sunt
2219 3272 2368 3333 quae
2414 3273 2445 3313 r
2501 3254 2698 3314 littera
2741 3256 3065 3314 terminan-

500 3365 596 3419 tur
639 3364 724 3425 et,
774 3359 822 3416 si
869 3375 998 3417 eam
1044 3359 1344 3425 amittant,
1392 3357 1573 3418 latina
1617 3375 1735 3417 non
1783 3364 1947 3425 sunt,
1998 3364 2060 3417 ut
2103 3356 2310 3435 loquor
2355 3356 2712 3416 conluctor:·
2744 3375 2861 3416 non
2907 3358 3066 3416 enim
3156 3359 3157 3364 ’

423 3460 749 3529 mlatinum
793 3459 1097 3538 estloquo
1143 3468 1241 3519 aut
1285 3458 1576 3519 conluctO.
1667 3460 1999 3518 communia
2045 3465 2182 3519 sunt
2224 3475 2373 3538 quae
2420 3476 2450 3516 r
2505 3457 2704 3526 littera
2751 3459 3066 3518 terminata

499 3565 559 3622 in
606 3562 751 3622 duas
806 3561 1026 3620 formas
1082 3560 1298 3620 cadunt
1354 3562 1634 3639 patientis
1695 3568 1754 3620 et
1799 3563 2056 3638 agentis,
2104 3568 2169 3620 ut
2213 3559 2482 3620 consolor
2527 3562 2830 3620 criminor.
2921 3561 3065 3620 haec

500 3667 660 3724 enim
706 3664 905 3741 specie
953 3668 1179 3723 tantum
1224 3665 1454 3740 passiva
1500 3662 1899 3731 declinantur,
1947 3662 2051 3724 sed
2096 3665 2282 3723 activa
2329 3663 2680 3741 significatio
2724 3681 2926 3723 casum
2970 3682 3063 3723 ac-

499 3767 825 3827 cusativum
870 3766 1169 3844 sequitur;
1228 3764 1482 3825 dicimus
1537 3766 1693 3825 enim
1751 3765 2021 3825 consolor
2076 3765 2350 3834 fratrem,
2399 3767 2683 3825 criminor
2726 3767 3062 3826 inimicum:

500 3870 728 3948 passiva
774 3885 911 3926 vero
957 3864 1304 3934 ablativum,
1352 3873 1419 3926 ut
1463 3867 1732 3928 consolor
1777 3887 1809 3927 a
1856 3868 2069 3936 fratre,
2117 3869 2403 3927 criminor
2449 3865 2522 3926 ab
2568 3867 2830 3927 inimico.
2922 3867 3064 3928 illud

632 4041 666 4088 4
705 4037 921 4100 ideoque
952 4035 1107 4085 uerba
1147 4035 1332 4087 secisse
1370 4051 1484 4086 eum
1524 4038 1609 4101 qui
1642 4037 1840 4087 locutus
1877 4037 1943 4087 sit
1977 4037 2148 4086 dicunt
2187 4038 2247 4086 M
2387 4039 2419 4088 5
2456 4035 2711 4102 appellata
2747 4037 2980 4086 dicuntur
3018 4038 3066 4087 B

498 4108 752 4174 appellata
788 4114 905 4158 suut
937 4105 998 4155 M
1033 4114 1148 4155 sunt
1185 4106 1439 4171 appellata
1479 4107 1528 4156 L
1701 4107 1766 4158 16
1806 4108 2041 4157 consulor
2075 4107 2206 4157 BM
2215 4107 2265 4155 L
2436 4108 2496 4158 17
2540 4116 2589 4156 et
2615 4123 2706 4159 om.
2743 4104 2864 4157 ΒΜ
2878 4107 2927 4155 L

500 4179 563 4230 18
598 4179 807 4243 passiua
841 4205 910 4213 —-
946 4174 1014 4225 20
1038 4176 1203 4227 scribo
1235 4191 1326 4226 om.
1356 4177 1405 4226 B
1502 4176 1566 4228 19
1600 4178 1929 4226 terminantur
1968 4177 2011 4228 si
2046 4193 2156 4226 eam
2195 4177 2425 4228 amittant
2463 4185 2512 4225 et
2547 4178 2754 4228 redeant
2796 4176 2860 4226 M
2894 4177 3064 4227 termi-

498 4258 679 4298 nantur
719 4257 768 4297 et
814 4262 922 4296 eam
969 4247 1196 4296 amittent
1234 4246 1440 4296 redeant
1473 4245 1522 4297 L
1663 4246 1731 4296 20
1776 4247 1868 4296 sed
1905 4247 1955 4295 in
1993 4246 2087 4296 hac
2127 4247 2193 4296 M
2225 4247 2316 4296 sed
2348 4246 2399 4294 in
2435 4246 2530 4295 hoc
2556 4247 2665 4297 BL
2803 4248 2866 4297 21
2916 4247 3064 4296 intel-

499 4318 628 4367 lectu
660 4318 866 4382 passivo
900 4333 989 4370 om.
1022 4315 1145 4365 ML
1286 4317 1351 4365 22
1383 4319 1531 4378 quasi
1569 4317 1654 4380 qui
1691 4317 1878 4382 patitur
1909 4315 1969 4364 M
2106 4317 2173 4366 23
2211 4316 2354 4379 quasi
2388 4317 2582 4366 actione
2620 4317 2786 4366 nescio
2826 4317 2959 4380 (scio
2987 4315 3061 4375 L)

499 4389 621 4451 quid
661 4388 765 4437 BL
802 4388 948 4452 quasi
984 4387 1150 4436 actiuo
1198 4401 1383 4453 genere
1419 4386 1633 4436 dixisset
1671 4386 1840 4438 nescio
1880 4386 2002 4450 quid
2046 4386 2330 4449 (ads-cripta
2372 4388 2423 4435 in
2455 4401 2614 4464 mar-9..
2653 4401 2809 4468 quare
2847 4385 2963 4445 hoc)
3002 4387 3061 4435 M

635 4459 701 4507 25
738 4451 1186 4508 animaduertenda
1222 4465 1338 4505 sunt
1375 4466 1540 4506 utrum
1580 4455 1640 4504 M
1777 4455 1847 4504 26
1877 4456 2207 4506 terminantur
2231 4456 2276 4503 si
2302 4455 2364 4504 M
2380 4456 2424 4504 L
2461 4455 2611 4504 termi
2642 4457 2688 4505 si
2713 4457 2763 4506 B
2799 4457 3064 4505 terminata

499 4527 542 4576 si
571 4525 847 4577 Siclzardus
1013 4526 1080 4578 29
1121 4535 1168 4576 et
1205 4542 1295 4576 om.
1336 4526 1462 4576 BM
1469 4526 1516 4574 L
1686 4523 1753 4575 30
1784 4524 1893 4574 loco
1931 4535 2016 4575 aut
2054 4526 2282 4576 conlucto
2321 4524 2381 4573 M
2419 4524 2568 4586 loquo
2609 4532 2657 4574 et
2692 4526 2920 4575 conlucto
2950 4527 3059 4576 BL

639 4596 702 4647 31
743 4597 975 4648 consulor
1003 4597 1132 4648 BM
1140 4598 1187 4646 L
1288 4594 1355 4647 32
1387 4603 1578 4647 tantum
1619 4594 1939 4661 passiuorum
1976 4595 2042 4644 M
2138 4595 2305 4645 aetina
2335 4601 2410 4644 est
2439 4594 2738 4659 significatio
2776 4597 2860 4646 L:
2896 4596 3062 4645 aetina

501 4666 921 4731 significationem
959 4670 1083 4717 cassi
1122 4668 1281 4733 (corr.
1316 4665 1488 4730 casus)
1520 4681 1688 4718 accus.
1722 4666 1950 4728 sequitur
1990 4667 2055 4715 M
2191 4664 2255 4716 33
2296 4663 2531 4715 consulor
2560 4663 2670 4715 BL
2773 4663 3056 4731 inimicum]

503 4736 706 4792 fratrem
734 4737 842 4786 BL
982 4739 1051 4789 34
1085 4738 1295 4804 passiua
1331 4751 1451 4786 uero
1489 4737 1762 4787 ablatiuum
1801 4733 1934 4783 BM
1947 4737 1992 4785 L
2036 4735 2296 4800 passiuarn
2333 4750 2453 4786 uero
2485 4734 2736 4786 ablatiuus
2773 4752 2818 4785 m
2922 4735 3061 4785 abla-

500 4808 659 4857 tiuum
696 4814 888 4858 tantum
921 4808 970 4857 B
1110 4807 1343 4858 consulor
1377 4807 1482 4857 BL
1624 4806 1686 4855 ab
1723 4803 1949 4872 inimico]
1994 4822 2022 4856 a
2051 4805 2205 4856 fratre
2222 4803 2348 4855 BL
