3541 5564
617 380 739 443 140
1751 377 2055 439 POMPEII

665 503 707 543 p.
734 493 887 530 97-99
916 489 958 529 1..

612 588 926 650 possumus
970 587 1097 630 rem
1142 571 1312 629 istam
1358 570 1560 646 sequi,
1611 585 1729 627 non
1779 566 1943 637 dico,
2004 564 2146 627 illud
2194 564 2369 644 longe
2417 572 2474 626 et
2519 563 2930 646 rationabilius
2969 573 3030 626 et
3075 567 3190 626 lor-

611 673 730 733 tius
775 679 835 732 et
878 673 1071 732 verius
1116 679 1232 741 est,
1292 670 1450 750 quod
1495 669 1596 730 ille
1651 671 1922 731 tractavit
1964 669 2025 730 in
2071 667 2187 729 illis
2231 666 2562 747 speciebus
2653 668 2830 728 modo
2877 668 3192 738 videamuS,

614 792 790 852 quem
837 774 908 834 ad
955 773 1193 834 modum
1227 773 1369 834 dicit
1400 774 1657 834 Donatus
1702 775 1918 832 ‘omne
1963 789 2181 832 nomen
2227 778 2329 832 aut
2360 772 2672 850 proprium
2718 779 2808 831 est
2852 777 2952 831 aut
2994 770 3194 850 appel-

613 874 909 936 lativum'.
973 877 1021 935 si
1065 877 1375 955 proprium
1422 894 1540 935 non
1586 875 1792 944 fuerit,
1839 875 2035 934 statim
2079 872 2491 953 appellativum
2524 880 2640 943 est;
2684 874 2735 934 si
2780 871 3192 952 appellativum

614 997 730 1038 non
780 978 983 1048 suerit,
1031 980 1224 1039 statim
1273 978 1578 1058 proprium
1626 984 1713 1037 est
1755 974 1911 1056 apud
1957 976 2215 1037 Latinos
2307 974 2409 1035 sed
2456 978 2700 1055 propria
2745 977 2982 1036 nomina
3030 982 3194 1055 quat-
3222 995 3251 1034 5

614 1089 746 1142 tuor
805 1080 1025 1142 habent
1080 1081 1338 1160 species,
1398 1098 1760 1159 praenomen
1821 1098 2037 1140 nomen
2095 1096 2421 1157 cognomen
2468 1093 2798 1156 agnoment
2851 1076 3193 1157 appellativa

614 1184 852 1244 nomina
906 1184 1109 1261 viginti
1165 1190 1222 1243 et
1280 1190 1504 1261 septem
1562 1183 1795 1262 species
1847 1180 2086 1241 habent.
2177 1179 2404 1241 videtur
2462 1183 2631 1257 quasi
2687 1180 2902 1242 durum
2964 1198 3094 1240 esse
3140 1187 3198 1240 et

614 1285 853 1346 difficile
899 1284 1128 1346 discere
1177 1285 1379 1362 viginti
1427 1292 1485 1344 et
1528 1291 1753 1363 septem
1800 1284 2047 1362 species,
2136 1300 2278 1361 ergo
2324 1301 2575 1362 sequere
2619 1301 2745 1343 rem
2791 1280 3056 1351 facilem,
3104 1300 3197 1342 se-

615 1406 797 1466 quere
853 1388 963 1447 has
1017 1405 1115 1448 res
1161 1394 1434 1465 quattuor
1490 1387 1874 1466 propriorum
1932 1386 2256 1446 nominum.
2333 1402 2465 1445 cum
2514 1384 2705 1446 disces
2749 1383 2855 1444 has
2901 1391 3195 1461 quattuor,

618 1508 733 1549 non
781 1488 969 1548 solum
1017 1489 1122 1550 has
1169 1495 1438 1567 quattuor
1483 1488 1692 1557 disces,
1742 1487 1847 1548 sed
1894 1489 2069 1548 etiam
2114 1489 2267 1548 scies
2313 1488 2587 1567 quoniam
2634 1486 2912 1566 quicquid
2956 1495 3276 1565 praeterio

616 1590 722 1650 has
769 1598 1045 1668 quattuor
1090 1592 1269 1651 suerit
1312 1593 1371 1651 in
1416 1590 1531 1650 illis
1561 1589 1928 1669 appellativis
1972 1598 2075 1650 est.
2138 1608 2280 1667 ergo
2315 1608 2432 1650 uno
2464 1607 2645 1669 opere
2687 1595 3005 1669 utrumque
3035 1588 3195 1658 facis,

616 1699 675 1752 et
719 1691 901 1752 discis
956 1694 1183 1771 proprii
1239 1693 1495 1753 nominis
1550 1693 1925 1762 divisionem,
1986 1699 2043 1751 et
2098 1691 2372 1771 quicquid
2432 1692 2492 1751 in
2547 1692 2675 1751 istis
2729 1697 3006 1771 quattuor
3061 1708 3197 1770 par-

615 1794 770 1855 tibus
816 1813 933 1854 non
978 1794 1159 1855 suerit
1206 1800 1617 1874 conputatum.
1668 1796 1727 1854 in
1776 1793 1889 1854 illis
1934 1795 2048 1853 iam
2094 1795 2247 1854 scies
2293 1787 2442 1854 esse.
2597 1857 2602 1862 ζ

411 1900 588 1959 429,2
783 1897 1072 1968 Quattuor
1137 1905 1274 1958 sunt
1337 1904 1535 1977 partes
1596 1899 1826 1976 proprii
1894 1897 2168 1957 nominis,
2257 1897 2404 1956 istae
2461 1902 2596 1956 sunt
2651 1901 2927 1974 quattuor
2973 1900 3190 1972 parteS,

612 2019 974 2080 praenomen
1033 2018 1250 2060 nomen
1310 2018 1638 2077 cognomen
1697 2018 2012 2077 agnomen.
2099 2015 2462 2077 praenomen
2521 1997 2734 2057 dicitur
2780 1995 2937 2076 quod
2985 1997 3047 2056 in
3093 1992 3192 2076 lol-
3225 2019 3274 2056 15

613 2103 846 2182 quendo
891 2103 1297 2180 praeponitur.
1386 2108 1449 2161 ut
1491 2109 1632 2180 puta
1677 2100 1921 2162 Publius
1964 2099 2198 2180 quando
2243 2099 2523 2172 dicimus,
2572 2117 2936 2178 praenomen
2985 2105 3102 2167 est,
3149 2099 3199 2158 si

612 2205 774 2265 dicas
819 2202 1062 2265 Publius
1107 2202 1417 2282 Vergilius,
1478 2202 1763 2282 numquid
1814 2206 1970 2263 enim
2017 2210 2186 2283 potes
2231 2201 2430 2262 dicere
2476 2200 2771 2281 Vergilius
2814 2199 3096 2261 Publius?
3152 2201 3201 2260 si

613 2308 774 2368 dicas
818 2306 1035 2366 Lucius
1081 2304 1408 2366 Sallustius,
1470 2305 1754 2385 numquid
1801 2305 1947 2374 dicis
1993 2303 2301 2365 Sallustius
2345 2303 2561 2364 Lucius
2609 2302 2770 2363 verbi
2817 2303 3034 2362 causa?
3082 2320 3198 2361 non

610 2427 924 2489 possumus
971 2407 1171 2467 dicere
1217 2409 1314 2468 ita.
1379 2426 1522 2486 ergo
1567 2409 1702 2468 ideo
1748 2407 2022 2467 dicuntur
2069 2408 2485 2485 praenomina,
2533 2406 2810 2485 quoniam
2856 2403 3199 2465 nominibus

613 2512 1052 2592 praeferuntur.
1142 2509 1284 2570 dicit
1340 2529 1466 2571 rem
1525 2509 1920 2589 superfluam:
1987 2508 2369 2589 praenomina
2414 2514 2609 2569 autem
2657 2514 2936 2567 notantur
2980 2513 3082 2566 aut
3126 2506 3277 2569 deso

612 2613 861 2691 singulis
917 2611 1159 2681 litteriS,
1219 2618 1360 2690 puta
1418 2613 1512 2672 lac
1567 2611 1646 2681 P,
1708 2618 1766 2671 et
1821 2595 2112 2688 significat
2166 2610 2441 2678 Publius,
2512 2611 2604 2669 sac
2649 2609 2727 2677 G,
2788 2616 2848 2669 et
2911 2609 3202 2687 significat

614 2717 822 2785 Gaius;
881 2721 982 2775 aut
1037 2714 1110 2774 de
1164 2713 1394 2775 duabus
1450 2713 1687 2781 litteris,
1746 2714 1840 2773 sac
1898 2715 1946 2774 G
1994 2721 2052 2774 et
2097 2713 2173 2784 N,
2222 2721 2281 2773 et
2321 2713 2610 2791 significat
2654 2712 2921 2779 Gnaeus;
2983 2719 3086 2771 aut
3130 2710 3201 2770 de

613 2819 803 2879 tribus
859 2817 1106 2886 litteris,
1162 2816 1255 2877 l'ac
1312 2817 1481 2884 SEX,
1544 2823 1600 2875 et
1653 2818 1943 2894 significat
1999 2816 2230 2877 Sextus.
2323 2816 2557 2876 interim
2616 2817 2771 2875 scire
2829 2814 3013 2874 debes
3069 2816 3197 2893 quia

614 2921 997 3000 praenomina
1055 2925 1194 2979 sunt
1250 2937 1399 2997 quae
1459 2918 1798 2979 nominibus
1864 2926 2328 2997 praeponuntur.
2418 2919 2655 2978 nomina
2714 2916 2992 2977 dicuntur
3049 2934 3200 2995 quae

613 3030 748 3083 sunt
792 3023 1127 3082 communia
1171 3020 1436 3081 familiis:
1485 3040 1601 3080 non
1651 3019 1952 3079 bominum
1999 3038 2216 3080 nomeu
2262 3019 2365 3079 sed
2414 3018 2698 3087 familiae,
2761 3025 2826 3078 ut
2869 3026 3010 3098 puta
3056 3020 3274 3080 Cor-2⁵

614 3123 768 3184 nelia
823 3123 1060 3184 familia.
1152 3130 1437 3202 quotquot
1494 3124 1647 3183 enim
1708 3124 1944 3182 suerunt
2002 3121 2076 3182 de
2132 3120 2228 3181 illa
2286 3121 2534 3190 familia,
2591 3122 2676 3180 sic
2732 3119 3197 3200 appellabantur,

615 3224 891 3286 Cornelii.
980 3244 1121 3303 ergo
1178 3224 1487 3286 Cornelius
1541 3223 1872 3303 appellatur
1919 3243 2165 3293 nomen,
2227 3223 2381 3302 quod
2431 3229 2522 3284 est
2564 3242 2878 3284 commune
2926 3222 3196 3290 familiae,

615 3328 766 3388 sicut
812 3327 1096 3387 Lentulus
1141 3329 1310 3389 Sura.
1403 3326 1578 3386 modo
1624 3328 1685 3386 in
1733 3344 1843 3387 usu
1889 3325 2059 3386 aliter
2102 3333 2408 3405 putamus:
2458 3344 2674 3386 nomen
2722 3334 3002 3404 putamus
3047 3322 3199 3405 quod

616 3438 704 3490 est
746 3431 1071 3509 proprium.
1139 3448 1355 3490 nomen
1404 3436 1493 3489 est
1535 3437 1728 3489 autem
1778 3428 1932 3508 quod
1982 3435 2072 3488 est
2116 3445 2426 3489 commune
2465 3430 2474 3504 Ι
2514 3426 2804 3495 familiae3
2862 3427 3019 3507 quod
3064 3445 3199 3507 pro—

613 3533 807 3610 prium
856 3540 944 3591 est
990 3532 1164 3591 unius
1208 3532 1492 3611 cuiusque
1524 3549 1854 3608 cognomen
1900 3529 2249 3610 appellatur.
2310 3530 2467 3610 quod
2514 3536 2709 3590 autem
2755 3537 2845 3590 est
2889 3546 3274 3605 communeao

616 3633 872 3694 familiae
929 3652 1047 3693 non
1104 3633 1434 3713 appellatur
1479 3650 1844 3711 cognomen,
1904 3633 2006 3693 sed
2054 3631 2384 3712 appellatur
2431 3650 2664 3692 nomen.
2757 3631 2913 3692 unde
2958 3637 3202 3710 apparet

615 3736 726 3795 boc
793 3737 1025 3814 ipsum?
1093 3755 1163 3795 ex
1233 3735 1430 3796 verbis
1488 3734 1754 3813 Vergilii:
1829 3733 2119 3812 Vergilius
2174 3734 2286 3795 hoc
2345 3732 2526 3794 verbo
2592 3735 2801 3803 utitur,
2868 3733 3198 3793 ‘nomine

614 3856 817 3897 avum
874 3839 1272 3899 reserens’.
1365 3856 1508 3917 ergo
1556 3847 1613 3898 et
1655 3839 1781 3917 ipse
1829 3845 1887 3897 et
1931 3855 2074 3897 avus
2118 3839 2302 3914 ipsius
2360 3855 2479 3896 uno
2538 3837 2776 3897 nomine
2824 3835 3199 3897 vocabantur.

616 3959 754 4000 ecce
800 3959 896 4000 res
942 3946 1029 3999 est
1083 3943 1413 4002 communis
1468 3939 1744 4002 familiae.
1834 3958 1867 3999 e
1911 3940 2210 3999 contrario
2258 3939 2359 4000 ubi
2407 3936 2583 3998 voluit
2628 3939 2935 4017 proprium
2984 3956 3196 3998 nomeu

616 4041 964 4111 ostendere,
1023 4043 1103 4103 ait
1159 4044 1311 4103 ‘cui
1359 4041 1664 4104 Remulo
1722 4058 2134 4119 cognomen
2182 4046 2394 4101 erat'.
2489 4059 2631 4118 ergo
2677 4040 2915 4118 quando
2962 4040 3036 4100 de
3083 4058 3270 4105 un035

614 4144 939 4223 loquimur,
998 4162 1328 4223 cognomen
1389 4145 1665 4211 dicimus;
1726 4142 1963 4222 quando
2020 4142 2092 4203 de
2152 4143 2369 4204 familia
2417 4142 2743 4222 loquimur,
2795 4161 3012 4204 nomen
3057 4142 3196 4202 dici-

616 4265 765 4307 muS.
841 4254 899 4306 et
943 4246 1056 4307 boc
1103 4249 1349 4307 recessit
1392 4245 1464 4305 ab
1513 4264 1620 4306 usu
1666 4246 1920 4325 penituS.
2012 4265 2130 4306 non
2177 4264 2490 4325 possumus
2535 4244 2736 4306 dicere
2781 4242 2960 4304 hodie
3005 4241 3196 4321 ‘quod

758 4468 823 4520 10
854 4470 988 4519 scies
1016 4468 1111 4517 Ba
1137 4469 1238 4516 seis
1266 4468 1314 4516 A
1344 4469 1476 4516 scias
1512 4467 1590 4517 Cb
1702 4468 1763 4517 12
1787 4467 2043 4532 propriam
2071 4468 2216 4518 ABG
2324 4467 2386 4519 13
2414 4473 2642 4531 putatum
2673 4466 2818 4517 ABG
2919 4466 3052 4515 scies
3078 4465 3200 4515 BCa

615 4541 715 4590 scis
754 4540 800 4587 A
913 4540 978 4590 18
1014 4553 1113 4587 non
1141 4553 1347 4602 possum
1376 4538 1480 4588 BG
1573 4539 1639 4587 22
1674 4548 1723 4586 et
1756 4539 1820 4587 de
1858 4539 2018 4586 tribus
2050 4539 2212 4588 ABG
2311 4538 2378 4587 25
2421 4552 2515 4585 non
2549 4537 2810 4588 hominum
2839 4550 3019 4584 nomen
3049 4536 3139 4585 sed
3164 4536 3202 4584 G

614 4619 661 4660 ee
697 4610 860 4661 deleto
894 4626 941 4663 v.
982 4623 1163 4658 nomen
1199 4608 1248 4656 A
1284 4623 1380 4657 nou
1422 4610 1648 4665 (nomina
1677 4608 1798 4659 add.
1831 4624 1941 4671 sup.
1970 4610 2082 4667 lin.)
2118 4609 2378 4657 hominum
2418 4609 2507 4656 sed
2536 4608 2587 4658 B
2694 4607 2763 4656 26
2795 4615 3043 4670 quotquot
3061 4607 3195 4654 enim

615 4680 775 4743 (enim
808 4695 899 4732 om.
929 4679 992 4743 a)
1037 4678 1238 4728 suerunt
1275 4678 1338 4726 de
1378 4678 1460 4727 illa
1489 4677 1684 4727 familia
1710 4678 1884 4740 BCa,
1918 4696 2010 4732 om,
2049 4681 2094 4728 A
2220 4680 2465 4727 28·surra
2503 4677 2554 4726 B
2669 4676 2736 4726 29
2774 4678 2910 4739 quod
2949 4686 3027 4725 est
3064 4691 3195 4724 com-

619 4765 767 4799 mune
804 4749 980 4799 Bca:
1021 4750 1157 4811 quod
1193 4758 1270 4797 est
1300 4764 1388 4798 om.
1425 4749 1475 4797 A
1614 4747 1681 4798 32
1720 4747 1941 4815 nomine]
1995 4752 2153 4813 Very.
2194 4749 2325 4799 Aen.
2363 4746 2450 4795 Xll
2492 4746 2595 4799 348
2697 4747 2766 4796 33
2804 4748 2967 4809 ipsius
3003 4761 3095 4795 om.
3131 4744 3196 4802 A,

615 4821 733 4869 add.
777 4836 811 4867 (ι
920 4820 987 4867 34
1013 4819 1298 4868 communis
1327 4819 1697 4867 Lindemannus
1736 4833 2002 4869 commuue
2045 4819 2205 4868 ABG
2304 4817 2372 4868 35
2413 4816 2513 4881 cui]
2555 4819 2713 4884 Vero,
2753 4817 2885 4866 Aen.
2927 4817 3064 4866 Vllll
3101 4814 3199 4866 593

755 4889 824 4939 36
861 4889 1060 4952 quando
1096 4889 1159 4938 de
1197 4888 1385 4938 familia
1422 4889 1565 4938 BCa
1596 4890 1798 4950 quando
1839 4889 2064 4939 familiae
2098 4889 2145 4938 A
2266 4888 2330 4938 37
2370 4886 2523 4936 hodie
2560 4903 2651 4942 om.
2694 4888 2761 4948 A,
2797 4886 2917 4937 add.
2955 4903 2989 4935 a
