3541 5564
495 310 621 376 382
1579 305 1986 372 CONSENTII

547 433 588 474 p.
616 423 731 463 2070.
757 424 803 462 71
835 420 879 460 Ρ.
2295 448 2312 477 s

496 504 934 581 coniugationis
987 504 1407 571 inveniuntur,
1468 508 1534 562 ut
1591 519 1729 561 ecce
1790 503 1980 562 activa
2033 502 2467 577 significatione
2522 502 2853 563 declinatur
2922 520 3078 562 nunc

497 606 624 666 lavo
667 606 854 666 lavas:
914 624 1051 666 nam
1095 612 1156 665 et
1199 606 1346 666 lavis
1392 606 1562 674 facit,
1626 604 1785 685 quod
1832 610 1922 663 est
1966 605 2199 664 tertiae.
2289 623 2397 664 nec
2443 605 2706 667 dissonat
2750 607 2891 668 hui‘c
2936 624 3076 667 con·

499 709 722 769 dicioni
777 708 836 768 id
893 708 1049 787 quod
1106 728 1139 767 a
1196 711 1427 787 passiva
1487 707 1884 768 declinatione
1949 706 2287 776 descendit,
2336 708 2633 787 siquidem
2675 709 2788 770 hoc
2832 708 3077 770 verbum

501 815 764 873 incertae
823 812 1276 888 significationis
1330 810 1422 870 vel
1478 809 1742 887 ambigui
1798 810 2040 887 generis
2095 814 2215 869 est:
2274 828 2410 870 nam
2453 810 2615 912 lavor
2657 811 2803 871 facit
2845 811 3078 880 lavariS,

500 914 657 993 quod
705 921 796 973 est
838 915 1066 992 primae
1113 914 1579 990 coniugationiS,
1636 912 1782 972 facit
1825 917 1884 970 et
1925 911 2171 980 laveriS,
2233 912 2389 991 quod
2446 920 2537 973 est
2580 915 2811 974 tertiae.
2901 932 3078 993 quae·
3108 934 3133 973 5

503 1017 638 1077 dam
682 1016 856 1076 aliam
903 1017 1383 1093 coniugationem
1429 1015 1653 1076 habent
1681 1013 1756 1075 ab
1788 1015 1977 1074 activa
2023 1015 2487 1091 significatione,
2535 1015 2707 1076 aliam
2754 1036 2785 1076 a
2831 1018 3082 1095 passiva,

504 1125 568 1179 ut
612 1136 751 1179 ecce
795 1117 930 1179 labo
984 1117 1149 1179 labas
1202 1119 1348 1178 facit
1402 1120 1654 1198 primam
1715 1118 2224 1194 coniugationem,
2271 1115 2440 1177 labor
2484 1136 2621 1178 vero
2669 1115 2825 1196 (nam
2873 1125 2931 1177 et
2973 1118 3085 1178 hoc

505 1225 769 1284 incertae
816 1222 1270 1300 significationis
1314 1222 1424 1297 est)
1472 1219 1693 1281 laberis
1735 1220 1909 1288 facit,
1958 1238 2075 1279 non
2121 1218 2361 1279 labaris.

674 1324 842 1385 Nunc
901 1326 1181 1405 quoniam
1236 1323 1470 1385 abunde
1533 1323 1605 1383 de
1662 1322 2081 1399 coniugatione
2140 1321 2366 1382 dictum
2424 1328 2544 1390 cst,
2603 1323 2919 1385 dicendum
2976 1334 3085 1391 est,

503 1447 621 1508 quo
668 1427 840 1488 modo
885 1430 948 1487 in
994 1425 1516 1504 coniugationibus
1559 1424 1740 1485 verba
1788 1425 2084 1485 deficiant.
2174 1423 2434 1484 diximus
2478 1431 2675 1487 antem
2720 1429 3164 1505 coniugatio-10

508 1550 642 1592 nem
699 1532 762 1590 in
819 1529 1078 1589 secunda
1142 1524 1412 1610 perlsona
1471 1526 1627 1587 modi
1684 1527 1990 1588 indicativi
2055 1528 2345 1606 temporis
2408 1531 2743 1605 praesentis
2807 1531 3088 1590 inveniri.

509 1651 653 1710 ergo
698 1632 1046 1711 plerumque
1091 1630 1227 1692 talis
1272 1629 1588 1691 verborum
1645 1631 1706 1689 in
1765 1627 2287 1707 coniugationibus
2340 1628 2609 1690 desectus
2663 1637 2783 1701 est,
2842 1639 2908 1692 ut
2962 1634 3090 1711 ipsa

508 1735 768 1796 secunda
812 1753 1096 1814 persona,
1145 1736 1207 1794 in
1253 1752 1368 1812 qua
1412 1733 1640 1811 requiri
1688 1730 1838 1791 solet
1882 1732 2248 1809 coniugatio,
2297 1749 2415 1791 non
2461 1739 2654 1802 extet,
2702 1740 2769 1793 ut
2811 1742 2902 1796 est
2946 1734 3093 1795 cedo

509 1839 644 1898 saxo
691 1835 901 1897 amabo
963 1837 1093 1897 infit
1147 1837 1391 1916 inquam
1448 1837 1541 1894 aio
1595 1852 1837 1914 quaese.
1928 1836 1990 1893 in
2036 1833 2132 1893 his
2177 1829 2336 1894 enim
2381 1833 2660 1895 omnibus
2702 1856 2822 1896 non
2865 1844 2957 1897 est
3000 1856 3091 1897 se-

512 1940 706 2001 cunda
748 1957 1039 2019 persona,
1088 1956 1239 2019 quae
1288 1940 1336 1997 si
1383 1937 1580 2005 deest,
1629 1955 1809 2016 quem
1854 1936 1926 1997 ad
1972 1936 2211 1997 modum
2256 1939 2316 1997 in
2351 1955 2419 1996 ea
2451 1937 2647 1999 littera
2692 1958 2842 2018 quae
2887 1942 3171 2000 nonin-15.

510 2044 810 2119 gationem
863 2040 1077 2121 prodat
1129 2042 1351 2120 poterit
1407 2039 1702 2102 inveniri?
1759 2038 1909 2099 alter
1965 2038 2323 2100 defectionis
2377 2039 2585 2100 modus
2638 2047 2756 2109 est,
2815 2061 2949 2103 cum
3006 2050 3097 2101 est

513 2144 756 2224 quidem
801 2143 1058 2204 secunda
1103 2161 1392 2222 persona,
1441 2141 1544 2202 sed
1590 2143 1653 2201 in
1699 2159 1770 2201 ea
1817 2141 1965 2201 aliae
1998 2141 2232 2201 litterae
2279 2143 2692 2211 inveniuntur,
2740 2164 2918 2223 quam
2961 2145 3095 2205 illae

512 2245 731 2326 quibus
785 2233 1125 2323 coniugatio
1183 2247 1556 2313 continetur,
1617 2250 1680 2303 ut
1734 2251 1826 2305 est
1869 2244 1992 2303 fers
2034 2245 2361 2304 meministi
2408 2247 2644 2306 novisti.
2734 2246 2891 2307 nulia
2937 2250 3096 2307 enim

514 2368 585 2409 ex
631 2349 827 2411 tribus
871 2349 991 2410 illis
1032 2348 1364 2417 vocalibuS,
1421 2366 1571 2427 quae
1618 2347 2068 2423 coniugationes
2111 2347 2459 2415 ostendunt,
2508 2355 2643 2408 ante
2691 2348 2958 2409 ultimam
3001 2349 3095 2410 lit-

518 2459 703 2512 teram
762 2450 1119 2530 syllabamve
1177 2449 1666 2530 deprehenditur.
1755 2450 1973 2509 tertins
2029 2447 2383 2510 desectionis
2438 2449 2648 2510 modus
2693 2459 2810 2520 est,
2858 2470 2993 2512 cum
3038 2458 3175 2511 et20

518 2553 774 2615 secunda
832 2571 1088 2632 persona
1147 2559 1337 2622 extat,
1396 2559 1456 2611 et
1512 2554 1571 2611 in
1629 2571 1695 2612 ea
1757 2551 2058 2612 sollemnis
2101 2551 2298 2611 littera
2344 2554 2779 2631 coniugationis
2833 2562 3097 2633 apparet,

519 2657 622 2718 sed
681 2674 747 2716 ea
809 2663 1007 2715 tamen
1066 2654 1313 2714 alterius
1368 2655 1656 2733 temporis
1711 2661 1831 2722 est,
1888 2672 2065 2733 quam
2121 2656 2274 2714 ratio
2331 2657 2769 2733 coniugationis
2814 2659 3097 2735 exposcit,

520 2766 587 2820 ut
630 2777 761 2820 sum
819 2775 883 2818 es
939 2764 1058 2827 est,
1119 2756 1325 2818 adsum
1388 2756 1528 2817 ades
1583 2755 1778 2826 adest,
1836 2775 2072 2836 possum
2129 2764 2300 2836 potes
2343 2764 2556 2838 potest.
2647 2765 2738 2819 est
2781 2759 3021 2839 quidem
3067 2780 3098 2819 c

521 2863 750 2930 littera,
798 2878 914 2941 qua
976 2860 1234 2921 diximus
1291 2860 1766 2936 coniugationem
1814 2860 2239 2930 demonstrari,
2297 2861 2400 2921 sed
2446 2880 2512 2922 ea
2560 2861 2758 2921 brevis
2802 2869 2920 2931 est,
2968 2881 3101 2922 cnm

522 2968 585 3026 in
641 2963 1005 3025 ostendenda
1062 2963 1478 3040 coniugatione
1533 2961 1706 3040 longa
1775 2980 1905 3022 esse
1964 2960 2196 3023 debeat.
2286 2970 2532 3041 quartus
2596 2963 2805 3024 modus
2869 2982 3101 3044 quoque
3130 2985 3180 3023 25

522 3067 877 3127 defectionis
921 3064 1020 3125 ille
1066 3071 1156 3125 est
1200 3065 1302 3144 qui
1350 3063 1566 3125 bifarie
1613 3064 1929 3133 dividitur,
1977 3065 2135 3144 quod
2181 3064 2468 3144 quaedam
2515 3066 2722 3136 verba,
2782 3067 2923 3126 licet
2964 3084 3102 3126 con-

523 3167 930 3247 iugationibus
974 3170 1267 3237 serviant,
1314 3175 1512 3229 tamen
1558 3167 1648 3228 vel
1693 3166 1811 3228 sibi
1856 3169 1920 3227 in
1977 3166 2372 3227 declinatione
2418 3186 2538 3228 non
2584 3174 2855 3230 constant
2897 3168 2988 3228 vel
3033 3188 3105 3228 ex

525 3272 719 3352 aliqua
774 3277 941 3349 parte
999 3269 1302 3330 deficiunt.
1393 3270 1788 3331 declinatione
1851 3287 1967 3330 non
2023 3276 2323 3338 constant,
2396 3277 2460 3330 ut
2525 3279 2616 3331 est
2670 3271 2829 3332 soleo
2886 3271 3103 3331 audeo:

525 3374 846 3454 praeterito
911 3374 1071 3432 enim
1134 3374 1399 3451 perfecto
1467 3381 1526 3432 et
1591 3371 2173 3452 plusquamperfecto
2236 3373 2680 3433 transferuntur
2737 3376 2799 3433 in
2856 3375 3105 3434 sormam

525 3476 791 3556 passivae
848 3473 1290 3543 declinationis,
1348 3476 1504 3534 sieut
1558 3482 1617 3535 et
1672 3476 1733 3535 in
1793 3474 1908 3535 alio
1963 3474 2092 3534 loco
2136 3473 2426 3544 diximus,
2473 3475 2681 3536 solitus
2725 3495 2854 3537 sum
2900 3476 3184 3537 solitusao

528 3596 720 3647 eram,
779 3595 958 3638 ausus
1015 3595 1144 3637 sum
1206 3595 1385 3638 ausus
1440 3596 1625 3638 eram.
1716 3595 1787 3635 ex
1843 3576 2037 3655 aliqua
2094 3583 2265 3655 parte
2322 3577 2634 3648 deficiunt,
2692 3587 2758 3639 ut
2812 3586 2903 3639 est
2955 3578 3107 3637 serio

528 3680 668 3741 edo:
715 3678 862 3739 haec
906 3681 1066 3740 enim
1110 3698 1228 3740 non
1272 3698 1382 3759 per
1435 3681 1631 3740 omnia
1689 3685 1959 3758 tempora
2022 3680 2382 3756 figurantnr;
2442 3698 2634 3760 neque
2680 3683 2837 3741 enim
2882 3682 3111 3741 faciunt

528 3783 668 3843 serii
715 3789 817 3842 aut
859 3782 1120 3843 ederam.

695 3883 770 3944 Et
823 3886 1103 3964 quoniam
1157 3885 1303 3944 satis
1358 3883 1669 3944 collectum
1726 3890 1819 3943 est
1875 3883 2355 3961 coniugationem
2421 3887 2481 3945 in
2541 3885 2801 3945 secunda
2856 3902 3110 3964 persona

528 3987 834 4050 indicativi
889 3985 1048 4047 modi
1106 3987 1442 4065 praesentis
1496 3987 1784 4065 temporis
1837 3988 2064 4065 requiri
2112 3985 2361 4056 debere,
2410 3986 2558 4048 iliud
2605 3989 2759 4047 scire
2805 3987 3109 4056 debemus,
3138 4012 3188 4051 35

675 4174 693 4223 1
739 4173 1125 4238 coniugationes
1167 4172 1214 4220 L
1355 4180 1410 4219 ut
1444 4187 1507 4221 ex
1544 4173 1708 4220 aetina
1751 4171 2125 4238 significatione
2164 4188 2299 4222 nunc
2337 4173 2451 4222 lano
2489 4188 2604 4222 nam
2642 4181 2689 4223 et
2729 4175 2858 4224 lauis
2897 4173 3017 4223 facit
3051 4174 3116 4224 M

532 4254 586 4292 ut
621 4254 698 4294 est
745 4246 798 4293 iu
839 4245 1004 4292 aetina
1062 4241 1430 4310 significatione
1485 4242 1758 4292 declinatio
1797 4243 1943 4292 Nunc
1998 4243 2111 4292 lano
2164 4259 2279 4292 nam
2319 4252 2367 4292 et
2405 4243 2535 4293 lauis
2572 4243 2622 4293 L
2658 4253 2710 4293 ut
2749 4245 2905 4294 estin
2941 4245 3112 4294 aetina

532 4312 909 4380 significatione
956 4313 1226 4363 declinatio
1266 4312 1377 4362 labo
1428 4311 1570 4362 laban
1609 4327 1724 4362 nam
1763 4325 1811 4362 et
1852 4313 1978 4362 labis
2022 4313 2072 4363 B
2237 4315 2268 4362 2
2307 4329 2437 4376 quae
2473 4314 2637 4378 (corr.
2678 4316 2747 4368 al,
2786 4329 2912 4368 man.
2954 4315 3111 4377 quod)

535 4394 611 4434 est
645 4383 697 4432 B
833 4382 919 4433 hic
953 4384 1253 4433 condicione
1286 4397 1426 4436 cor-r.
1465 4384 1541 4432 —ni
1581 4384 1625 4434 L
1765 4382 1798 4433 3
1837 4382 1989 4445 idque
2028 4399 2056 4432 a
2096 4383 2145 4432 B
2285 4385 2317 4433 4
2355 4383 2499 4433 labor
2538 4385 2657 4433 facit
2703 4384 2889 4434 labaris
2929 4384 2977 4433 B

533 4457 566 4506 5
604 4454 790 4504 laberis
825 4469 953 4517 qnae
993 4455 1151 4512 (corr.
1190 4456 1262 4505 al.
1302 4469 1432 4502 man.
1472 4453 1636 4519 quod)
1673 4462 1749 4503 est
1786 4453 1837 4502 B
1978 4455 2006 4502 7
2059 4468 2174 4503 nam
2215 4453 2312 4503 hoc
2346 4453 2394 4502 B
2535 4453 2601 4505 10
2639 4453 2876 4504 deficiant
2910 4453 3114 4505 sichar-

536 4526 630 4574 dus
666 4524 909 4573 deficiunt
945 4523 1076 4574 BM
1086 4526 1133 4576 L
1309 4524 1534 4574 diximus
1589 4525 2000 4590 coniugationem
2038 4522 2323 4574 Sae'chardus
2367 4525 2590 4574 diximus
2639 4523 2703 4573 de
2753 4525 3113 4591 coniugatione

537 4594 662 4644 ΒΜ
672 4594 720 4644 L
864 4594 928 4644 12
965 4595 1015 4644 in
1056 4595 1416 4661 coniugatione
1447 4594 1567 4645 Ml.
1709 4596 1773 4646 13
1807 4591 2017 4660 requiri]
2062 4594 2235 4657 quaeri
2270 4594 2378 4643 BL
2519 4594 2581 4644 14
2620 4608 2735 4642 ama
2757 4609 2897 4645 corr.
2935 4595 3113 4645 amabo

537 4663 604 4720 B,
639 4679 730 4717 om.
773 4662 838 4711 M
975 4664 1041 4716 16
1077 4665 1247 4731 prodit
1282 4665 1402 4714 ML
1544 4664 1610 4715 19
1645 4665 1918 4714 ostendunt
1945 4674 1993 4713 et
2023 4675 2137 4713 ante
2178 4663 2243 4713 M
2364 4665 2429 4712 22
2469 4679 2527 4713 ea
2564 4679 2656 4713 om.
2701 4664 2767 4713 M
2870 4681 2933 4716 ex
2975 4677 3115 4715 (vacat

541 4734 601 4783 31
741 4733 806 4783 25
841 4746 1049 4796 quartus
1084 4749 1285 4799 quoque
1323 4735 1505 4785 modus
1537 4745 1611 4785 est
1643 4735 1944 4785 desectionis
1973 4733 2061 4783 ille
2100 4735 2186 4797 qui
2221 4734 2273 4783 in
2309 4735 2545 4785 bifariam
2575 4734 2641 4783 M
2742 4731 2810 4784 32
2842 4682 2970 4801 edoff
2998 4735 3113 4784 edio

543 4804 589 4852 L
686 4800 802 4851 facit
831 4802 961 4853 serui
989 4805 1090 4855 BL
1116 4805 1235 4855 facit
1262 4805 1354 4855 t'eri
1383 4803 1448 4852 M
1528 4804 1596 4856 34
1620 4806 1744 4854 satis
1770 4803 1890 4854 inde
1915 4804 2176 4854 collectum
2204 4811 2278 4853 est
2301 4803 2400 4854 BL
2482 4804 2547 4855 35
2573 4800 2785 4869 requiri]
2817 4806 2991 4869 quaeri
3016 4804 3116 4855 BL
