3541 5564
579 346 705 413 436
1716 352 2013 414 PHOCAE

630 470 672 510 p.
699 459 786 499 349.
815 461 865 500 50
893 456 937 499 1..
1175 450 1182 457 ‘
2768 478 2809 517 p.
2839 466 2953 506 1718.
2983 467 3031 506 19
3060 463 3107 505 Ρ.

580 539 750 599 aliter
795 539 1079 601 declinari
1124 546 1389 619 possunt.
1480 540 1584 600 sed
1629 543 1825 601 omnia
1872 549 1988 602 tam
2035 546 2098 602 in
2153 542 2357 604 futuro
2400 544 2732 623 imperativi
2777 546 2936 606 modi
2979 560 3154 625 quam

577 643 877 711 infinitivi,
939 660 1049 702 nec
1105 661 1223 702 non
1280 643 1457 702 etiam
1502 643 1753 720 gerundi
1798 644 1888 704 vel
1932 645 2407 725 participialibus
2452 653 2512 706 et
2554 649 2887 726 participiis
2932 649 3155 708 utrius-

577 762 690 823 que
737 745 1023 823 temporis
1066 743 1366 804 deficiunt.

742 846 1044 906 Desectiva
1087 848 1147 906 in
1195 848 1381 907 modis
1425 854 1563 907 sunt
1601 848 1780 908 haec:
1828 867 2066 928 quaese,
2112 851 2268 929 quod
2314 851 2563 929 primam
2611 869 2926 930 personam
2972 851 3153 912 habet

576 948 894 1009 indicativo
939 949 1112 1009 modo
1158 950 1494 1018 dumtaxat,
1543 949 1683 1010 licet
1727 969 2015 1030 quaesere
2060 952 2276 1012 lectum
2324 954 2400 1013 sit
2443 954 2596 1032 apud
2643 953 2984 1014 Sallustium
3033 948 3043 1034 Ι
3092 959 3205 1014 et5

575 1050 862 1111 Tullium:
925 1058 1086 1121 ovat,
1143 1053 1302 1122 infit;
1362 1052 1507 1112 haec
1565 1070 1799 1132 quoque
1857 1056 2093 1114 tertiam
2140 1072 2453 1134 personam
2501 1054 2720 1116 habent
2773 1056 2990 1126 solam;
3047 1057 3150 1117 sed

573 1160 706 1213 ovat
761 1154 1138 1234 participium
1197 1155 1338 1215 lacit
1403 1156 1733 1233 praesentis
1800 1157 2111 1234 temporis,
2181 1175 2387 1225 ovans,
2448 1175 2580 1217 cum
2639 1158 2700 1217 in
2755 1157 3150 1218 declinatione

575 1255 740 1315 verbi
789 1255 1040 1317 deficiat.
1102 1256 1378 1317 similiter
1422 1257 1606 1318 ausim
1652 1264 1714 1316 et
1758 1257 1946 1317 duint.
2021 1259 2262 1337 inquam
2308 1262 2369 1319 in
2414 1259 2604 1337 prima
2648 1278 2901 1337 persona
2946 1265 3150 1329 contra

574 1376 798 1417 morem
844 1359 1103 1419 omnium
1151 1360 1452 1437 profertur
1497 1365 1559 1418 et
1605 1367 1919 1438 utrumque
1964 1378 2280 1420 numerum
2322 1360 2480 1420 modi
2526 1360 2824 1421 indicativi
2866 1363 3152 1442 temporis

573 1462 906 1537 praesentis
950 1466 1012 1519 et
1054 1461 1384 1539 imperativi
1430 1478 1742 1537 numerum
1790 1461 2151 1539 singularem
2196 1461 2404 1522 habet:
2453 1477 2586 1521 nam
2629 1463 2807 1541 inque
2850 1462 3006 1541 apud
3036 1463 3148 1523 Te·
3177 1488 3229 1527 ιο

573 1563 833 1622 rentium
879 1562 1097 1623 lectum
1142 1570 1252 1624 est.
1318 1565 1409 1623 aio
1440 1582 1725 1642 praesens
1756 1571 1817 1625 et
1846 1565 2231 1642 praeteritum
2262 1565 2656 1643 inperfectum
2687 1563 2867 1625 habet
2897 1571 3148 1625 tantum.

571 1665 707 1724 faxo
764 1665 1029 1724 futurum
1087 1671 1318 1744 tempus
1373 1673 1603 1726 tantum
1660 1666 1781 1736 vel,
1840 1673 1904 1726 ut
1952 1665 2078 1735 alii,
2127 1668 2544 1745 promissivum
2590 1667 2828 1727 modum
2872 1668 3147 1728 ostendit.

571 1766 760 1835 salve,
830 1768 1160 1845 imperativi
1228 1768 1382 1828 modi
1449 1769 1706 1830 secunda
1772 1786 2026 1846 persona
2094 1768 2153 1827 in
2209 1776 2459 1848 utroque
2516 1786 2764 1829 numero
2818 1769 2968 1830 lecta
3038 1776 3147 1839 est,

571 1868 728 1929 salve
773 1869 1011 1938 salvete,
1061 1877 1119 1930 et
1162 1870 1371 1930 infiniti
1416 1872 1575 1931 modi
1618 1878 1855 1950 tempus
1899 1888 2199 1950 praesens,
2246 1870 2492 1931 salvere.
2540 1870 2685 1931 cedo
2731 1878 2791 1930 et
2834 1890 2938 1932 ave
2985 1872 3147 1932 simi-

571 1970 705 2031 liter
751 1972 1085 2051 imperativi
1132 1971 1287 2032 modi
1332 1972 1649 2033 secundam
1695 1990 2008 2052 personam
2055 1970 2278 2031 babent
2321 1974 2553 2031 numeri
2600 1972 2938 2050 singularis.
3001 1974 3146 2034 cedo
3177 1994 3228 2035 15

571 2075 751 2134 etiam
799 2074 1032 2134 numeri
1077 2074 1327 2152 pluralis
1371 2074 1587 2134 lectum
1635 2081 1723 2134 est
1766 2074 1921 2154 apud
1964 2073 2270 2143 Plautum,
2318 2080 2492 2134 cette.

737 2175 804 2235 In
849 2176 1365 2253 coniugationibus
1410 2182 1471 2236 et
1515 2178 1837 2256 praeterito
1873 2176 2153 2236 deficiunt
2196 2175 2372 2236 baec:
2418 2176 2546 2236 sero
2592 2177 2716 2236 sers
2758 2179 3147 2256 praeteritum

568 2277 711 2337 facit
757 2276 895 2346 tuli,
944 2296 1074 2337 sum
1120 2297 1184 2338 es
1229 2279 1347 2348 sui,
1407 2280 1560 2339 serio
1616 2280 1763 2339 seris
1821 2281 2118 2358 percussi,
2167 2277 2307 2338 tollo
2350 2277 2512 2338 tollis
2557 2278 2770 2338 sustuli
2817 2280 2987 2349 facit,
3036 2280 3147 2341 edo

569 2398 634 2437 es
680 2379 806 2438 edi:
854 2379 965 2438 hoc
1011 2381 1224 2441 infiniti
1273 2381 1429 2441 modi
1477 2400 1760 2460 praesens
1808 2389 2042 2461 tempus
2087 2400 2203 2440 non
2249 2381 2307 2439 in
2352 2397 2421 2439 re
2467 2378 2779 2459 syllabam,
2826 2382 2929 2441 sed
2977 2383 3035 2441 in
3081 2400 3146 2441 se

570 2487 774 2541 contra
830 2500 1056 2541 morem
1113 2485 1374 2543 omnium
1435 2485 1646 2553 mittit;
1704 2502 1833 2543 esse
1891 2486 2050 2543 enim
2108 2482 2422 2542 dicendum
2482 2489 2598 2541 est:
2648 2482 2775 2542 volo
2822 2485 2910 2542 vis
2953 2483 3142 2544 volui:
3172 2508 3227 2549 ω

569 2584 678 2643 hoc
723 2601 956 2663 quoque
1013 2584 1276 2643 incertae
1334 2592 1427 2644 est
1484 2586 1918 2661 coniugationis
1975 2592 2035 2644 et
2091 2587 2151 2644 in
2200 2585 2398 2644 futuro
2441 2585 2776 2663 imperativi
2822 2592 2882 2646 et
2923 2587 3145 2647 infiniti

568 2684 727 2744 modi
785 2685 987 2745 deficit
1041 2692 1101 2744 et
1155 2688 1218 2745 in
1273 2686 1529 2763 gerundi
1582 2686 1674 2747 vel
1734 2686 2223 2766 participialibus,
2282 2704 2433 2765 quae
2491 2688 2702 2765 supina
2760 2686 2858 2747 alii
2906 2687 3142 2748 dicunt:

569 2794 726 2847 meto
770 2806 1026 2848 messem
1073 2789 1218 2858 seci;
1268 2809 1402 2849 nam
1449 2789 1621 2849 aliter
1665 2790 1924 2869 proferri
1973 2808 2087 2849 non
2132 2795 2344 2868 potest.
2411 2788 2602 2868 polleo
2648 2791 2820 2858 sisto,
2868 2790 3146 2850 similiter

568 2897 628 2949 et
670 2889 855 2967 glisco
908 2890 1064 2949 surio
1110 2899 1170 2951 et
1214 2893 1414 2970 quatio
1482 2892 1706 2953 nullum
1763 2890 1987 2952 habent
2040 2892 2447 2969 praeteritum.
2547 2893 2893 2952 memineris
2948 2899 3145 2953 tamen

567 2991 936 3051 inchoativae
981 2993 1206 3053 formae
1252 2992 1431 3053 verba
1478 2996 1540 3054 in
1583 2994 1907 3074 praeterito
1952 2994 2218 3072 perfecto
2264 2992 2539 3053 deficere.
3169 3018 3223 3059 25

740 3087 766 3172 Η
807 3092 1149 3174 Participiis
1206 3101 1411 3154 carent
1464 3093 1647 3156 verba
1703 3094 1816 3155 alia
1872 3095 2203 3174 praesentis
2256 3097 2570 3173 temporis,
2618 3095 2727 3155 alia
2774 3096 2990 3165 futuri,
3036 3097 3147 3156 alia

568 3196 899 3274 utriusque.
988 3196 1046 3256 in
1103 3199 1402 3275 praesenti
1458 3200 1660 3276 itaque
1716 3197 1918 3257 deficit
1972 3217 2102 3258 sum
2148 3204 2204 3256 et
2250 3215 2398 3276 quae
2444 3214 2517 3258 ex
2562 3215 2631 3256 eo
2677 3196 2927 3258 adiectis
2970 3217 3142 3277 prae·
3238 3281 3239 3284 Ἴ

565 3297 964 3377 positionibus
993 3306 1427 3377 componuntur
1470 3306 1712 3379 praeter
1758 3299 1903 3368 duo,
1952 3298 2168 3359 absens
2214 3306 2273 3359 et
2315 3317 2620 3379 praesenS,
2667 3317 2818 3379 quae
2865 3317 2898 3359 a
2943 3299 3144 3360 verbis

737 3518 800 3570 13
836 3520 976 3569 salve
1015 3519 1169 3570 char.
1209 3520 1330 3583 254,
1368 3521 1433 3571 18
1606 3522 1669 3572 17
1714 3523 1764 3570 in
1813 3519 2256 3584 coniugationibus
2292 3519 2442 3573 Char.
2482 3519 2600 3584 249,
2636 3520 2687 3573 8.
2726 3521 2846 3580 251,
2885 3521 2936 3570 7.
3033 3523 3134 3572 ὀνκ.

563 3588 685 3650 38Ο,
719 3587 754 3638 8
933 3588 1002 3638 20
1038 3590 1148 3639 volo
1189 3589 1339 3641 Char.
1374 3589 1491 3654 259,
1524 3590 1592 3642 28
1765 3590 1835 3641 26
1876 3589 2160 3656 participiis
2207 3600 2379 3640 carent
2415 3591 2574 3640 Diom.
2612 3590 2743 3653 381,
2787 3591 2811 3641 l
3026 3594 3056 3643 7
3088 3592 3141 3640 in

564 3659 817 3724 praesenti
855 3658 1006 3709 char.
1046 3658 1164 3724 260,
1205 3661 1271 3710 24

617 3877 622 3882 ’
703 3865 728 3915 1
769 3865 905 3914 modi
935 3882 1028 3917 om.
1069 3867 1118 3915 P
1215 3866 1246 3915 4
1283 3881 1471 3930 quaeso
1505 3866 1562 3929 εἷς
1600 3866 1736 3928 quod
1769 3866 1984 3932 primam
2024 3879 2291 3930 personam
2327 3865 2481 3914 habet
2512 3866 2559 3913 in
2594 3864 2839 3930 singulari
2876 3873 2925 3914 et
2956 3865 3140 3929 plurali

564 3935 825 3984 indicatiui
857 3936 995 3984 modi
1026 3936 1288 3984 dumtaxat
1318 3952 1357 4002 9
1449 3938 1482 3986 5
1520 3936 1846 3985 indicatiuum
1886 3935 2089 3986 modum
2129 3935 2177 3983 P
2279 3949 2466 3998 quaese
2500 3933 2722 3985 relictum
2762 3936 2829 3984 sit
2854 3935 2904 3984 F
3002 3936 3141 4000 apud

563 4002 883 4071 Sallustium]
913 4005 982 4068 cf.
1020 4004 1233 4070 Eutych.
1264 4020 1313 4067 p.
1342 4005 1478 4057 2184
1584 4017 1633 4054 et
1659 4006 1878 4055 Tullium
1912 4022 2002 4057 om.
2026 4020 2077 4070 9.
2107 4006 2360 4056 Ciceronis
2387 4009 2659 4068 exemplum
2693 4007 2765 4055 ad
2796 4005 2950 4054 Arae.
2985 4021 3029 4053 v.
3075 4005 3140 4055 18

503 4109 512 4126 1
560 4076 733 4125 retulit
756 4076 1123 4126 Lindemannus
1142 4084 1349 4126 auctore
1371 4076 1673 4126 Forcellinz‘o
1694 4094 1738 4127 v.
1777 4091 1963 4139 quaeso
2069 4074 2102 4125 6
2126 4086 2273 4126 oueat
2296 4075 2402 4124 infit
2427 4075 2477 4123 P
2576 4075 2625 4125 8·
2645 4075 2875 4124 similiter
2899 4075 3059 4123 ausim
3091 4082 3141 4123 et

560 4146 703 4195 duint
742 4146 945 4209 inquam
984 4147 1091 4195 PF
1121 4146 1352 4195 similiter
1386 4147 1551 4195 ausim
1593 4147 1797 4209 inquam
1834 4148 1907 4212 sy
1951 4145 2180 4195 similiter
2223 4147 2387 4195 ausim
2425 4155 2474 4194 et
2516 4144 2754 4211 perdiunt
2795 4158 2886 4209 pro
2925 4140 3140 4209 perdunt

561 4215 734 4265 dicum
771 4226 820 4264 et
852 4217 1055 4277 inquam
1095 4231 1129 4273 ς
1165 4215 1399 4265 similiter
1434 4218 1596 4266 ausim
1635 4227 1685 4266 et
1719 4216 1949 4281 per-duim
1986 4216 2190 4279 inquam
2228 4215 2493 4265 Putsclu'us
2598 4217 2649 4263 in
2684 4231 2775 4268 om.
2811 4214 2860 4262 F
2959 4212 2993 4262 9
3022 4229 3139 4279 pro·

560 4284 792 4336 feruntur
828 4295 1093 4349 utrumque
1128 4286 1179 4334 F
1239 4317 1245 4323 ·
1344 4285 1409 4336 10
1445 4286 1579 4350 apud
1616 4284 1927 4350 Terentium]
1979 4284 2183 4338 Phorm,
2226 4286 2269 4332 V
2306 4286 2356 4347 8,
2397 4285 2478 4343 26,
2516 4299 2611 4348 quo
2648 4286 2878 4346 exemplo
2913 4300 3033 4333 usus
3064 4290 3142 4334 ese

562 4356 859 4405 Priscianus
891 4358 926 4404 1.
965 4356 1005 4405 X
1046 4374 1100 4421 p.
1139 4355 1259 4416 496,
1295 4358 1346 4414 4,
1384 4356 1622 4407 Heauton
1654 4358 1753 4409 tim.
1799 4356 1881 4405 llll
1917 4357 1976 4419 7,
2021 4356 2045 4405 1
2194 4355 2253 4405 11
2293 4355 2580 4405 habet-om.
2618 4355 2667 4402 F
2803 4354 2866 4404 13
2896 4352 3033 4402 salve
3071 4376 3139 4386 --

559 4426 690 4475 lecta
726 4434 803 4474 est
835 4440 929 4474 om.
973 4426 1022 4474 F
1159 4427 1363 4475 ‘lectum
1404 4437 1482 4475 est
1516 4426 1658 4476 salue
1693 4425 1888 4475 saluete
1922 4441 1954 4490 9
1994 4426 2118 4474 lecta
2156 4434 2233 4475 est
2269 4424 2461 4473 saluete
2497 4424 2547 4471 P
2722 4424 2785 4473 14
2823 4424 3053 4472 similiter
3091 4430 3139 4472 et

559 4496 846 4561 imperatiui
881 4496 1016 4545 modi
1054 4497 1103 4545 P
1137 4496 1369 4546 similiter
1404 4506 1452 4545 et
1488 4496 1816 4561 imperatiuus
1855 4498 1902 4545 F
2014 4496 2076 4546 15
2115 4497 2338 4544 numeris
2370 4494 2645 4559 singularis
2678 4493 2725 4540 P
2844 4493 2908 4545 16
2948 4504 3136 4542 rectum

560 4576 636 4615 est
670 4566 720 4614 P
859 4563 1008 4632 cette]
1054 4575 1158 4616 cete
1202 4567 1246 4615 P
1269 4575 1395 4616 cetet
1421 4566 1469 4614 F
1499 4568 1660 4616 cedite
1688 4582 1722 4630 9
1759 4566 1925 4616 cedite
1962 4564 2083 4615 mihi
2117 4580 2208 4631 pro
2246 4565 2401 4614 dicite
2439 4579 2504 4618 ς.·
2538 4563 2607 4626 cf.
2650 4562 2851 4613 Cledon.
2872 4579 2927 4626 p.
2962 4564 3046 4616 59.
3069 4565 3138 4612 22
3214 4613 3221 4618 ,

698 4634 763 4685 18
793 4636 920 4686 ferio
954 4635 1079 4685 feris
1121 4638 1347 4700 percutio
1383 4638 1612 4700 percussi
1649 4637 1699 4684 P
1878 4636 1972 4685 edo
2011 4636 2094 4684 edi
2142 4635 2253 4684 sedi
2300 4634 2395 4683 hoc
2429 4633 2480 4681 F
2644 4633 2712 4682 23
2752 4647 2969 4684 messem
3012 4629 3135 4697 feci]

559 4706 751 4755 messui
788 4720 821 4762 ς
858 4707 1047 4755 messui
1085 4705 1204 4755 facit
1236 4721 1271 4769 9
1415 4706 1576 4769 pelleo
1608 4708 1724 4755 sitio
1755 4706 1993 4754 similiter
2019 4714 2067 4754 et
2094 4704 2256 4770 glisco
2296 4704 2321 4753 f
2379 4704 2389 4716 '
2446 4711 2494 4751 et
2520 4701 2691 4764 quatio
2740 4703 2786 4750 P
2815 4702 2979 4768 polleo
3018 4703 3138 4753 sitio

558 4775 711 4839 (sisto
734 4774 792 4839 f)
842 4776 1074 4825 similiter
1116 4785 1165 4825 et
1202 4776 1363 4841 glisco
1402 4774 1555 4825 fuerit
1590 4785 1639 4824 et
1673 4777 1844 4837 quatio
1881 4777 1931 4825 F
1964 4776 2126 4841 pelleo
2171 4775 2297 4824 sisto
2335 4789 2358 4822 s
2380 4772 2564 4822 militer
2596 4782 2645 4821 et
2683 4772 2844 4837 glisco
2875 4782 2925 4822 'et
2965 4774 3136 4836 quatio

560 4859 593 4900 ς
627 4844 790 4909 pelleo
825 4844 958 4895 furio
989 4845 1230 4908 similiter¹
1256 4855 1305 4894 et
1343 4844 1505 4911 glisco
1544 4853 1594 4893 et
1631 4846 1797 4911 gratio
1829 4861 1864 4909 9
2005 4845 2070 4894 25
2107 4843 2275 4893 delicit
2315 4844 2363 4892 F
