3541 5564
649 347 766 410 196
1721 347 2028 411 ΡΟΜΡΕΙΙ

691 471 734 510 p.
761 459 940 499 226-28
969 456 1011 496 L.
1315 417 1340 443 ο
1545 460 1549 465 ’
1936 454 1946 466 “

638 547 739 598 aut
793 537 889 598 hic
950 555 1153 597 manes
1209 543 1308 598 aut
1362 536 1459 597 hic
1515 538 1709 598 mania
1762 545 1865 597 aut
1919 537 2124 597 nescio
2179 535 2318 616 quid
2378 534 2512 596 tale.
2601 552 2781 612 quem
2848 534 2923 597 ad
2979 534 3219 597 modum

636 639 924 700 hahemus
967 639 1164 700 facere
1209 640 1545 717 genetivum
1592 636 1916 717 pluralem?
1961 638 2172 699 horum
2204 639 2533 698 maniorum
2567 655 2641 697 an
2674 636 2887 698 horum
2920 638 3221 698 manium?

633 742 726 803 vel
771 761 943 821 quem
991 742 1063 802 ad
1109 740 1349 803 modum
1395 741 1653 802 dativum
1700 750 1758 802 et
1802 739 2123 801 ablativum
2165 739 2493 819 pluralem?
2536 739 2632 801 his
2677 748 2737 801 et
2778 739 2853 800 ab
2899 739 2994 801 his
3037 741 3221 801 mani·

638 843 745 903 llus
791 863 863 904 au
913 845 1137 905 manis?
1194 862 1312 904 non
1360 844 1595 904 invenio
1643 842 1939 921 regulam,
1997 841 2099 902 sed
2146 842 2329 903 redeo
2375 840 2447 901 ad
2494 843 2784 902 rationem
2830 841 3062 902 Donati.
3151 839 3220 900 da

633 964 847 1006 nomen
918 949 1092 1007 ctiam
1160 965 1409 1006 numero
1478 944 1794 1023 singulari,
1863 943 2018 1022 quod
2091 945 2446 1005 nominativo
2515 942 2730 1023 plurali
2795 946 2856 1004 in
2915 962 2980 1004 es
3035 949 3269 1004 exeatf»

631 1046 816 1124 agiles
877 1046 1168 1128 [manes];
1228 1066 1366 1109 ecce
1421 1047 1533 1108 hoc
1590 1066 1806 1108 nomen
1863 1048 1922 1106 in
1970 1065 2034 1107 es
2080 1047 2228 1117 exit,
2287 1055 2345 1107 et
2390 1044 2532 1106 illud
2590 1063 2807 1106 nomen
2865 1047 2925 1106 in
2973 1064 3039 1105 es
3085 1046 3220 1105 exit.

630 1150 723 1210 sae
768 1152 1104 1227 genetivum
1151 1148 1468 1229 pluralem,
1517 1148 1730 1210 horum
1779 1148 2047 1226 agilium;
2095 1150 2180 1208 sic
2225 1146 2407 1210 habes
2435 1149 2635 1208 facere
2666 1148 2880 1209 horum
2926 1149 3218 1208 manium:

630 1251 722 1311 his
779 1259 837 1310 et
891 1251 965 1311 ab
1023 1252 1114 1312 his
1171 1250 1452 1329 agilibus;
1521 1253 1607 1312 sic
1666 1250 1848 1311 habes
1902 1252 2099 1312 facere
2156 1250 2247 1310 his
2303 1257 2361 1310 et
2404 1249 2480 1311 ab
2525 1250 2616 1310 his
2662 1250 2953 1311 manibuS.
3044 1248 3222 1310 habes

631 1353 868 1429 quidem
917 1352 1021 1412 has
1066 1352 1302 1431 regulas
1348 1352 1666 1422 tenendas,
1699 1352 2028 1413 secundum
2065 1370 2315 1432 quarum
2347 1354 2606 1430 rigorem
2638 1354 2871 1432 possint
2901 1349 3219 1418 declinari;

628 1462 825 1515 tamen
882 1457 1034 1516 scire
1091 1454 1273 1515 debes
1329 1444 1585 1516 maiores
1640 1463 1874 1515 nostros
1932 1456 2040 1514 ista
2098 1456 2336 1515 nomina
2390 1456 2626 1516 numeri
2667 1453 2911 1534 pluralis
2955 1472 3067 1533 pro
3113 1472 3215 1514 sua
3244 1469 3292 1507 1⁰

630 1555 862 1617 licentia
910 1556 1244 1636 protulisse.
1335 1556 1548 1617 licebat
1604 1556 1749 1624 illis,
1813 1565 1871 1616 et
1926 1555 2201 1617 dicebant
2249 1556 2457 1618 borum
2520 1558 2851 1617 maniorum
2900 1555 3215 1617 ethorum

628 1660 908 1718 manium.
1001 1677 1112 1738 qua
1159 1660 1424 1719 ratione?
1471 1659 1746 1738 quoniam
1795 1676 1912 1719 non
1959 1667 2192 1738 poterat
2238 1661 2322 1719 eis
2361 1658 2607 1719 obicere
2649 1660 2991 1738 inperitiam
3038 1674 3215 1734 regu·

627 1758 718 1820 lae
762 1759 1013 1822 sublatio
1059 1762 1290 1822 numeri
1335 1757 1685 1843 sinlgulariS.
1777 1760 1933 1822 unde
1990 1760 2104 1821 hoc
2147 1760 2498 1840 probamuS‚
2558 1762 2643 1822 sic
2688 1760 3023 1821 declinasse
3068 1761 3211 1820 anti-

628 1865 816 1940 quos?
862 1862 1047 1924 habes
1093 1865 1152 1923 iu
1199 1864 1443 1923 Horatio

929 1964 1377 2028 anciliorum
1424 1973 1494 2024 et
1538 1965 1861 2025 nominis
1906 1972 1976 2025 et
2019 1972 2237 2043 togae
3243 1978 3294 2018 1⁵

929 2067 1237 2128 oblitus:

626 2170 974 2230 anciliorum
1020 2171 1178 2231 facit.
1270 2158 1477 2229 tamen*
1515 2188 1630 2229 non
1678 2177 1854 2247 potes
1895 2171 1948 2230 ei
1994 2169 2421 2230 contradicere.
2512 2170 2730 2248 quare?
2796 2167 3007 2229 ancilia
3054 2168 3210 2227 enim

627 2274 856 2332 numeri
903 2280 1042 2332 sunt
1087 2280 1313 2333 tantum
1358 2270 1600 2352 pluralis
1645 2269 1972 2332 secundum
2018 2273 2340 2345 rationem,
2389 2287 2743 2351 quamquam
2789 2269 3112 2347 legerimus
3154 2270 3212 2329 in

628 2373 884 2450 Vergilio
930 2374 1330 2454 ‘laevaque
1375 2371 1620 2435 ancile
1665 2372 2038 2451 gerebat’.
2097 2375 2238 2433 item
2274 2371 2670 2434 vulcanalium
2704 2372 2984 2441 dicimus;
3021 2380 3214 2433 tamen

624 2475 936 2536 Sallustius
1002 2476 1150 2537 dixit
1219 2475 1635 2553 ‘religione
1694 2470 2300 2536 vulcanaliorum
2374 2475 2832 2556 impeditus’.
2922 2471 3029 2534 sed
3103 2472 3293 2533 hocao

623 2579 943 2657 usurpavit.
1036 2597 1171 2638 nam
1220 2577 1427 2638 debuit
1471 2576 1670 2638 dicere
1716 2575 2143 2637 vulcanalium.
2205 2577 2363 2638 unde
2407 2579 2522 2638 hoc
2567 2576 2923 2657 probamus?
2968 2574 3099 2636 redi
3143 2575 3211 2637 ad

620 2678 781 2739 illam
838 2678 1315 2750 similitudinem,
1380 2679 1454 2739 da
1509 2698 1727 2739 nomen
1785 2687 2064 2740 neutrum
2123 2679 2454 2757 singulare,
2501 2680 2658 2759 quod
2706 2681 2767 2740 in
2823 2680 2880 2738 ia
2939 2687 3111 2738 exeat
3154 2679 3213 2737 in

621 2784 982 2844 nominativo
1022 2779 1258 2863 plurali.
1328 2781 1501 2860 agilia
1549 2780 1664 2842 tale
1711 2791 1800 2844 est
1855 2800 1923 2843 ac
1966 2782 2016 2842 si
2062 2779 2223 2841 dicas
2268 2781 2498 2851 ancilia,
2549 2781 2663 2843 tale
2711 2789 2799 2842 est
2842 2800 2910 2842 ac
2956 2782 3008 2842 si
3053 2780 3212 2841 dicas

622 2883 990 2956 vulcanalia,
1048 2887 1107 2945 in
1165 2886 1219 2946 ia
1276 2886 1412 2945 exit.
1455 2887 1456 2890 ’
1501 2903 1643 2962 ergo
1705 2900 1884 2961 quem
1937 2882 2009 2943 ad
2071 2883 2307 2944 modum
2366 2884 2506 2944 facit
2561 2883 2832 2961 agilium,
2891 2885 2979 2944 sic
3038 2882 3215 2944 debet

622 2988 819 3048 facere
869 2986 1271 3052 vulcanalium
1328 2994 1387 3046 et
1442 2985 1740 3047 ancilium.
1832 3004 1973 3063 ergo
2032 3004 2102 3045 ex
2161 2985 2546 3048 similitudine
2600 2985 2854 3063 colligis,
2916 3003 3094 3063 quem
3141 2984 3210 3046 ad
3238 3002 3323 3053 ει]

623 3091 860 3150 modum
918 3097 977 3150 et
1035 3087 1041 3169 Ι
1103 3087 1201 3149 illa
1259 3090 1496 3149 nomina
1553 3088 1789 3148 numeri
1847 3094 2073 3149 tantum
2129 3088 2376 3168 pluralis
2429 3089 2672 3157 saciant,
2732 3097 2795 3147 ut
2839 3089 2923 3148 sic
2969 3089 3210 3156 saciant,

624 3206 796 3266 quem
845 3191 917 3250 ad
962 3190 1203 3251 modum
1249 3190 1348 3251 illa
1394 3208 1543 3270 quae
1589 3197 1728 3250 suut
1774 3191 2005 3250 numeri
2051 3190 2384 3268 singularis.
2446 3188 2550 3251 sed
2595 3189 2692 3250 illa
2739 3197 3020 3269 usurpata
3053 3197 3208 3258 sunt.

622 3299 688 3352 ut
732 3291 998 3353 dicerent
1054 3292 1401 3353 anciliorum
1460 3300 1517 3352 et
1563 3290 2070 3360 vulcanaliorum:
2130 3300 2189 3353 et
2246 3299 2680 3371 usurpaverunt
2724 3293 2981 3352 maiores
3026 3293 3213 3352 nostri

623 3412 821 3472 causax
840 3394 1135 3455 licentiae.
1227 3394 1374 3455 haec
1428 3404 1623 3455 autem
1680 3393 1919 3455 licentia
1979 3401 2113 3455 nata
2162 3402 2281 3464 est,
2341 3395 2475 3473 quia
2522 3412 2641 3454 non
2686 3402 2963 3473 poteraut
3007 3393 3211 3473 regula

621 3498 934 3557 contineri.
3239 3514 3299 3553 so

792 3597 951 3668 Quae
995 3607 1128 3660 sunt
1176 3609 1376 3660 autem
1421 3601 1696 3668 nomina,
1746 3617 1896 3676 quae
1941 3618 2063 3660 non
2108 3600 2411 3678 pertinent
2455 3598 2525 3659 ad
2570 3597 2842 3676 regulas?
2888 3599 2999 3659 ista
3045 3606 3216 3658 sunt:

623 3703 855 3761 numeri
910 3710 1132 3762 tantum
1188 3700 1434 3781 pluralis
1491 3720 1608 3762 non
1655 3703 1961 3781 pertinent
2003 3701 2077 3761 ad
2124 3703 2269 3762 istas
2311 3698 2545 3779 regulas
2591 3699 2827 3760 ablativi
2873 3700 3212 3778 singularis,

623 3805 854 3863 etrite.
947 3822 1082 3864 nam
1139 3807 1189 3866 si
1248 3804 1491 3883 regulae
1548 3803 1786 3864 ablativi
1844 3811 1981 3865 sunt
2036 3802 2382 3881 singularis,
2429 3799 2526 3862 illa
2571 3804 2812 3863 nomina
2857 3811 3057 3864 autem
3101 3821 3216 3864 nu·

619 3907 771 3966 meri
827 3914 968 3966 sunt
1025 3913 1250 3966 tantum
1312 3905 1588 3986 pluraliS,
1645 3923 1762 3966 non
1824 3905 2044 3967 habent
2109 3906 2402 3967 rationem
2459 3904 2697 3964 numeri
2749 3904 3095 3983 singulariS,
3149 3913 3216 3966 ut

622 4009 784 4067 exire
841 4006 1100 4068 debeant
1151 4009 1213 4067 in
1270 4025 1520 4068 numero
1575 4005 1806 4087 plurali.
1896 4009 2038 4068 item
2083 4025 2204 4067 non
2247 4008 2552 4086 pertinent
2595 4006 2667 4066 ad
2713 4006 2818 4068 has
2860 4006 3099 4086 regulas
3143 4026 3212 4067 ea
3238 4032 3297 4072 :35

621 4110 862 4169 nomina
920 4125 1071 4185 quae
1128 4127 1248 4169 non
1295 4108 1694 4178 declinantur,
1744 4115 1810 4168 ut
1851 4109 1939 4170 sas
1983 4108 2151 4169 nefas
2195 4126 2471 4186 nequam.
2532 4126 2716 4187 quare
2749 4125 2869 4169 non
2910 4109 3212 4187 pertinent

758 4285 789 4329 2
829 4279 1008 4330 horum
1045 4295 1313 4330 manorum
1339 4279 1627 4330 authorum
1663 4279 1887 4329 manium
1912 4278 2017 4329 BC
2115 4279 2148 4329 9
2184 4282 2385 4347 possint
2415 4280 2559 4330 Bca
2586 4279 2752 4344 possit
2776 4279 2825 4328 A
2936 4279 2997 4331 11
3029 4279 3207 4328 horum

621 4365 920 4400 manuorum
959 4359 1007 4399 et
1042 4348 1222 4399 horum
1265 4352 1484 4400 manium
1513 4351 1619 4401 Bc*
1651 4350 1831 4399 horum
1872 4364 2172 4400 manuorum
2211 4357 2259 4399 et
2299 4350 2474 4399 horum
2513 4363 2716 4398 manum
2749 4351 2911 4416 (corr.
2941 4364 3089 4398 -uum
3117 4347 3208 4406 ιθ)

618 4423 668 4471 Α
812 4422 878 4471 14
915 4421 961 4468 in
1001 4417 1227 4487 Horatio]
1270 4435 1423 4470 carm.
1459 4422 1526 4470 111
1558 4422 1610 4482 5,
1651 4420 1714 4470 10
1857 4420 1920 4471 17
1952 4429 2119 4485 potest
2159 4420 2332 4470 ABG
2469 4419 2536 4471 19
2574 4421 2623 4470 in
2657 4416 2908 4485 Vergilio]
2942 4419 3075 4469 Aen.
3111 4419 3207 4467 vn

623 4492 721 4542 1⁸8
863 4489 1209 4556 uulganalium
1255 4500 1306 4541 ee
1339 4494 1414 4541 sic
1456 4498 1745 4541 constanter
1781 4507 1817 4556 g
1857 4504 1972 4552 pro»
1999 4507 2027 4539 c
2068 4494 2240 4554 posita
2278 4491 2320 4540 C
2456 4490 2525 4541 20
2557 4486 2851 4555 Sallustius]
2904 4491 2974 4553 cf.
3009 4505 3064 4553 p.
3104 4488 3206 4541 163

616 4562 696 4610 ed.
733 4562 887 4614 Lina.
1033 4561 1279 4627 religione
1306 4578 1340 4612 a
1370 4562 1670 4628 religionem
1700 4560 1866 4611 ABG
2003 4561 2278 4627 impeditus
2306 4561 2399 4610 Ba
2433 4596 2447 4610 .
2474 4600 2487 4614 .
2521 4603 2532 4614 .
2567 4559 2771 4626 peditus
2801 4564 2848 4607 Α
2882 4560 3139 4625 inpeditus
3170 4556 3213 4606 C

755 4632 824 4681 22
852 4630 988 4695 quod
1024 4632 1075 4680 in
1113 4632 1162 4679 ia
1199 4640 1345 4682 exeat
1378 4630 1494 4681 Ca*
1532 4632 1669 4696 quod
1705 4632 1757 4680 in
1796 4632 1845 4680 ia
1882 4638 1963 4680 eat
2003 4630 2095 4680 Ba
2134 4630 2269 4694 qnod
2308 4639 2388 4679 eat
2424 4628 2474 4678 A
2616 4630 2682 4681 27
2720 4644 2870 4694 quem
2908 4630 2971 4678 ad
3000 4629 3206 4683 modum

619 4708 667 4747 et
703 4700 791 4748 illa
829 4702 934 4751 BC
1071 4700 1135 4752 31
1183 4703 1246 4751 ad
1280 4702 1485 4768 regulas
1522 4704 1618 4750 ista
1662 4710 1784 4751 sunt
1822 4703 1922 4749 iata
1957 4710 2076 4750 sunt
2113 4701 2307 4750 numeri
2343 4701 2385 4750 G
2425 4700 2490 4750 ad
2529 4701 2734 4766 regulas
2770 4698 2897 4749 ista?
2927 4699 3055 4763 (ista
3088 4705 3206 4750 suut

617 4773 738 4823 add.
772 4771 827 4834 b)
867 4771 1062 4820 numeri
1097 4770 1149 4819 B
1185 4773 1247 4822 ad
1279 4773 1480 4838 regulas
1523 4814 1710 4825 .....
1753 4779 1872 4821 sunt
1900 4771 1989 4834 (ad
2022 4769 2225 4836 regulas
2262 4770 2386 4820 istas
2430 4768 2491 4833 a)
2527 4771 2622 4820 ista
2647 4779 2765 4820 sunt
2801 4770 2996 4818 numeri
3036 4770 3085 4818 Α

618 4841 684 4887 35
720 4838 856 4906 item]
900 4843 966 4889 na
1005 4840 1172 4891 ABG
