3541 5564
585 343 711 406 298
1723 352 2027 414 POMPEll

637 468 680 509 p.
709 457 880 495 449-51
913 456 953 496 L.

588 540 746 599 enim
802 526 1202 618 diphthongus
1258 550 1347 601 est
1399 543 1473 601 ai.
1563 542 1648 601 sic
1703 541 2006 611 dicebant,
2079 540 2247 602 aulai.
2339 560 2481 620 ergo
2535 542 2728 603 scribe
2795 562 3036 621 graece,
3109 553 3167 605 et

587 641 748 701 vides
792 642 1069 720 quoniam
1098 646 1320 723 poteris
1349 643 1617 705 invenire
1650 643 1810 704 illam
1841 644 2161 706 diaeresin:
2209 645 2390 716 aulai,
2437 644 2597 706 solve
2639 666 2671 705 a
2719 654 2777 705 et
2820 647 2870 714 i,
2920 655 2979 705 et
3021 646 3166 706 l'acis

586 744 881 806 diaeresin
927 753 987 805 et
1030 746 1258 808 invenis
1301 747 1485 815 aulai;
1531 746 1857 809 secundum
1902 749 2090 827 ipsam
2137 747 2630 808 consuetudinem
2676 746 2996 808 solverunt.
3080 749 3166 808 sic

587 854 644 907 et
686 847 890 908 Musai.
979 866 1122 927 ergo
1168 850 1278 909 ista
1324 856 1411 909 est
1454 849 1768 918 diaeresis,
1817 851 2093 929 quotiens
2135 868 2254 910 una
2300 848 2523 928 syllaba
2568 851 2628 910 in
2676 850 2821 910 duas
2866 849 3160 909 dividitur.

582 952 913 1029 synaeresis
958 958 1076 1021 est,
1125 953 1398 1028 quotiens
1430 952 1581 1013 duae
1622 951 1878 1030 syllabae
1923 935 1984 1013 in
2031 971 2207 1013 unam
2254 952 2711 1021 contrahuntur,
2760 959 2824 1012 ut
2868 960 2955 1011 est
2997 951 3160 1022 illud,
3190 975 3215 1013 ε

586 1053 886 1114 ‘fixerit
943 1054 1364 1132 aeripedem
1424 1057 1746 1116 cervain'
1803 1074 1912 1135 pro
1971 1074 2041 1115 eo
2099 1054 2256 1135 quod
2303 1061 2391 1115 εει
2434 1055 2792 1134 aeripedem.
2855 1053 3004 1115 duae
3049 1053 3162 1132 syl-

584 1154 750 1216 labae
795 1157 856 1216 in
912 1174 1090 1217 unam
1150 1163 1486 1260 contractae
1531 1166 1697 1226 sunt,
1759 1164 1824 1218 ut
1866 1165 1971 1218 est,
2010 1157 2336 1218 Phaeton
2381 1156 2554 1217 Neri
2596 1176 2707 1237 pro
2753 1176 2823 1217 eo
2870 1156 3028 1236 quod
3075 1166 3165 1217 est

584 1256 843 1319 Phaeton
891 1257 1085 1319 Nerei.

751 1360 904 1421 Sunt
957 1362 1097 1421 item
1145 1359 1240 1421 alii
1287 1361 1403 1422 duo
1449 1361 1816 1443 metaplasmi
1860 1365 2019 1423 inter
2063 1382 2128 1423 se
2173 1363 2481 1431 contrarii,
2545 1360 2846 1441 ecthlipsis
2891 1369 2951 1421 et
2993 1380 3162 1441 syna-

583 1462 758 1541 liphe.
849 1452 1158 1542 magnifice
1216 1462 1447 1525 locutus
1503 1472 1620 1535 εει,
1680 1485 1799 1526 non
1856 1466 2089 1534 stricte,
2162 1483 2282 1525 non
2336 1465 2501 1544 quasi
2554 1465 2998 1542 grammaticuS‚
3059 1464 3163 1525 sed
3194 1482 3243 1520 ιο

582 1565 771 1627 soluta
818 1568 1086 1628 oratione
1131 1574 1191 1627 ει
1233 1567 1499 1629 affluenti
1557 1567 1739 1630 voluit
1796 1570 2132 1647 exprimere
2187 1587 2315 1628 rem
2362 1565 2770 1627 difficiliorem.
2861 1565 3164 1646 ecthlipsis

583 1675 673 1730 est
717 1683 754 1719 κ·
807 1670 1082 1749 quotiens
1127 1669 1342 1731 vocalis
1388 1670 1645 1731 vocalem
1704 1668 1983 1731 excludit.
2074 1677 2136 1730 ut
2189 1677 2333 1749 puta
2388 1670 2439 1729 si
2494 1667 2709 1729 vocalis
2756 1668 3018 1730 vocalem
3064 1688 3161 1730 ex-

581 1770 808 1842 cludat,
854 1770 1159 1852 synaliphe
1193 1779 1323 1841 est,
1370 1782 1434 1834 ut
1515 1846 1525 1861 „

882 1872 1014 1934 ille
1061 1893 1224 1953 ego,
1274 1877 1394 1955 qui
1440 1838 1806 1956 quondam
1850 1875 2119 1952 gracili
2166 1873 2589 1936 modulatus
2632 1892 2877 1936 avena.

582 1972 592 2056 Ι
639 1974 737 2037 ille
785 1993 923 2055 ego,
981 1997 1013 2037 e
1061 1982 1120 2037 et
1163 1996 1195 2038 ε
1241 1977 1389 2038 duae
1437 1980 1580 2040 istae
1629 1976 1857 2039 vocales
1899 1985 2064 2046 sunt,
2128 1976 2311 2037 altera
2359 1984 2555 2057 tamen
2600 1975 2845 2037 alteram
2894 1975 3159 2047 exclusit,
3192 1994 3237 2030 15

581 2086 638 2139 et
683 2097 801 2139 non
847 2078 988 2139 lecit
1030 2078 1130 2140 ille
1177 2098 1315 2158 ego,
1371 2080 1474 2142 sed
1521 2082 1661 2141 fecit
1715 2079 1912 2160 illego.
2004 2079 2221 2139 dicitur
2265 2078 2568 2159 synaliphe
2614 2078 2862 2139 duarum
2910 2096 3160 2140 concur-

579 2182 835 2242 rentium
883 2180 1169 2242 vocalium
1216 2181 1444 2244 lubrica
1490 2183 1756 2261 lenisque
1801 2181 2076 2250 conlisio,
2136 2183 2409 2261 quotiens
2453 2180 2604 2242 duae
2648 2189 2788 2241 sunt
2831 2181 3062 2243 vocales
3107 2188 3166 2241 et

582 2280 902 2343 excludunt
955 2302 1018 2344 se
1075 2282 1289 2346 leniter
1348 2292 1406 2346 ει
1460 2285 1706 2345 lubrice.
1802 2283 1946 2345 haec
2004 2283 2309 2365 synaliphe
2368 2289 2472 2343 est.
2562 2282 2659 2342 illa
2717 2303 2856 2344 vero
2914 2302 3033 2344 non
3089 2283 3163 2343 de

580 2384 881 2447 vocalibus
928 2388 1018 2457 fit,
1064 2386 1169 2448 sed
1216 2387 1290 2447 de
1337 2385 1815 2449 consonantibus,
1887 2405 2005 2447 non
2053 2387 2209 2446 enim
2255 2393 2391 2446 ante
2435 2393 2632 2465 potest
2676 2384 2909 2446 excludi
2954 2405 3162 2446 conso-

582 2506 761 2558 nanS,
807 2489 921 2548 nisi
975 2490 1196 2568 pariter
1241 2490 1318 2549 sit
1364 2488 1605 2558 vocalis,
1663 2507 1815 2569 quae
1862 2488 2135 2562 excludat
2177 2507 2235 2548 m
2282 2488 2556 2549 litteram.
2648 2495 2714 2549 ut
2777 2495 2915 2567 puta
2971 2487 3159 2547 homi·
3188 2508 3241 2547 20

580 2607 716 2650 nem
762 2591 1047 2651 amicum:
1105 2590 1206 2652 ubi
1262 2591 1575 2653 sustuleris
1631 2593 2109 2672 myotacisinum,
2171 2589 2502 2651 excluditur
2560 2588 2797 2650 vocaliS.
2889 2608 3030 2650 num
3075 2591 3162 2650 vis

578 2693 769 2753 scire?
814 2693 1092 2773 quotiens
1123 2695 1489 2773 myotacismi
1520 2697 1673 2755 ratio
1707 2704 1823 2765 est,
1875 2701 1939 2755 ut
1969 2693 2314 2754 excludatur
2360 2693 2810 2772 myotacismus,
2859 2691 3162 2778 etbvocalis

580 2793 926 2856 excluditur.
985 2795 1217 2856 exclusa
1251 2804 1340 2858 est
1370 2816 1731 2868 consonans,
1781 2817 1855 2859 ιιε
1887 2800 1962 2858 εἰι
1989 2799 2433 2877 myotacismus:
2482 2814 2617 2856 cum
2665 2794 2940 2856 exclusus
2983 2797 3163 2857 fuerit

579 2901 1020 2979 myotacismuS,
1081 2900 1289 2978 incipit
1341 2899 1559 2961 vocalis
1615 2899 1877 2969 excludi,
1939 2918 2013 2962 ne
2057 2900 2133 2960 sit
2176 2898 2386 2960 hiatus,
2476 2918 2715 2959 necesse
2763 2905 2852 2959 est
2896 2917 3038 2977 ergo
3081 2900 3161 2959 ita

578 3009 642 3062 ut
685 3002 809 3072 fiat,
867 3010 931 3062 ut
985 3021 1041 3062 m
1100 3001 1375 3062 excludas
1440 3009 1684 3082 propter
1742 3004 1971 3071 vitium,
2031 3000 2292 3062 vocalem
2350 3000 2629 3062 excludas
2682 3011 2927 3081 propter
2993 3000 3156 3063 illam
3184 3019 3238 3061 25

575 3103 850 3166 litteram.
941 3105 990 3163 si
1036 3105 1194 3164 enim
1239 3123 1356 3164 non
1405 3104 1640 3165 exclusa
1697 3106 1903 3173 fuerit,
1963 3105 2169 3183 incipit
2225 3103 2415 3164 hiatus
2461 3121 2607 3164 esse.
2700 3121 2843 3181 ergo
2890 3102 3004 3164 tale
3048 3105 3162 3164 erit

571 3204 748 3280 illud,
784 3204 1094 3274 ,‘multille
1141 3212 1199 3266 ει
1242 3208 1483 3267 terris':
1544 3207 1622 3265 ita
1682 3207 1971 3268 scandere
2032 3206 2233 3268 habes.
2327 3225 2465 3266 ecce
2522 3224 2671 3284 quae
2729 3223 2908 3297 causa
2952 3212 3040 3284 est
3095 3213 3159 3265 ut

576 3326 695 3369 non
737 3315 970 3370 tantum
1005 3297 1093 3377 ιιι,
1140 3308 1245 3369 εει]
1292 3316 1352 3369 ει
1396 3327 1434 3369 ιι
1480 3307 1787 3376 excludas,
1837 3326 1985 3387 quae
2033 3326 2069 3368 u
2114 3327 2247 3369 cum
2295 3329 2353 3369 ιιι
2398 3307 2592 3369 littera
2638 3314 2747 3376 est,
2797 3314 2853 3366 et
2896 3305 3155 3386 appella·

574 3420 670 3472 tur
714 3410 1043 3491 ecthlipsiS‚
1103 3409 1161 3469 id
1223 3418 1312 3471 est
1365 3412 1817 3472 consonantium
1875 3429 2085 3490 aspere
2138 3430 2271 3472 cum
2319 3395 2617 3472 vocalibus
2674 3411 3156 3471 concurrentium

574 3512 721 3573 dura
766 3511 1139 3590 difficilisque
1185 3512 1451 3573 conlisio.
3182 3538 3235 3578 ³0

699 3616 895 3676 Sunt
949 3614 1046 3676 alii
1103 3614 1219 3675 duo
1276 3616 1592 3684 contrarii,
1654 3615 1961 3675 antithesis
2008 3622 2065 3675 et
2107 3613 2484 3694 metathesis
2575 3613 2887 3675 antithesis
2932 3622 3021 3674 est
3063 3613 3156 3674 lit·

572 3726 736 3779 terae
792 3737 900 3797 pro
947 3716 1139 3778 littera
1184 3719 1419 3797 positio.
1510 3716 1623 3778 hoc
1677 3718 1738 3777 in
1795 3716 1994 3777 latinis
2051 3715 2415 3798 [antithesis]
2477 3718 2538 3777 in
2599 3714 2981 3796 metaplasmo
3038 3735 3156 3776 non

571 3793 803 3881 invenis
861 3817 951 3899 [in
1007 3817 1251 3902 latino],
1311 3819 1416 3880 sed
1473 3820 1702 3880 invenis
1757 3821 1819 3879 in
1878 3827 2109 3880 ornatu.
2199 3820 2313 3881 hoc
2370 3828 2457 3880 est
2511 3820 2669 3879 enim
2715 3818 2872 3898 apud
2915 3818 3155 3879 Latinos

574 3921 705 3993 olli,
764 3921 923 4002 quod
979 3930 1069 3982 est
1119 3921 1223 3984 illi.
1314 3931 1374 3983 et
1399 3911 1567 4000 'quid
1625 3921 1772 3982 mihi
1814 3921 2105 4001 praestat?
2180 3922 2343 3984 nihil.
2436 3940 2573 3983 nam
2616 3923 2738 3981 sive
2783 3920 2988 3982 dixero
3034 3919 3155 3990 olli,

716 4163 741 4213 1
792 4161 1032 4212 dicebant
1077 4162 1232 4213 aula.
1257 4163 1313 4215 i.
1353 4162 1406 4215 P,
1445 4161 1681 4210 dicebant
1726 4104 1863 4224 anilii
1897 4159 1948 4209 B
1981 4159 2218 4210 dicebant
2257 4162 2377 4211 aliai
2419 4161 2461 4211 G
2503 4159 2739 4210 dicebant
2770 4160 2856 4209 alii
2894 4160 2941 4208 ai
2978 4162 3020 4211 S

572 4235 605 4286 3
641 4242 690 4282 et
729 4232 930 4282 iuuenis
965 4232 1080 4282 BP
1110 4243 1158 4282 et
1197 4232 1427 4281 inuenies
1464 4229 1550 4280 CS
1687 4214 1879 4296 ipsam]
1919 4231 2054 4279 illam
2091 4232 2132 4280 C
2267 4233 2301 4281 6
2340 4227 2527 4296 fixerit]
2580 4230 2738 4294 Ver-9.
2782 4231 2911 4280 Aen.
2948 4231 3013 4279 Vl
3052 4230 3153 4280 803

712 4304 742 4352 7
794 4312 848 4353 ιιι
896 4310 973 4352 εει
1015 4302 1235 4383 phaeton
1284 4302 1498 4366 (pheton
1532 4301 1593 4364 S)
1644 4301 1750 4350 neri
1805 4316 1897 4366 pro
1947 4315 2006 4350 eo
2056 4301 2190 4362 quod
2230 4311 2307 4352 est
2342 4300 2561 4367 phaeton
2598 4299 2813 4364 (pheton
2857 4301 2975 4360 CS)
3017 4301 3152 4348 nerei

573 4373 722 4424 BCS
757 4383 808 4423 ut
836 4371 1056 4440 phaeton
1095 4373 1232 4422 nerei
1270 4387 1362 4437 pro
1399 4371 1590 4438 pheton
1631 4372 1766 4422 nerei
1800 4372 1872 4420 Ρ.
1907 4371 1976 4434 cf.
2004 4366 2193 4425 Donat'.
2223 4387 2278 4434 p.
2309 4371 2428 4430 396,
2463 4371 2527 4421 21
2671 4371 2705 4422 9
2730 4370 3010 4436 ecthlypsis
3035 4385 3151 4421 con-

570 4453 769 4496 stanter
802 4443 843 4494 C
877 4443 1100 4509 eclypsis
1138 4442 1190 4492 B
1334 4442 1392 4492 ll
1441 4442 1651 4506 eclipsis
1689 4451 1765 4491 est
1812 4442 2045 4505 quotiens
2081 4442 2273 4492 uocalis
2307 4440 2531 4490 uocalem
2574 4437 2802 4490 excludit
2836 4450 2892 4489 ut
2926 4441 3009 4490 ille
3054 4454 3151 4505 ego

573 4516 648 4567 P.-
684 4513 944 4580 ecthlipsis
983 4524 1059 4564 εει
1099 4514 1332 4576 quotiens
1367 4513 1555 4562 vocalis
1593 4521 1955 4562 consonantem
2004 4512 2227 4562 excludit
2267 4511 2654 4566 Lindemannus.
2725 4517 2841 4561 ante
2877 4510 3153 4560 uberiorem

570 4584 869 4650 synaliphae
910 4594 959 4634 ee
994 4583 1246 4647 ecthlipsis
1294 4584 1652 4648 expositionem
1700 4584 1868 4633 brevia
1909 4584 2167 4648 atr-iusque
2213 4583 2524 4644 metaplasmi
2569 4582 2792 4645 definitio
2828 4581 3046 4642 excidit,
3084 4596 3153 4630 ex

570 4672 671 4721 qua
698 4655 823 4706 haec
858 4671 987 4720 quae
1021 4655 1095 4704 ad
1115 4653 1432 4720 synalipham
1468 4655 1751 4716 pertinent,
1790 4655 2023 4716 quotiens
2062 4654 2262 4703 vocalis.
2289 4652 2515 4701 vocalem
2548 4652 2788 4714 excludit,
2826 4653 3003 4702 relicta
3038 4658 3152 4700 ειιηι

715 4726 777 4776 17
816 4726 1048 4789 quotiens
1086 4726 1217 4774 duae
1255 4724 1456 4774 uocales
1492 4724 1768 4773 excludunt
1796 4724 1836 4773 0
1943 4723 2005 4773 21
2047 4722 2131 4771 ubi
2170 4724 2344 4772 tuteris
2382 4720 2536 4772 BOS
2549 4722 2598 4770 P
2702 4723 3082 4771 moetacismum
3112 4720 3153 4768 S

573 4797 986 4845 moeotacismum
1014 4796 1063 4845 B
1093 4796 1476 4844 meotacismum
1501 4795 1557 4848 C.
1592 4796 1708 4844 ilem
1743 4802 1923 4857 postea
2023 4791 2166 4858 num]
2212 4807 2328 4841 nam
2370 4791 2545 4841 BOS.-
2582 4806 2695 4840 nam
2736 4793 2967 4856 quotiens
3003 4791 3051 4840 P

572 4866 640 4918 26
673 4880 795 4935 ergo
832 4875 879 4914 et
908 4865 1006 4914 tale
1044 4865 1086 4917 G
1221 4865 1289 4916 28
1328 4880 1424 4914 non
1462 4873 1654 4914 tantum
1692 4881 1738 4913 m
1778 4879 1930 4926 quam
1960 4873 2009 4913 et
2038 4867 2116 4929 (et
2147 4878 2241 4913 om.
2273 4863 2335 4924 C)
2377 4877 2408 4910 u
2440 4861 2646 4912 BGSP
