3541 5564
1623 343 1766 409 ARS
2874 334 2960 404 25

446 461 487 503 p.
517 449 625 491 1879.
652 450 703 491 eo
730 447 775 489 r.

397 536 482 589 est
522 548 701 610 supra
746 548 928 593 arma.
1018 550 1156 593 ecce
1200 534 1523 613 postposita
1568 535 1684 595 vim
1729 552 1903 614 quam
1948 534 2140 595 tenuit
2183 530 2358 594 modo
2403 555 2442 592 ιι

689 667 846 710 cum
890 651 1066 712 luno
1112 661 1497 714 aeternum
1543 672 1850 715 servans
1895 653 2025 714 sub
2070 660 2375 732 pectore
2419 650 2702 712 vulnus,

391 766 573 829 Aliis
635 768 978 848 partibus
1044 775 1413 833 orationis
1478 774 2116 851 significationem
2185 770 2530 850 complet:
2604 767 2959 849 praeclarus,
2987 781 3103 837 365,
3131 780 3194 829 10

393 871 527 949 quia
581 890 712 931 cum
772 870 904 932 dico
962 871 1185 942 clarus,
1234 874 1620 936 elocutionem
1668 892 1787 935 non
1834 874 2152 954 complevi3
2201 873 2350 934 addo
2397 892 2538 953 prae
2585 879 2643 933 et
2686 869 2956 950 compleo

343 971 803 1034 ⁵elocutionem.
874 982 1088 1045 mutat,
1137 985 1202 1037 ut
1244 960 1474 1037 infelix:
1525 975 1666 1037 nihil
1712 984 1830 1037 tam
1888 977 2249 1038 contrarium
2306 975 2464 1036 felici
2521 991 2700 1051 quam
2756 970 2962 1032 infelix

395 1072 555 1155 [quia
601 1074 741 1135 felix
786 1073 942 1136 aliud
990 1078 1277 1155 significat
1306 1078 1376 1138 ad
1410 1081 1819 1157 compositum,
1867 1088 1932 1140 ut
1975 1078 2204 1148 infelix,
2252 1077 2406 1138 aliud
2439 1078 2662 1145 minuit,
2710 1075 2962 1135 detraxit

392 1176 490 1236 illi.
547 1210 632 1220 —
688 1177 951 1238 Earum
1007 1187 1131 1239 aut
1185 1179 1533 1259 complet:
1591 1182 1672 1241 ita
1727 1182 2022 1260 impotens
2067 1178 2311 1240 multum
2359 1181 2660 1258 inpotenS,
2708 1177 2902 1237 minus
2952 1174 3048 1254 111

391 1287 626 1359 potenS,
687 1278 921 1360 mutat}
991 1282 1201 1341 minuit
1256 1290 1483 1351 autem,
1544 1283 1963 1344 ut⁸infractuS.
2028 1317 2096 1326 —
2159 1282 2447 1342 Etenim
2505 1280 2588 1343 ad
2644 1285 3053 1359 patremzlss

391 1380 564 1460 plane
621 1400 730 1460 pro
786 1380 953 1442 libitu
1009 1391 1211 1442 nostro
1268 1392 1327 1443 et
1380 1386 1709 1445 accusativo
1766 1384 2052 1463 singulari
2109 1393 2167 1445 et
2219 1382 2465 1463 plurali,
2526 1390 2615 1452 ut,
2674 1382 2722 1441 si
2778 1380 2964 1459 poscit

321 1494 370 1533 1⁰
393 1483 569 1551 ratio,
621 1480 727 1564 [ut]
775 1483 964 1544 dicam
1011 1494 1070 1543 et
1113 1483 1184 1544 ad
1230 1494 1427 1564 patres
1473 1494 1529 1546 et
1572 1487 1724 1567 apud
1766 1486 1931 1547 villas
1977 1493 2034 1546 et
2078 1494 2292 1547 cetera.
2332 1520 2402 1530 —
2440 1483 2641 1563 Apud
2687 1481 2960 1543 villam:

394 1585 464 1645 ad
523 1594 581 1644 et
635 1584 791 1665 apud
848 1584 987 1644 dum
1035 1587 1208 1645 unius
1253 1605 1422 1647 casus
1467 1591 1934 1668 praepositiones
1977 1596 2140 1658 sunt,
2199 1588 2268 1650 ad
2315 1585 2600 1648 itineralis
2644 1593 2758 1654 est,
2808 1581 2962 1662 apud

394 1685 623 1755 localis,
671 1686 811 1747 licet
854 1686 967 1746 hoc
1012 1696 1221 1765 poetae
1270 1692 1718 1760 contemserint,
1768 1699 1833 1751 ut
1863 1688 2152 1769 Vergilius
2195 1689 2312 1750 ‘ad
2360 1708 2566 1768 quem
2612 1695 2754 1747 tum
2788 1686 2964 1746 luno

394 1786 760 1867 supplex',
819 1808 929 1868 pro
986 1790 1139 1867 apud
1196 1810 1403 1870 quem;
1469 1798 1528 1851 et
1581 1792 1689 1852 ‘hi
1743 1792 2041 1853 multum
2101 1790 2268 1853 fleti
2314 1791 2397 1852 ad
2443 1791 2809 1869 superos',
2857 1796 3054 1866 pro22

395 1889 571 1971 apud.
626 1924 696 1935 —
746 1891 898 1951 Istae
934 1887 962 1971 Η
996 1911 1201 1952 omnes
1245 1895 1712 1973 praepositiones
1756 1902 1876 1955 tam
1921 1893 2172 1954 ablativo
2217 1891 2499 1969 singulari
2532 1909 2706 1971 quam
2750 1885 2966 1968 plurali

326 2004 373 2042 1⁵
397 1994 742 2069 iunguntur.
796 2027 864 2037 -—
918 1995 1243 2054 Dicimus
1289 1997 1481 2056 enim
1527 2015 1557 2056 a
1605 1996 1844 2057 domo:
1893 2015 1923 2056 a
1969 1996 2142 2056 domo
2184 2014 2301 2056 non
2344 1995 2622 2062 dicimus,
2671 1991 2783 2052 nisi
2827 2009 2964 2069 pro·
2993 2001 3058 2048 23

396 2112 611 2154 nomen
670 2093 980 2164 addamus,
1040 2114 1073 2156 a
1128 2096 1304 2156 domo
1360 2116 1488 2157 mea
1536 2096 1624 2159 vel
1672 2117 1703 2158 a
1749 2098 1923 2159 domo
1971 2080 2114 2167 tuas
2144 2099 2417 2177 quoniam
2464 2094 2820 2174 praepositio
2867 2091 2966 2152 ad·

395 2194 614 2256 verbiis
668 2198 797 2257 sine
855 2197 1048 2276 aliqua
1106 2207 1275 2278 parte
1331 2200 1612 2260 orationis
1658 2218 1977 2278 numquam
2024 2201 2299 2260 sociatur.
2353 2233 2425 2243 -
2477 2194 2670 2259 Clam
2717 2202 3061 2255 custo-24

394 2296 635 2358 dibus:
694 2298 840 2360 clam
887 2302 1248 2379 praepositio
1304 2302 1611 2382 utriusque
1657 2321 1825 2362 casus
1871 2309 1987 2370 est,
2045 2301 2177 2362 ideo
2221 2320 2332 2380 pro
2381 2298 2674 2359 voluntate
2720 2297 2971 2357 dicentis

396 2399 483 2460 vel
531 2402 855 2462 accusativo
899 2403 1179 2481 iungetur
1224 2402 1312 2464 vel
1358 2402 1629 2465 ablativo.
1720 2402 1972 2487 dicimus
2019 2404 2174 2464 enim
2221 2408 2319 2463 ‘et
2363 2400 2511 2462 clam
2559 2401 2811 2461 amicum
2858 2401 2970 2459 est’

325 2509 457 2562 met
500 2501 685 2563 ‘clam
732 2502 1012 2586 amico'.l
1086 2540 1159 2550 —
1230 2504 1377 2565 Sub
1431 2524 1679 2584 super:
1739 2508 2042 2581 utriusque
2097 2524 2267 2567 casus
2321 2504 2791 2584 praepositiones
2834 2500 2969 2561 ideo
2996 2511 3060 2559 27

397 2604 588 2665 dictae
645 2613 805 2676 sunt,
869 2607 1025 2684 quod
1082 2626 1423 2669 communes
1477 2609 1593 2667 sint
1648 2609 1976 2669 accusativo
2033 2615 2091 2668 et
2134 2606 2408 2667 ablativo.
2495 2605 2598 2665 sed
2642 2606 2704 2665 in
2749 2600 2975 2662 duabus

397 2705 489 2767 his
542 2708 1106 2789 praepositionibuS,
1164 2711 1224 2769 in
1282 2717 1341 2769 et
1394 2709 1534 2779 sub,
1592 2727 1741 2790 quae
1786 2709 2036 2771 similem
2082 2707 2346 2788 regulam
2392 2706 2641 2776 habent,
2700 2703 2972 2765 distantia

399 2809 546 2871 haec
605 2819 719 2880 est,
780 2812 1015 2890 quando
1070 2814 1399 2872 accusativo
1456 2814 1741 2882 serviant,
1806 2812 2042 2891 quando
2088 2811 2355 2872 ablativo.
2448 2811 2976 2888 quotienscumque

400 2912 703 2972 itinerales
747 2912 996 2982 fuerint,
1043 2913 1156 2974 hoc
1202 2925 1292 2974 est
1337 2933 1471 2974 cum
1503 2914 1577 2974 de
1608 2914 1793 2976 altero
1825 2914 1956 2975 loco
1989 2915 2058 2975 ad
2102 2913 2353 2975 alterum
2399 2913 2632 2979 transit,
2681 2918 2746 2970 ut
2790 2910 2977 2968 ‘imus

327 3012 472 3074 aad
532 3014 785 3083 forum',
843 3012 1289 3075 ‘descendimus
1343 3017 1403 3075 in
1462 3015 1720 3087 vallem',
1791 3017 2120 3077 accusativo
2176 3014 2507 3092 iungendae
2563 3020 2729 3080 sunt,
2787 3007 2978 3071 tribus

400 3114 771 3195 temporibus
815 3115 1290 3196 comprehensis,
1341 3125 1399 3177 et
1440 3119 1529 3177 ire
1575 3126 1634 3177 et
1675 3120 1792 3179 isse
1839 3126 1897 3179 et
1940 3120 2127 3179 ituros
2173 3136 2320 3179 esse.
2397 3135 2531 3177 cum
2582 3133 2718 3174 vero
2761 3110 2978 3172 locales

401 3219 650 3287 fuerint,
699 3217 811 3277 hoc
858 3226 946 3278 est
990 3237 1122 3279 cum
1168 3220 1226 3302 in
1273 3221 1402 3298 ipso
1446 3218 1578 3279 loco
1624 3220 1844 3300 aliquid
1888 3239 2017 3280 esse
2063 3219 2307 3289 dicitur,
2357 3226 2422 3278 ut
2465 3218 2560 3276 ‘in
2608 3233 2815 3294 campo
2860 3223 2976 3274 ste-

403 3320 636 3389 timus',
684 3320 780 3379 ‘in
824 3320 955 3380 foro
1001 3319 1431 3391 clamavimus',
1480 3322 1591 3383 hae
1623 3320 1873 3382 ablativo
1903 3319 2236 3399 iungendae
2276 3326 2442 3391 sunt,
2489 3319 2591 3380 sed
2637 3319 2714 3378 ita
2761 3323 2826 3377 ut
2867 3316 2980 3376 tria

405 3431 674 3500 tempora
720 3421 1255 3501 comprehendant,
1302 3424 1364 3483 in
1411 3421 1540 3483 loco
1587 3442 1741 3493 esse,
1791 3424 1987 3493 fuisse,
2021 3424 2249 3484 futuros
2281 3441 2434 3483 esse:
2481 3421 2582 3482 sed
2627 3417 2981 3498 regulariter

330 3535 381 3573 ³⁰
407 3525 562 3583 scire
608 3521 892 3588 debemus
922 3523 1079 3601 quod
1124 3525 1511 3603 interrogatio
1555 3527 2023 3604 praepositiones
2053 3526 2192 3586 facit
2238 3543 2363 3586 esse
2408 3525 2768 3605 perspicuas
2844 3539 2981 3581 nam

405 3627 455 3684 si
500 3623 816 3702 convenit!
852 3644 966 3705 quo
1012 3625 1228 3696 dicere,
1278 3627 1753 3706 respondendum
1803 3638 1889 3688 est
1933 3646 2039 3708 per
2085 3626 2414 3688 itineralem
2459 3625 2978 3706 praepositionem,

408 3734 470 3787 ut
529 3728 789 3787 ‘amiens
844 3744 960 3805 quo
1018 3731 1372 3807 processit?'
1419 3731 1514 3790 ‘in
1559 3728 1934 3809 publicum';
1999 3730 2049 3790 si
2096 3730 2394 3807 interrogo
2441 3727 2568 3798 ubi,
2615 3723 2979 3806 responden-

408 3828 547 3889 dum
606 3831 666 3889 in
724 3828 884 3899 loc0,
942 3828 1078 3890 ‘ubi
1133 3833 1352 3909 equitat
1406 3832 1697 3892 amicus?'
1758 3834 1852 3892 ‘in
1910 3837 2177 3911 campo’.
2240 3828 2462 3912 [super]
2526 3848 2705 3910 super
2767 3845 2904 3888 vero
2950 3846 2980 3885 a

547 4052 669 4104 Coa.
708 4051 864 4100 Bern.
895 4052 964 4100 lV
1002 4049 1206 4101 2*-4.
1314 4056 1344 4103 4
1387 4053 1759 4117 eloqnntionem
1800 4068 1895 4100 non
1931 4054 2216 4118 composuit
2318 4052 2350 4100 5
2387 4052 2691 4100 contrarium
2732 4048 2868 4098 felici
2908 4049 2984 4096 in-

410 4120 614 4171 felicem
721 4121 754 4170 6
787 4121 912 4170 aliut
1009 4122 1134 4170 aliut
1238 4123 1269 4171 7
1305 4128 1409 4186 aut]
1449 4133 1615 4173 autem
1723 4122 1788 4173 10
1823 4123 1886 4170 ad
1912 4123 2059 4171 uillas
2161 4130 2284 4186 aput
2320 4121 2489 4169 uillam
2529 4122 2594 4172 ad
2630 4129 2678 4171 et
2708 4129 2830 4184 aput
2863 4119 2982 4167 dum

409 4193 560 4241 unius
588 4206 771 4240 causas
804 4192 1199 4254 praepositionis
1229 4191 1391 4254 (corr.
1428 4193 1536 4254 -es)
1572 4193 1671 4242 siut
1700 4195 1762 4241 ad
1806 4193 1998 4242 iteralis
2033 4202 2108 4243 est
2142 4202 2266 4257 aput
2371 4192 2434 4242 12
2472 4191 2848 4241 comtemserint

410 4259 690 4328 Vergilius]
732 4275 852 4308 uero
888 4261 1025 4310 illius
1169 4262 1229 4312 13
1257 4258 1440 4326 suplex
1546 4272 1668 4328 aput
1811 4263 1874 4313 14
1905 4273 2026 4326 aput
2169 4261 2232 4312 18
2270 4261 2581 4327 uolumptate
2719 4259 2788 4309 20
2825 4260 2984 4307 utrius

410 4347 560 4382 casus
701 4332 768 4379 24
813 4330 878 4379 nd
924 4331 1159 4397 alterum]
1207 4333 1486 4381 adulterum
1627 4334 1695 4384 26
1740 4330 2155 4396 compraehensis
2299 4331 2469 4380 localis·
2511 4330 2660 4382 fuerit
2799 4329 2865 4377 27
2907 4324 2980 4390 nt]

411 4411 487 4451 est
516 4417 652 4454 corr.
693 4403 761 4454 al.
796 4417 926 4454 man.
961 4409 1012 4449 ut
1050 4413 1128 4452 est
1266 4401 1334 4452 28
1372 4401 1490 4468 hae]
1527 4402 1651 4452 haec
1792 4401 1860 4451 29
1894 4402 2320 4467 compraehendat
2461 4402 2521 4451 31
2564 4400 2815 4450 comnenit
2846 4413 2982 4448 corr.

409 4476 479 4522 al.
516 4488 646 4521 man.
676 4471 912 4520 conuenit

557 4698 579 4746 1
626 4697 937 4762 postpositae
982 4696 1269 4747 Putsclu'us.
1312 4695 1566 4744 excidisse
1612 4696 1859 4760 quaedam
1892 4696 2153 4758 videntur,
2201 4693 2376 4760 quibus
2410 4693 2698 4742 accuratius
2732 4691 2796 4739 de
2834 4691 2986 4740 collo-

414 4767 610 4816 catione
639 4769 1063 4829 praepositivum
1098 4767 1273 4815 dictum
1310 4773 1424 4814 erac
1548 4767 1583 4813 2
1618 4762 1751 4831 cum]
1802 4769 1960 4830 Very.
2000 4765 2126 4815 Aen.
2169 4765 2189 4812 1
2224 4764 2292 4815 36
2413 4763 2475 4814 12
2511 4762 2576 4813 ad
2612 4758 2780 4827 quem]
2828 4762 2879 4812 V
2876 4776 2982 4827 cry.

414 4836 547 4887 Aen.
583 4837 604 4885 1
636 4837 702 4887 (54
846 4834 909 4886 13
939 4833 1012 4902 hi]
1061 4838 1219 4901 Ver9.
1247 4835 1376 4888 Aen.
1408 4836 1453 4885 V
1480 4833 1580 4886 481
