3541 5564
1375 322 1844 385 COMMENTVM
2791 321 2911 385 129

2561 443 2606 486 p.
2634 433 2787 472 ‘ll—⁰14
2816 431 2860 471 L.

331 508 601 570 turaliter
646 508 816 587 longa
865 517 970 578 est,
1018 517 1074 570 ta
1121 510 1468 571 naturaliter
1511 510 1709 571 brevis
1754 518 1873 580 est,
1926 506 1937 591 Ι
1987 510 2430 572 circumflexum
2477 509 2659 572 habet
2702 530 2912 572 acoen-

332 619 469 672 tum.
560 610 620 670 id
678 618 769 671 est
825 610 1061 690 quando
1118 620 1209 673 est
1263 612 1575 673 trochaeus
1618 610 2000 681 naturaliter,
2059 620 2200 673 tune
2256 621 2346 674 est
2389 613 2808 674 circumflexus
2850 616 2912 674 in

329 699 656 794 disyllabis;
702 712 877 773 aliter
922 731 1039 773 non
1084 712 1253 784 licet,
1301 722 1365 774 ut
1408 722 1546 794 puta
1589 719 1745 776 meta
1777 714 1950 775 Creta
1983 715 2184 775 Roma.
2249 733 2389 775 eece
2436 715 2612 775 modo
2659 717 2913 776 circum-

330 816 511 876 flexus
567 824 654 875 est
710 822 968 885 tantum,
1029 815 1184 892 quod
1242 818 1406 895 prior
1462 817 1812 877 naturaliter
1858 816 2033 894 longa
2078 825 2169 877 est
2213 824 2272 877 et
2314 817 2519 877 ultima
2564 817 2915 878 naturaliter

281 916 541 978 ⁵hrevis.
600 915 772 979 aliter
817 935 957 978 vero
988 919 1549 999 quomodocumque
1593 921 1709 979 iam
1757 927 1992 979 acutum
2039 920 2279 980 faciunt.
2342 919 2481 999 quid
2527 920 2574 979 si
2620 921 2914 999 positione

327 1017 499 1098 longa
546 1020 658 1079 sit?
716 1027 925 1081 acutus
980 1028 1093 1090 est,
1141 1027 1204 1079 ut
1245 1028 1388 1099 puta
1432 1020 1626 1089 arma;
1672 1029 1879 1082 acutus
1925 1028 2031 1081 est.
2124 1019 2266 1100 quid
2312 1022 2360 1079 si
2406 1022 2571 1100 prior
2616 1020 2814 1082 brevis
2858 1029 2918 1081 et

327 1122 618 1202 posterior
674 1119 889 1200 longa?
944 1127 1151 1181 acutus
1208 1128 1326 1191 est,
1384 1128 1449 1182 ut
1502 1131 1644 1201 puta
1699 1124 1934 1203 parens.
2026 1122 2168 1203 quid
2225 1124 2274 1182 si
2320 1121 2528 1183 ambae
2574 1105 2917 1184 naturaliter

325 1221 534 1302 longae
579 1226 732 1284 sint?
790 1231 1023 1283 acutum
1068 1223 1323 1292 babent,
1372 1231 1435 1285 ut
1478 1234 1568 1285 est
1611 1224 1791 1302 leges.
1871 1223 1942 1286 'et
1985 1243 2169 1305 quare
2227 1225 2373 1285 boe?
2429 1223 2526 1284 lex
2571 1223 2917 1285 naturaliter

325 1324 497 1403 longa
546 1333 667 1394 est,
716 1333 777 1386 et
823 1325 1075 1386 diximus
1117 1327 1467 1387 naturaliter
1513 1325 1720 1406 longas
1765 1326 2160 1408 paenultimas
2205 1325 2650 1387 circumflexum
2696 1325 2918 1388 habere

256 1442 301 1479 1⁰
326 1435 683 1496 accentum;·
714 1427 820 1488 sed
867 1446 985 1488 non
1031 1430 1302 1506 sequitur
1349 1427 1575 1498 brevis,
1623 1438 1689 1490 ut
1730 1431 1807 1490 sit
1854 1429 2181 1490 trochaeus,
2243 1447 2379 1489 nam
2425 1428 2588 1507 leges
2618 1428 2919 1508 spondeus

326 1538 431 1590 est.
526 1548 670 1609 ergo
727 1537 870 1589 tunc
927 1538 1017 1590 est
1071 1531 1516 1601 circumflexus»,
1576 1532 1812 1611 quando
1871 1533 2037 1612 prior
2094 1530 2441 1592 naturaliter
2497 1530 2671 1609 longa
2729 1538 2818 1590 est
2861 1537 2923 1588 et

324 1631 533 1693 ultima
565 1630 915 1693 naturaliter
949 1630 1163 1693 brevis,
1227 1652 1365 1694 ecce
1409 1633 1595 1695 babes
1639 1635 1755 1694 iam
1804 1636 1980 1694 etiam
2029 1632 2103 1693 de
2135 1631 2466 1713 disyllabis3
2515 1631 2690 1692 modo
2724 1631 2915 1691 videa-

326 1753 459 1795 mus
505 1735 580 1795 de
626 1723 964 1814 trisyllabis,

497 1837 765 1897 Diximus
811 1838 1087 1914 quoniam
1135 1838 1307 1898 tertia
1352 1857 1384 1897 a
1430 1839 1546 1899 fine
1591 1857 1710 1898 non
1756 1846 1954 1917 potest
1997 1837 2219 1898 habere
2264 1838 2380 1897 nisi
2425 1844 2661 1897 acutum
2708 1852 2915 1895 aecen—
2939 1848 3059 1912 426,
3088 1849 3151 1897 37

256 1951 302 1990 1⁵
327 1947 486 2007 tum;
547 1958 669 2000 non
728 1938 885 1998 licet.
978 1958 1118 2018 ergo
1174 1939 1295 1999 noli
1353 1957 1669 2017 quaerere,
1728 1938 1917 2018 qualis
1973 1941 2079 2000 sit:
2146 1942 2267 2000 sive
2321 1942 2685 1999 naturaliter
2736 1941 2921 2012 lonya

325 2044 448 2102 sive
503 2042 799 2120 positione
846 2039 1019 2119 longa
1063 2045 1186 2100 sive
1232 2040 1577 2103 naturaliter
1621 2041 1849 2111 brevis,
1911 2061 2031 2102 non
2086 2040 2268 2102 babet
2311 2042 2422 2101 nisi
2467 2047 2725 2101 acutum.
2816 2037 2920 2100 sed

324 2143 470 2203 illud
517 2141 924 2220 quaerendum
970 2142 1139 2202 nobis
1183 2150 1300 2213 est,
1350 2143 1585 2221 quando
1628 2143 1874 2214 habeat,
1923 2145 2057 2220 quia
2105 2150 2163 2202 et
2204 2145 2316 2203 ista
2360 2142 2582 2204 babere
2625 2148 2822 2221 potest
2866 2149 2924 2200 et

322 2248 467 2315 ista,
525 2263 602 2305 ne
660 2261 926 2305 erremus
973 2251 1032 2304 et
1074 2243 1337 2306 dicamus
1382 2247 1557 2307 istam
1603 2244 1856 2314 babere,
1916 2263 2050 2306 cum
2096 2246 2206 2305 ista
2253 2243 2487 2330 babeat.
2579 2260 2721 2322 ergo
2766 2244 2923 2303 scire

326 2347 615 2409 debemus
669 2346 785 2406 hoc
840 2347 1238 2407 firmissimum
1297 2366 1454 2414 esse.
1515 2346 1522 2428 Ι
1579 2356 1721 2408 tunc
1784 2349 2017 2407 tertiam
2074 2365 2105 2406 a
2166 2331 2280 2406 fine
2324 2344 2547 2406 habere
2592 2353 2921 2414 accentum,

254 2449 568 2529 anquando
625 2447 889 2509 secunda
944 2467 977 2507 a
1030 2450 1146 2509 fine
1202 2448 1551 2510 naturaliter
1596 2449 1792 2511 brevis
1838 2456 1943 2510 est.
2034 2448 2353 2517 Romulus,
2399 2467 2470 2509 ro
2515 2448 2688 2527 longa
2735 2457 2823 2507 est
2868 2455 2926 2508 et

238 2598 248 2607 .
326 2570 427 2612 mu
490 2548 841 2612 naturaliter
900 2548 1094 2610 brevis
1150 2558 1265 2620 est3
1326 2570 1468 2630 ergo
1523 2555 1801 2632 quoniam
1858 2561 1916 2612 et
1968 2570 2039 2612 ro
2100 2549 2442 2612 naturaliter
2499 2549 2670 2628 longa
2732 2558 2821 2610 est
2865 2557 2926 2609 et

327 2672 461 2722 mu,
511 2669 667 2730 quae
713 2660 805 2712 est
849 2651 1104 2714 secunda
1151 2672 1183 2713 a
1228 2654 1372 2723 fine,
1422 2654 1766 2715 naturaliter
1815 2652 2010 2713 brevis
2057 2662 2175 2722 est,
2228 2660 2434 2713 acutus
2480 2659 2757 2713 accentus
2805 2658 2920 2712 est:

326 2756 654 2829 maximus,
714 2756 989 2834 optimus
1082 2774 1200 2817 non
1255 2754 1393 2817 licet
1449 2766 1514 2818 ut
1571 2758 1743 2817 tertia
1789 2774 1822 2817 a
1866 2746 1982 2817 fi'ne
2027 2754 2242 2816 habeat
2286 2761 2623 2829 accentum,
2674 2754 2788 2814 nisi
2830 2771 2922 2814 se-

328 2842 524 2920 cunda
571 2876 604 2917 a
649 2858 765 2918 fine
810 2855 1155 2918 naturaliter
1212 2856 1409 2919 brevis
1463 2861 1554 2920 sit.
1633 2877 1775 2919 eece
1819 2858 2002 2919 babes
2045 2860 2335 2919 rationem
2381 2858 2592 2918 tertiae
2637 2854 2921 2935 syllabae:

254 2959 476 3020 satolle
525 2961 757 3020 tertiam
804 2979 838 3020 a
882 2960 1028 3026 fine,
1078 2970 1136 3019 et
1179 2961 1293 3021 iam
1341 2959 1690 3040 disyllabum
1738 2969 1844 3021 est.
1935 2962 1987 3020 si
2033 2961 2188 3020 enim
2233 2958 2544 3019 sustuleris
2586 2960 2758 3018 istam
2806 2966 2922 3017 ter-

327 3064 500 3127 tiam.
549 3080 864 3122 remanere
895 3060 1117 3122 habent
1148 3061 1318 3122 duae.
1381 3064 1431 3122 si
1476 3064 1873 3124 remanserint
1904 3062 2088 3130 duae,
2134 3062 2287 3122 ratio
2319 3060 2742 3142 disyllaborum
2789 3061 2920 3120 erit.

327 3164 589 3224 diximus
643 3166 704 3224 in
763 3165 994 3224 ratione
1050 3162 1471 3244 disyllaborum
1527 3183 1648 3225 non
1704 3183 1884 3243 posse
1950 3165 2202 3224 inveniri
2266 3164 2741 3231 circumflexum,
2810 3162 2925 3222 nisi

328 3265 570 3343 quando
614 3267 725 3325 ista
773 3266 1114 3327 naturaliter
1161 3265 1333 3344 longa
1381 3274 1440 3326 et
1484 3264 1688 3327 ultima
1734 3264 2087 3328 naturaliter
2132 3265 2328 3326 brevis
2369 3267 2461 3325 sit.
2526 3283 2668 3343 ergo
2714 3261 2924 3326 Ceth'e-

327 3385 474 3446 gus,
523 3365 668 3428 tolle
713 3367 852 3429 inde
897 3387 995 3436 ce,
1044 3374 1311 3428 remanet
1354 3366 1583 3446 thegus.
1661 3369 1874 3447 thegus
1920 3370 2023 3445 qui
2067 3386 2174 3448 pes
2221 3368 2344 3429 est?
2390 3367 2733 3428 trochaeus:
2784 3384 2926 3444 ergo

254 3468 751 3530 socircumssexus
808 3472 938 3530 erit.
1031 3469 1170 3547 quid
1215 3473 1265 3529 si
1311 3468 1471 3530 dicas
1518 3469 1728 3531 cetbe‘?
1786 3472 2068 3548 quoniam
2115 3488 2234 3531 non
2282 3478 2373 3531 est
2413 3470 2760 3537 trochaeuS,
2807 3469 2922 3527 iam

328 3580 544 3632 acutus
602 3572 736 3630 erit.
826 3571 969 3649 quid
1023 3573 1075 3631 si
1120 3571 1292 3632 dieas
1335 3570 1637 3633 Metellus?
1697 3570 1774 3632 tel
1819 3570 2010 3652 qualis
2058 3573 2185 3633 est?
2239 3574 2535 3652 positione
2580 3570 2753 3649 longa
2801 3577 2920 3630 est:

331 3692 478 3753 ergo
528 3691 773 3734 necesse
820 3682 909 3734 est
951 3681 1016 3733 ut
1058 3681 1263 3734 acutus
1310 3660 1587 3734 accentus
1634 3676 1727 3735 sit.
1794 3692 1935 3752 ergo
1981 3673 2103 3734 noli
2145 3682 2205 3735 te
2248 3676 2310 3734 in
2342 3674 2602 3733 diversas
2647 3671 2926 3750 ambages

331 3779 603 3845 mittere,
654 3775 757 3835 sed
790 3782 1008 3845 tracta,
1057 3775 1292 3853 quando
1338 3775 1551 3835 debeat
1594 3783 1905 3837 accentum
1953 3775 2206 3844 habere;
2253 3782 2395 3837 tunc
2441 3783 2638 3835 autem
2685 3773 2930 3834 babebit

331 3885 645 3939 accentum
716 3879 889 3938 tertia
960 3897 992 3938 a
1054 3881 1197 3949 line,
1268 3877 1503 3956 quando
1558 3878 1819 3938 secunda
1877 3897 1908 3937 a
1967 3878 2082 3938 fine
2139 3877 2489 3940 naturaliter
2547 3876 2744 3937 brevis
2814 3882 2922 3940 est.

259 3993 306 4031 ³⁵
332 3979 566 4042 sublata
623 3980 797 4040 tertia
843 3999 875 4039 a
919 3981 1037 4039 fine
1091 3998 1225 4040 cum
1272 3981 1667 4041 remanserint
1712 3980 1889 4050 duae,
1950 3979 2109 4041 redis
2153 3980 2224 4040 ad
2272 3982 2562 4041 rationem
2608 3976 2924 4057 disyllabo·

332 4100 496 4151 rum,
543 4090 602 4143 et
648 4081 800 4142 hanc
843 4100 1010 4142 serva
1056 4083 1368 4143 rationem.
1416 4081 1425 4163 1

503 4182 792 4263 Quicquid
838 4184 1097 4264 pertinet
1140 4184 1210 4243 ad
1258 4193 1564 4253 accentus,
1623 4184 1738 4244 hoc
1785 4193 1904 4249 est:
1965 4202 2076 4244 neo
2121 4191 2319 4263 potest
2364 4182 2608 4244 ulterius
2651 4182 2921 4261 reperiri.

475 4408 506 4456 7
547 4420 731 4471 parens
767 4403 817 4453 B
854 4405 1222 4455 Lindemannus
1257 4406 1407 4454 arens
1432 4406 1482 4453 A
1495 4407 1537 4455 C
1674 4407 1796 4471 quid
1833 4407 1876 4455 si
1915 4406 2092 4455 ambae
2131 4405 2316 4471 longae
2348 4407 2446 4455 sint
2485 4404 2608 4469 quid
2645 4405 2687 4453 si
2727 4410 2927 4452 natura-

337 4476 451 4524 liter
484 4478 671 4541 longae
720 4484 838 4524 sunt
872 4482 1072 4524 acutum
1110 4474 1295 4524 habent
1333 4484 1389 4524 ut
1425 4485 1502 4526 est
1539 4476 1680 4542 leges
1722 4486 1772 4525 et
1809 4491 1966 4538 quare
2012 4475 2093 4525 lex
2132 4486 2180 4525 et
2221 4491 2375 4538 quare
2413 4475 2511 4525 hoc
2551 4475 2632 4525 lex
2669 4475 2718 4522 A
2859 4473 2924 4525 12

337 4548 437 4595 iam
473 4548 625 4595 etiam
667 4545 793 4595 Ba:
833 4548 981 4595 etiam
1017 4561 1108 4595 om.
1152 4545 1249 4595 CA
1394 4546 1458 4596 15
1496 4547 1605 4595 sive
1644 4548 1940 4596 naturaliter
1987 4545 2137 4612 longa
2178 4563 2270 4599 om.
2318 4545 2481 4596 ABG
2621 4542 2842 4609 l7‚quia
2877 4554 2925 4592 et

339 4617 435 4665 ista
460 4617 838 4667 Lindemannus
877 4616 996 4679 quia
1032 4623 1080 4664 et
1118 4616 1229 4678 ipsa
1266 4614 1434 4665 ABG
1570 4618 1636 4665 22
1671 4625 1858 4678 acutus⁸
1885 4626 2123 4666 accentus
2165 4625 2243 4664 est
2277 4615 2358 4664 Ga
2391 4622 2440 4664 et
2476 4622 2712 4663 accentus
2746 4621 2926 4662 acutus

340 4694 414 4734 est
450 4686 563 4735 AB
702 4688 768 4735 24
799 4700 916 4734 ecce
953 4684 1110 4735 habes
1146 4684 1255 4735 Ac
1286 4701 1400 4735 ecee
1438 4684 1565 4735 habe
1603 4685 1725 4735 Ba:
1759 4688 1990 4749 sortasse
2027 4701 2142 4735 eece
2179 4685 2337 4734 habes
2365 4686 2608 4735 rationem
2636 4683 2927 4746 trisyllabo-

340 4771 449 4804 rum
620 4757 686 4806 27
726 4756 957 4804 inuenire
983 4754 1153 4805 ABG
1306 4754 1375 4805 28
1414 4755 1565 4821 longa
1596 4763 1673 4804 est
1708 4764 1756 4805 et
1792 4754 1959 4804 ABG
2119 4754 2186 4807 29
2219 4757 2305 4818 qui
2339 4771 2431 4821 pes
2470 4755 2554 4805 Ca
2590 4754 2782 4818 quippe
2811 4752 2927 4803 AB

479 4825 548 4875 33
583 4826 767 4875 debeat
802 4836 1002 4874 acutum
1042 4824 1228 4874 habere
1260 4825 1422 4876 ABG
1570 4824 1636 4875 37
1676 4826 1897 4889 reperire
1930 4825 1979 4873 A

444 4916 796 4959 οηΑΜΜΑτιοι
828 4914 1009 4956 mum
1038 4916 1091 4957 v.
2480 4910 2520 4973 9
