3541 5564
1437 377 1908 440 COMMENTVM
1996 426 1999 427 ν
2848 374 2973 438 259

2602 498 2643 539 p.
2670 487 2849 527 ass-ov
2876 485 2921 524 L.

389 570 448 623 et
491 563 889 643 participium.
977 562 1080 624 sed
1142 583 1359 626 nomen
1416 567 1558 634 erit,
1605 568 1654 626 si
1701 568 1762 626 in
1810 568 1829 625 i
1875 567 2117 635 exierit;
2179 568 2293 626 erit
2336 572 2529 626 autem
2574 568 2970 646 participium,

388 666 438 724 si
482 666 544 725 in
589 684 621 726 e
667 667 892 726 exierit.
985 684 1126 744 ergo
1183 667 1417 747 quando
1487 667 1588 728 tibi
1647 669 2002 747 proponitur
2059 666 2189 729 talis
2243 684 2381 747 pars
2438 669 2752 743 orationis,
2824 685 2974 745 quae

386 768 876 844 significationem
922 768 1101 830 habet
1147 777 1205 829 et
1251 771 1508 831 nominis
1554 778 1612 830 et
1655 771 1981 849 participii,
2043 778 2247 831 cautus
2292 769 2475 830 debes
2520 789 2649 832 esse
2696 769 2770 830 de
2815 767 2973 829 abla-

390 871 535 939 tivo,
582 878 648 931 ut
691 872 741 931 si
788 873 849 930 in
894 873 913 930 i
971 872 1181 932 exierit
1238 870 1578 942 ablativuS,-
1613 873 1698 933 sic
1753 874 1938 934 utaris
1995 875 2162 949 quasi
2221 874 2491 941 nomine;
2554 874 2603 932 si
2652 891 2789 934 vero
2834 874 2896 932 in
2943 892 2975 932 e

337 984 363 1024 5
391 974 578 1033 mittat
635 971 981 1040 ablativum,
1039 975 1122 1034 sic
1177 976 1362 1036 utaris
1419 976 1581 1052 quasi
1637 975 1963 1054 participio.
2057 994 2192 1036 uam
2238 975 2433 1034 omnia
2478 976 2789 1054 participia
2833 976 2895 1035 in
2944 993 2975 1033 e

389 1075 626 1136 mittunt
673 1073 1019 1144 ablativum
1065 1078 1304 1137 nomina
1351 1095 1519 1147 vero,
1559 1068 1633 1138 ‘ut
1662 1078 1891 1157 possint
1920 1075 2205 1145 discerni,
2252 1078 2274 1135 i
2321 1078 2730 1137 terminantur.
2785 1075 2976 1137 sicubi

388 1183 582 1237 autem
638 1178 936 1239 inveneris
991 1179 1365 1257 participium
1418 1180 1438 1238 i
1499 1181 1908 1250 terminatum,
1972 1179 2113 1239 lecit
2168 1180 2487 1240 necessitas
2542 1179 2746 1246 metri;
2807 1176 2975 1238 aliter

389 1297 508 1339 non
553 1286 662 1341 est.
2353 1340 2363 1347 .

557 1382 847 1443 Accidunt
890 1390 1180 1462 tempora.
1252 1391 1516 1463 tempora
1562 1384 1625 1443 in
1670 1384 1997 1463 participiis
2042 1385 2154 1445 tria
2201 1393 2367 1453 sunt,
2415 1402 2703 1464 praesens
2746 1390 2976 1462 praete·
3002 1378 3179 1459 417'‚9

317 1496 366 1534 1⁰
395 1486 570 1545 ritum
630 1493 687 1545 et
742 1485 1030 1547 futurum.
1122 1484 1226 1546 sed
1280 1503 1567 1565 praesens
1625 1485 1876 1565 simplex
1933 1495 2063 1555 est,
2125 1488 2511 1566 praeteritum
2564 1483 2810 1565 simplex
2871 1494 2974 1552 est,
3006 1466 3212 1523 51:3‚22

392 1588 656 1648 futurum
703 1584 920 1665 duplex
965 1595 1088 1663 est⁸
1161 1588 1244 1648 ita
1300 1590 1364 1648 fit
1421 1596 1485 1648 ut
1539 1597 1807 1669 tempora
1855 1588 2090 1668 quidem
2136 1590 2248 1649 tria
2304 1591 2449 1660 sint,
2496 1585 2736 1666 regulae
2782 1594 2977 1646 autem

391 1696 666 1768 quattuor
711 1689 845 1748 sint.
910 1700 1046 1749 nam
1092 1708 1377 1769 praesens
1419 1692 1799 1771 participium
1848 1709 2025 1752 unam
2058 1690 2236 1752 hahet
2264 1690 2528 1770 regulam
2562 1692 2624 1750 in
2653 1708 2740 1759 ηε,
2774 1686 2978 1767 legens

391 1789 662 1852 scribens
717 1798 988 1860 cantans;
1052 1795 1435 1871 praeteritum
1503 1795 1882 1873 participium
1946 1787 2120 1854 u'nam
2178 1794 2385 1863 hahet,
2453 1793 2511 1854 id
2569 1799 2659 1852 est
2715 1789 2977 1868 singulas

389 1891 626 1972 regulas
682 1892 863 1954 habet
916 1912 1024 1973 per
1079 1893 1324 1975 sinlgula
1380 1915 1628 1975 genera,
1691 1896 1879 1956 lectus
1932 1896 2217 1974 scriptus;
2278 1894 2544 1956 futurum
2598 1894 2973 1974 participium

315 2004 494 2057 15aut
532 1998 595 2057 in
639 2014 743 2056 rus
799 1996 919 2056 exit
975 2004 1077 2057 aut
1130 1998 1193 2058 in
1252 1997 1363 2059 dus
1420 1997 1690 2058 similiter
1746 2016 1855 2077 per
1923 1999 2032 2057 tria
2099 2014 2347 2075 genera,
2421 1996 2682 2057 lecturus
2747 1994 2975 2055 lectura

389 2096 710 2169 lecturum,
758 2096 1048 2176 legendus
1092 2098 1341 2178 legenda
1384 2098 1719 2178 legendum.

558 2199 787 2263 Accidit
841 2203 1017 2262 etiam
1074 2202 1423 2281 significatio
1481 2203 1829 2282 participiis,
1920 2202 2377 2280 significationes
2440 2201 2889 2279 participiorum
2948 2218 2978 2260 a
3010 2220 3124 2276 514,
3155 2221 3216 2269 19

392 2302 707 2364 verborum
754 2302 1074 2382 generibus
1118 2312 1451 2365 sumuntur.
1525 2322 1747 2382 genera
1794 2303 2114 2365 verborum
2159 2303 2409 2382 legimus
2457 2306 2744 2382 quinque,
2794 2304 2979 2362 activa

394 2406 622 2485 passiva
691 2413 904 2466 neutra
972 2407 1311 2467 communia
1381 2406 1758 2486 deponentia.
1852 2424 1993 2484 ergo
2052 2405 2124 2466 ab
2180 2408 2368 2468 activo
2424 2405 2605 2466 verbo
2664 2404 2780 2465 duo
2847 2411 2984 2464 sunt

314 2527 368 2567 πο
393 2509 730 2587 partieipia,
787 2524 1069 2586 praesens
1127 2515 1185 2568 et
1239 2509 1533 2578 futurum,
1591 2508 1862 2569 scribens
1906 2509 2261 2588 scripturuS,
2319 2508 2540 2569 docens
2585 2506 2899 2576 docturus;
2948 2526 2979 2566 a

393 2610 622 2689 passivo
678 2608 794 2670 (luo
852 2618 992 2670 sunt
1034 2612 1378 2690 participia,
1435 2612 1821 2691 praeteritum
1868 2618 1926 2670 et
1968 2612 2260 2682 futurum,
2309 2612 2565 2691 scriptus
2610 2608 2978 2671 scribendus,

394 2729 590 2792 neque
633 2711 825 2772 Latini
880 2721 1128 2792 possunt
1183 2712 1406 2775 habere
1449 2715 1513 2773 in
1557 2715 1793 2794 passivo
1838 2730 2125 2793 praesens
2170 2731 2364 2792 neque
2408 2716 2468 2774 in
2515 2714 2703 2773 activo
2750 2720 2980 2792 praete·

393 2815 600 2884 ritum;
661 2815 873 2875 Graeci
929 2814 1175 2885 habent,
1235 2825 1294 2876 et
1346 2816 1569 2877 idcirco
1616 2818 1993 2896 praemonui,
2052 2835 2127 2876 ne
2184 2817 2354 2896 quasi
2400 2816 2635 2877 trahant
2677 2825 2737 2876 te
2783 2813 2980 2875 elocu-

393 2918 584 2978 tionae
626 2934 903 2995 graecae,
953 2926 1012 2979 et
1054 2916 1198 2978 velis
1243 2907 1413 2979 aliter
1456 2937 1700 2999 ponere.
1764 2937 1901 2979 nam
1932 2919 2305 2997 participium
2351 2918 2659 2998 praeteriti
2702 2919 2984 2997 temporis

318 3037 370 3078 25
396 3017 471 3079 ab
516 3020 703 3079 activo
747 3019 939 3080 Latini
983 3038 1102 3080 non
1150 3017 1399 3090 habent;
1446 3023 1589 3083 item
1633 3022 2008 3101 participium
2066 3023 2396 3100 praesentis
2439 3021 2727 3098 temporis
2772 3038 2804 3078 a
2848 3038 2978 3099 pas-

395 3122 517 3181 sivo
561 3120 755 3181 Latini
810 3139 929 3181 non
988 3119 1236 3190 habent;
1296 3122 1403 3183 sed
1458 3122 1572 3183 duo
1631 3123 1855 3184 habent
1910 3121 1983 3183 ab
2030 3125 2216 3184 activo
2278 3131 2336 3184 et
2380 3122 2494 3183 duo
2540 3141 2572 3182 a
2617 3122 2877 3201 passim,
2922 3121 2980 3181 id
3162 3185 3171 3192 .

398 3231 489 3284 est
533 3222 608 3283 ab
652 3224 843 3284 activo
898 3241 1185 3303 praesens
1230 3232 1289 3284 et
1332 3225 1627 3295 futurum,
1689 3244 1722 3284 a
1768 3226 1997 3305 passivo
2041 3225 2427 3303 praeteritum
2474 3232 2533 3285 et
2576 3224 2856 3284 futurum.
2949 3242 2979 3283 a
3006 3239 3121 3291 417.
3153 3238 3212 3285 1⁸2

397 3332 607 3386 neutro
665 3324 781 3385 duo
837 3327 1079 3387 veniunt
1135 3328 1470 3406 participia,
1530 3346 1597 3386 ea
1654 3344 1806 3404 quae
1852 3325 1926 3386 ab
1984 3327 2202 3396 activo,
2260 3346 2546 3407 praesens
2594 3333 2652 3386 et
2695 3327 2979 3388 futurum.

399 3435 458 3488 et
500 3429 670 3489 iuste.
760 3446 896 3489 nam
941 3430 1218 3508 quoniam
1264 3430 1351 3490 sic
1395 3428 1725 3489 declinatur
1768 3427 2036 3489 neutrale
2080 3427 2348 3497 verbum,
2398 3447 2572 3508 quem
2622 3427 2693 3488 ad
2740 3428 2979 3489 modum

322 3532 651 3591 soactivum
719 3528 1048 3590 declinatur
1115 3529 1392 3602 verbum,
1461 3549 1707 3592 necesse
1761 3529 1966 3591 habuit
2029 3551 2093 3593 ea
2156 3530 2379 3591 habere
2433 3531 2772 3610 participia,
2835 3548 2983 3608 quae

398 3630 576 3693 hahet
619 3632 792 3692 etiam
840 3634 1117 3694 activum.
1183 3632 1508 3694 secundum
1557 3629 1714 3693 enim'
1761 3632 2216 3694 declinationem
2262 3633 2612 3694 ordinantur
2656 3633 2985 3711 participia.

401 3753 541 3813 ergo
587 3736 638 3795 si
681 3735 767 3795 sic
813 3733 1064 3795 dicimus
1110 3742 1275 3805 nato,
1336 3754 1511 3815 quem
1556 3735 1628 3795 ad
1674 3735 1915 3797 modum
1964 3735 2214 3797 dicimus
2271 3733 2403 3813 lego
2451 3734 2554 3811 (sic
2600 3736 2758 3795 enim
2805 3733 2985 3794 decli-

399 3837 624 3916 natur),
672 3837 876 3916 utique
917 3838 1045 3916 ipsa
1091 3837 1313 3897 debent
1358 3855 1487 3897 esse
1531 3838 1870 3916 participia,
1924 3836 1931 3918 Ι
1980 3857 2131 3917 quae
2160 3840 2390 3898 suntin
2436 3837 2530 3897 his
2560 3836 2780 3907 verbi5‚
2829 3836 2984 3898 unde

398 3941 575 4000 traxit
617 3937 1082 4001 similitudinem.
1173 3955 1314 4016 ergo
1360 3938 1475 3999 duo
1521 3948 1661 4001 sunt
1703 3941 2011 4019 participia
2057 3959 2089 4000 a
2133 3938 2390 4000 neutrali
2432 3936 2633 3998 verbo.
2725 3956 2756 3999 a
2803 3938 2983 4017 depo-

297 4035 375 4096 '35
404 4043 566 4103 nenti
610 4043 719 4102 tria
768 4049 906 4103 sunt
948 4041 1289 4120 participia,
1336 4059 1619 4121 praesens
1661 4043 2050 4120 praeteritum
2083 4049 2141 4102 et
2169 4041 2434 4101 futurum
2477 4040 2689 4102 in·rus
2732 4049 2981 4101 tantum.

403 4161 537 4203 nam
581 4142 718 4203 ideo
762 4142 1079 4203 voluerunt
1122 4142 1239 4202 dici
1283 4141 1589 4224 deponens
1634 4142 1907 4212 verbum,
1958 4162 2029 4204 eo
2075 4143 2228 4222 quod
2276 4142 2532 4220 deponat
2575 4162 2756 4204 unum
2800 4145 2981 4225 parti-

400 4246 648 4325 cipium,
696 4245 852 4324 quod
900 4247 960 4304 in
1008 4243 1120 4304 dus
1167 4245 1302 4305 exit.
1366 4263 1499 4306 nam
1544 4244 1693 4306 salso
1739 4244 1971 4315 dicunt,
2018 4244 2203 4305 habes
2246 4245 2360 4305 hoc
2402 4245 2467 4303 in
2510 4244 2725 4316 Probo,
2774 4244 2982 4306 salsum

400 4354 517 4417 est,
566 4346 736 4417 dicit,
801 4346 958 4426 quod
1015 4344 1222 4406 dicunt
1276 4345 1524 4408 verbum
1570 4347 1879 4425 deponens
1925 4365 2053 4406 esse
2099 4346 2172 4407 ab
2219 4365 2316 4415 eo,
2364 4345 2519 4424 quod
2567 4364 2685 4407 non
2732 4345 2988 4427 deponat

399 4466 429 4507 r
473 4447 756 4518 litteram,
806 4450 972 4526 quasi
1016 4456 1144 4511 cata
1188 4447 1574 4528 antiphrasin,
1624 4465 1740 4525 quo
1786 4447 1963 4509 modo
2008 4449 2256 4509 dicimus
2300 4448 2515 4508 Parcas
2559 4447 2633 4509 ah
2680 4467 2780 4518 eo,
2828 4448 2983 4526 quod

534 4673 568 4722 4
607 4672 753 4733 quasi
787 4686 816 4720 a
853 4674 1055 4722 nomine
1092 4673 1143 4722 A
1285 4671 1348 4722 12
1386 4672 1435 4719 in
1468 4686 1559 4720 ens
1591 4671 1642 4721 A
1655 4672 1696 4721 C
1722 4686 1860 4723 corr.
1902 4673 1952 4720 in
1985 4686 2043 4721 ns
2070 4671 2121 4722 B
2263 4670 2334 4722 32
2374 4686 2497 4738 ergo
2527 4672 2601 4722 sic
2635 4669 2707 4734 (si
2735 4672 2840 4722 Bc
2861 4688 2981 4722 corr

400 4740 474 4789 sic
511 4740 607 4805 bc)
648 4740 863 4792 dicimus
908 4743 1025 4809 lego
1071 4742 1497 4807 quemadmodum
1537 4742 1752 4792 dicimus
1803 4751 1919 4791 nato
1958 4743 2030 4792 sic
2070 4742 2205 4790 euim
2255 4741 2575 4792 declinantur
2613 4742 2780 4792 ABG
2916 4742 2982 4793 37

402 4824 518 4860 nam
554 4810 682 4860 salso
714 4811 764 4860 A
777 4810 826 4861 B
847 4811 888 4861 C
921 4828 1035 4861 nam
1067 4813 1214 4862 aliter
1244 4812 1371 4862 salso
1405 4828 1440 4861 a
1611 4812 1661 4861 in
1702 4809 1886 4877 Probo]
1936 4812 2003 4874 cf.
2041 4812 2214 4877 praef.
2244 4827 2452 4877 yram.
2485 4815 2584 4865 vol.
2626 4814 2694 4861 lV
2728 4828 2782 4876 p.
2816 4812 2983 4862 XXlll

505 4881 693 4931 falsum
718 4891 798 4930 est
831 4882 950 4931 dicit
984 4884 1118 4946 qnod
1147 4883 1322 4931 dicum
1349 4881 1516 4934 Bon*
1555 4882 1740 4932 falsum
1774 4883 1905 4931 enim
1939 4883 2057 4930 dicit
2085 4883 2247 4943 (corr.
2279 4883 2451 4932 dicunt
2487 4883 2547 4948 a)
2573 4884 2707 4946 quod
2737 4883 2907 4932 dicunt
2934 4885 2983 4932 Α

2424 4968 2579 5034 17*
