3541 5564
1602 380 1745 441 ARS
2382 402 2387 405 ⁴
2828 375 2956 440 443

383 562 569 648 iungi
614 560 824 628 solent
867 571 933 628 et
975 585 1059 628 ex
1103 562 1224 628 hoc
1266 563 1410 649 ipso
1454 561 1677 628 codice
1721 562 2002 649 primum
2046 561 2227 627 edita
2269 568 2423 626 sunt
2466 560 2637 625 anal.
2682 582 2954 646 gramm.

383 665 668 732 Vindob.
726 687 788 751 p.
840 666 993 748 184,
1050 672 1249 731 omnia
1304 671 1665 746 deponentia
1706 700 1794 713 --
1842 670 2081 730 tertiam
2122 668 2240 730 sibi
2277 670 2756 744 coniuqationem
2799 684 2952 730 uen-
3034 690 3039 695 ·

383 772 567 833 dicat.
642 773 912 847 explicit.
1000 767 1068 831 in
1123 775 1344 833 vetere
1415 768 1734 853 scriptura
1808 765 2135 853 permulta
2202 774 2435 852 postea
2498 774 2788 831 correcta
2851 766 2956 833 vel

383 869 611 934 addita
666 878 850 951 sunt,
908 891 1075 955 quae
1130 871 1369 955 partim
1424 870 1509 934 ab
1563 870 1706 956 ipso
1761 880 1985 935 vetere
2039 865 2346 950 librario,
2401 868 2639 955 partim
2696 867 2961 934 divers'a

382 970 646 1057 quidem
689 993 922 1052 manu,
968 971 1086 1036 sed
1130 971 1358 1037 eodem
1398 980 1722 1057 tempore,
1768 969 2010 1057 partim
2039 972 2286 1035 recenti
2315 992 2512 1035 manu
2543 971 2787 1057 scripta
2815 993 2959 1036 esse

382 1073 529 1140 visa
571 1082 724 1139 sunt
766 1071 1215 1139 Lindemanno
1232 1122 1250 1156 ,
1296 1073 1480 1138 cuius
1511 1072 1969 1139 auctoritatem
2011 1074 2081 1137 in
2121 1071 2475 1138 indicanda
2518 1071 2759 1137 codicis
2804 1072 2958 1138 scri-

382 1185 575 1263 ptura
618 1184 881 1240 secutus
928 1197 1092 1240 sum.
1148 1198 1295 1241 eam
1323 1184 1541 1242 tamen
1569 1177 1637 1240 in
1668 1175 1926 1240 schedis
1970 1173 2176 1261 ipsius
2220 1196 2415 1240 manu
2460 1174 2720 1261 scriptis
2764 1172 2960 1261 paulo

382 1278 748 1343 accuratius
794 1299 987 1364 quam
1029 1279 1097 1341 in
1141 1278 1426 1344 editione
1468 1277 1859 1364 descriptam
1915 1277 2259 1342 habebam.
2346 1275 2685 1341 Parisinus
2728 1277 2959 1359 codex,

384 1379 466 1445 de
520 1401 647 1466 quo
699 1381 767 1443 in
822 1379 1229 1465 praefatione
1285 1379 1599 1446 librorum
1653 1381 1974 1445 minorum
2030 1379 2351 1445 Prisciani
2394 1378 2524 1446 vol.
2570 1376 2680 1442 III
2722 1400 2789 1464 p.
2833 1377 2960 1443 396

384 1481 557 1566 dixi,
602 1502 772 1548 nono
804 1481 1063 1547 saeculo
1094 1455 1377 1568 scriptus
1422 1492 1540 1563 est,
1586 1481 1634 1548 f.
1668 1482 1962 1548 89—104
1991 1487 2205 1563 incipit
2228 1487 2520 1562 proloqus
2546 1486 2694 1546 libri
2731 1487 2956 1546 euticis.

385 1590 529 1649 Cum
571 1604 805 1664 semper
849 1622 916 1630 —
966 1590 1253 1650 nendicat
1291 1589 1426 1649 sihi.
1484 1583 1675 1649 huius
1719 1583 1965 1650 codicis
2021 1583 2329 1649 lectiones
2374 1592 2547 1667 tum,
2593 1604 2740 1648 cum
2769 1583 2959 1648 Clau-

384 1685 479 1751 dii
532 1686 810 1752 Puteani
864 1693 1034 1767 erat,
1091 1708 1132 1751 a
1172 1685 1525 1751 Wouwero
1584 1687 1915 1773 accepisse
1970 1685 2233 1752 videtur
2288 1684 2660 1751 Putschius.
2748 1684 2960 1752 codex

381 1787 891 1873 Tegernseensis
946 1787 1194 1853 formae
1249 1787 1611 1875 quadratae
1663 1789 1932 1855 minoris
1989 1786 2331 1853 undecimo
2375 1787 2636 1852 saeculo
2680 1789 2960 1874 scriptus

381 1898 534 1976 post
586 1889 877 1954 carmina
941 1888 1233 1955 Iuvencii
1286 1890 1486 1955 habet
1539 1890 1906 1977 Eutychem
1963 1912 2025 1975 p.
2076 1890 2430 1972 73-144‚
2483 1895 2638 1955 liber
2690 1895 2956 1956 eutichii.

383 1996 528 2058 Cum
570 2012 801 2071 semper
843 2026 928 2037 —-
968 2012 1094 2056 esse
1147 2003 1564 2057 monstratum.
1655 1993 1950 2079 sequitur
2001 1989 2219 2077 glossa
2260 1990 2329 2055 in
2371 1990 2610 2056 Focam
2625 2039 2645 2073 ,
2704 1991 2787 2056 de
2831 2014 2962 2079 qua

384 2115 585 2179 supra
624 2116 690 2180 p.
714 2092 841 2157 406
885 2092 1127 2159 dictum
1173 2102 1292 2159 est.
1352 2094 1643 2160 eiusdem
1685 2095 1824 2159 fere
1865 2094 2099 2159 aetatis
2144 2101 2248 2157 est
2286 2090 2493 2157 codex
2520 2092 2959 2179 Frisingensis

383 2195 539 2260 item
569 2196 820 2260 formae
849 2194 1208 2281 quadratae
1237 2196 1530 2278 minoris,
1575 2195 1624 2261 f.
1662 2195 1869 2261 1—29
1912 2201 2130 2276 incipit
2172 2216 2277 2260 ars
2318 2200 2503 2260 eutici
2530 2195 2665 2279 (vel
2694 2198 2955 2284 euticis).

386 2301 529 2362 Cum
570 2318 806 2377 semper
845 2335 932 2348 —
974 2317 1101 2362 esse
1142 2309 1558 2364 monstratum.
1635 2304 1891 2379 explicit
1933 2319 2040 2362 ars
2080 2303 2290 2362 euticis
2328 2303 2731 2377 yrammatici.
2808 2296 2960 2362 sub-

382 2400 553 2464 iecta
597 2410 698 2464 est
742 2399 1024 2486 epitome
1068 2401 1208 2465 sive
1250 2397 1704 2486 recapitulatio
1748 2399 2123 2485 regularum
2168 2398 2490 2486 Eutychis
2536 2398 2584 2464 f.
2628 2399 2960 2465 29*—31*

383 2506 585 2579 [citur
649 2507 1029 2582 differentias
1092 2512 1376 2581 quattuor
1438 2509 1921 2582 coniuyotionum
1981 2512 2167 2582 prout
2222 2507 2510 2582 paruitas
2571 2522 2704 2567 mea
2766 2507 2961 2568 ualuit

370 2610 550 2684 prius
601 2609 792 2668 lector
844 2625 924 2667 ex
970 2610 1176 2684 prima
1222 2625 1497 2692 persona
1549 2609 1816 2670 breuiter
1880 2610 2188 2688 expositas
2242 2613 2538 2684 aynoscat
2589 2642 2665 2650 —
2723 2609 2785 2668 in
2839 2624 2961 2668 xor

267 2791 270 2793 q
381 2717 576 2770 nutem
621 2710 956 2771 desinentia
994 2712 1236 2787 primae
1276 2718 1413 2772 sunt
1446 2712 1898 2788 coniuqationis
1939 2718 2007 2772 ut
2047 2712 2227 2772 rixor
2269 2712 2590 2787 amplexor
2631 2716 2690 2770 et
2728 2716 2954 2771 cetera.

382 2818 585 2874 totam
642 2808 965 2895 epitomen
1023 2807 1233 2875 edidit
1288 2809 1674 2895 Spengelius
1727 2809 1799 2872 in
1850 2829 2127 2874 censura
2181 2809 2483 2874 editionis
2527 2807 2957 2873 Lindemanni

383 2911 635 2997 ephem.
680 2910 986 2976 scholast.
1043 2934 1102 2976 a.
1154 2911 1316 2976 1832
1371 2933 1435 2998 p.
1479 2910 1602 2975 281
1650 2933 1792 2997 sqq.
1851 2905 2167 2976 sed‘cum
2211 2910 2605 2976 Bobiensem
2648 2910 2955 2994 codicem,

382 3035 574 3098 quem
618 3009 825 3078 solum
859 3011 1091 3078 ducem
1122 3022 1385 3078 secutus
1431 3023 1572 3078 erat
1600 3011 2089 3078 Lindemannus
2103 3062 2123 3096 ,
2168 3022 2434 3099 propter
2477 3011 2957 3099 neglegentiam

383 3115 747 3201 scripturae
808 3123 874 3178 et
938 3116 1201 3180 crebras
1268 3115 1750 3180 emendationes
1815 3113 2036 3179 multis
2094 3113 2258 3180 locis
2313 3114 2603 3180 viderem
2667 3115 2959 3181 incertae

383 3214 537 3279 fidei
581 3236 757 3297 esse,
816 3215 969 3279 huic
1022 3214 1523 3302 praeferendam
1566 3238 1708 3281 esse
1753 3216 1915 3282 duxi
1958 3217 2412 3282 auctoritatem
2458 3216 2744 3283 Parisini
2787 3217 2956 3299 libri,

384 3318 494 3402 qui
538 3327 605 3382 et
657 3326 960 3382 accurate
1015 3318 1297 3405 scriptus
1355 3326 1422 3381 et
1473 3319 1698 3404 paucis
1743 3318 1931 3401 locis,
1987 3318 2268 3384 maxime
2311 3319 2434 3383 sub
2479 3317 2675 3383 finem
2719 3320 2957 3404 operis,

384 3417 582 3505 idque
624 3419 890 3506 antiquo
935 3428 1225 3508 tempore
1269 3427 1595 3484 correctus
1626 3429 1746 3485 est.
1807 3422 2027 3507 itaque
2068 3419 2262 3485 huius
2307 3419 2721 3506 potissimum
2764 3419 2955 3485 fidem

385 3531 645 3587 secutus
691 3543 866 3604 sum,
912 3523 1326 3609 maximeque
1368 3521 1438 3585 in
1481 3521 1695 3586 forma
1738 3521 2088 3605 orationis,
2145 3523 2213 3587 in
2257 3544 2386 3608 qua
2430 3543 2671 3606 magna
2713 3532 2813 3587 est
2854 3544 2955 3586 co-

385 3622 599 3687 dicum
658 3623 1036 3706 diversitas,
1096 3633 1163 3688 et
1215 3623 1282 3687 in
1338 3621 1655 3710 exemplis
1710 3623 2063 3690 verborum
2128 3622 2618 3706 enumerandis,
2681 3639 2955 3710 quorum

381 3724 540 3791 ordo
588 3748 782 3812 saepe
825 3726 1243 3813 perturbatus
1291 3735 1422 3807 est,
1467 3725 1849 3812 plerumque
1892 3727 2083 3791 unius
2131 3725 2375 3789 codicis
2421 3725 2771 3807 rationem,
2830 3726 2956 3790 nisi

381 3827 643 3913 quidem
701 3837 925 3914 aperte
980 3836 1287 3914 corrupta
1341 3838 1482 3893 erat
1526 3826 1631 3894 vel
1674 3837 1855 3894 certa
1897 3827 2156 3915 pristini
2202 3826 2448 3893 ordinis
2493 3827 2735 3892 indicia
2778 3837 2954 3893 exta-

379 3928 570 4013 bant,
619 3929 984 4015 exprimere
1026 3951 1221 4015 quam
1266 3928 1564 4015 pluribus
1592 3927 1846 3995 collatis
1893 3929 2155 3996 diversa
2197 3928 2500 4014 colligere
2531 3928 2637 3995 vel
2680 3930 2766 3994 ad
2811 3951 2955 3995 con-

382 4032 691 4096 stantiam
738 4030 1061 4118 quandam
1107 4040 1173 4096 et
1217 4030 1747 4117 aequabilitatem
1793 4030 2010 4097 omnia
2051 4053 2360 4097 revocare
2384 4030 2625 4117 malui.
2713 4032 2783 4095 in
2827 4030 2954 4095 ‹lis-

380 4132 716 4221 crepantia
770 4143 990 4199 autem
1044 4133 1344 4199 codicum
1399 4132 1751 4198 indicanda
1804 4156 1947 4198 eam
2002 4132 2214 4219 legem
2257 4135 2476 4215 tenui,
2521 4141 2594 4198 ut
2636 4134 2959 4219 scriptura

380 4236 627 4301 codicis
671 4234 989 4318 Parisini,
1034 4257 1229 4322 quem
1274 4234 1775 4300 fundamentum
1817 4235 2215 4301 recensionis
2271 4257 2416 4301 esse
2457 4234 2666 4317 volui,
2725 4245 2791 4299 et
2833 4235 2956 4298 Bo-

381 4337 657 4420 biensis,
691 4338 796 4402 cui
828 4338 1184 4404 secundum
1214 4335 1428 4403 locum
1458 4336 1785 4419 concessi,
1817 4337 2043 4422 paucis
2075 4336 2468 4423 quibusdam
2499 4347 2565 4402 et
2607 4335 2957 4401 levissimis

381 4440 573 4503 rebus
620 4439 912 4525 exceptis
957 4440 1214 4524 integra
1256 4447 1725 4525 proponeretur
1743 4487 1762 4521 ,
1810 4461 1895 4503 ex
1923 4437 2400 4523 Tegernseensi
2445 4447 2511 4502 et
2552 4437 2960 4523 Frisingensi

381 4549 597 4605 autem
642 4564 722 4605 ea
764 4563 931 4628 quae
975 4539 1081 4607 vel
1124 4542 1366 4607 rectius
1411 4541 1477 4605 in
1520 4539 1623 4605 his
1656 4563 1852 4627 quam
1894 4541 1961 4604 in
2006 4538 2137 4604 illis
2171 4541 2414 4627 scripta
2443 4549 2597 4605 sunt
2622 4538 2731 4604 vel
2761 4538 2960 4625 digna
3040 4573 3043 4582 ν

381 4663 521 4705 esse
565 4645 875 4708 memoria
917 4642 1313 4710 videbantur
1355 4642 1837 4709 exhiberentur.
1902 4664 2292 4729 quamquam
2336 4642 2406 4705 in
2450 4641 2758 4707 Bobiensi
2801 4661 2956 4728 quo-

381 4766 506 4829 que
551 4742 776 4809 codice
819 4744 1295 4831 neglegentiam
1328 4745 1569 4810 veteris
1613 4744 1867 4810 librarii
1909 4744 2016 4811 vel
2061 4766 2251 4810 curas
2297 4754 2731 4810 correctorum
2777 4765 2954 4808 scru-

379 4845 605 4932 pulose
649 4846 938 4912 indicare
967 4848 1196 4913 inutile
1226 4869 1369 4914 esse
1398 4847 1589 4932 duxi3
1636 4847 2147 4933 Tegernseensis
2178 4856 2396 4914 autem
2426 4854 2492 4912 et
2517 4845 2956 4931 Frisingensis

2418 4950 2552 5015 29*
