<?xml version="1.0" encoding="UTF-8"?>
<!DOCTYPE html PUBLIC "-//W3C//DTD XHTML 1.0 Transitional//EN"
    "http://www.w3.org/TR/xhtml1/DTD/xhtml1-transitional.dtd">
<html xmlns="http://www.w3.org/1999/xhtml" xml:lang="en" lang="en">
 <head>
  <title>
</title>
<meta http-equiv="Content-Type" content="text/html;charset=utf-8" />
  <meta name='ocr-system' content='tesseract 3.04.00' />
  <meta name='ocr-capabilities' content='ocr_page ocr_carea ocr_par ocr_line ocrx_word'/>
</head>
<body>
  <div class='ocr_page' id='page_1' title='image "./grammaticilatin10keilgoog_0470.png"; bbox 0 0 3541 5564; ppageno 0'>
   <div class='ocr_carea' id='block_1_1' title="bbox 550 311 2020 377">
    <p class='ocr_par' dir='ltr' id='par_1_1' title="bbox 550 311 2020 377">
     <span class='ocr_line' id='line_1_1' title="bbox 550 311 2020 377; baseline -0.003 -1"><span class='ocrx_word' id='word_1_1' title='bbox 550 311 676 377; x_wconf 82' lang='lat'>462</span> <span class='ocrx_word' id='word_1_2' title='bbox 1651 311 2020 372; x_wconf 84' lang='lat' dir='ltr'>EVTYCHIS</span> 
     </span>
    </p>
   </div>
   <div class='ocr_carea' id='block_1_2' title="bbox 489 417 3230 3848">
    <p class='ocr_par' dir='ltr' id='par_1_2' title="bbox 552 417 3218 2113">
     <span class='ocr_line' id='line_1_2' title="bbox 603 417 3072 477; baseline -0.002 -16"><span class='ocrx_word' id='word_1_3' title='bbox 603 436 645 477; x_wconf 83' lang='lat' dir='ltr'>p.</span> <span class='ocrx_word' id='word_1_4' title='bbox 675 425 760 465; x_wconf 84' lang='lat'>168.</span> <span class='ocrx_word' id='word_1_5' title='bbox 787 426 837 463; x_wconf 79' lang='grc'>69</span> <span class='ocrx_word' id='word_1_6' title='bbox 865 421 909 461; x_wconf 82' lang='lat' dir='ltr'>L.</span> <span class='ocrx_word' id='word_1_7' title='bbox 2726 432 2767 472; x_wconf 79' lang='lat' dir='ltr'>p.</span> <span class='ocrx_word' id='word_1_8' title='bbox 2796 418 3000 460; x_wconf 77' lang='lat'>2160-62</span> <span class='ocrx_word' id='word_1_9' title='bbox 3027 417 3072 457; x_wconf 77' lang='grc' dir='ltr'>Ρ.</span> 
     </span>
     <span class='ocr_line' id='line_1_3' title="bbox 552 495 3123 580; baseline -0.002 -16"><span class='ocrx_word' id='word_1_10' title='bbox 552 502 894 565; x_wconf 85' lang='lat' dir='ltr'>inveniebat</span> <span class='ocrx_word' id='word_1_11' title='bbox 938 504 1116 562; x_wconf 90' lang='lat' dir='ltr'>etiam</span> <span class='ocrx_word' id='word_1_12' title='bbox 1163 503 1481 580; x_wconf 85' lang='lat' dir='ltr'>primitiva.</span> <span class='ocrx_word' id='word_1_13' title='bbox 1559 510 1618 560; x_wconf 89' lang='lat' dir='ltr'>et</span> <span class='ocrx_word' id='word_1_14' title='bbox 1662 502 1749 561; x_wconf 89' lang='lat' dir='ltr'>sic</span> <span class='ocrx_word' id='word_1_15' title='bbox 1796 501 1942 561; x_wconf 90' lang='lat' dir='ltr'>alias</span> <span class='ocrx_word' id='word_1_16' title='bbox 1973 501 2249 561; x_wconf 88' lang='lat' dir='ltr'>similiter</span> <span class='ocrx_word' id='word_1_17' title='bbox 2280 501 2685 561; x_wconf 78' lang='lat' dir='ltr'>traductiones</span> <span class='ocrx_word' id='word_1_18' title='bbox 2734 495 2755 579; x_wconf 77' lang='grc' dir='ltr'>Η</span> <span class='ocrx_word' id='word_1_19' title='bbox 2807 499 3123 559; x_wconf 85' lang='lat' dir='ltr'>verborum</span> 
     </span>
     <span class='ocr_line' id='line_1_4' title="bbox 555 602 3123 682; baseline -0.003 -15"><span class='ocrx_word' id='word_1_20' title='bbox 555 602 942 668; x_wconf 66' lang='lat' dir='ltr'>antecedente</span> <span class='ocrx_word' id='word_1_21' title='bbox 990 612 1350 664; x_wconf 82' lang='lat' dir='ltr'>consonante</span> <span class='ocrx_word' id='word_1_22' title='bbox 1399 605 1588 682; x_wconf 87' lang='lat' dir='ltr'>prima</span> <span class='ocrx_word' id='word_1_23' title='bbox 1633 603 1749 663; x_wconf 85' lang='lat' dir='ltr'>sibi</span> <span class='ocrx_word' id='word_1_24' title='bbox 1796 610 2022 663; x_wconf 88' lang='lat' dir='ltr'>tantum</span> <span class='ocrx_word' id='word_1_25' title='bbox 2068 605 2405 680; x_wconf 85' lang='lat' dir='ltr'>coniugatio</span> <span class='ocrx_word' id='word_1_26' title='bbox 2436 603 2720 673; x_wconf 77' lang='lat' dir='ltr'>vindicat,</span> <span class='ocrx_word' id='word_1_27' title='bbox 2765 622 2871 662; x_wconf 85' lang='lat' dir='ltr'>seu</span> <span class='ocrx_word' id='word_1_28' title='bbox 2917 622 2947 662; x_wconf 87' lang='lat' dir='ltr'>a</span> <span class='ocrx_word' id='word_1_29' title='bbox 2997 619 3123 661; x_wconf 88' lang='lat' dir='ltr'>ver·</span> 
     </span>
     <span class='ocr_line' id='line_1_5' title="bbox 556 704 3123 785; baseline -0.002 -16"><span class='ocrx_word' id='word_1_30' title='bbox 556 709 648 769; x_wconf 85' lang='lat' dir='ltr'>bis</span> <span class='ocrx_word' id='word_1_31' title='bbox 691 726 797 769; x_wconf 88' lang='lat' dir='ltr'>seu</span> <span class='ocrx_word' id='word_1_32' title='bbox 843 727 875 768; x_wconf 91' lang='lat' dir='ltr'>a</span> <span class='ocrx_word' id='word_1_33' title='bbox 922 706 1262 766; x_wconf 87' lang='lat' dir='ltr'>nominibus</span> <span class='ocrx_word' id='word_1_34' title='bbox 1306 708 1562 766; x_wconf 90' lang='lat' dir='ltr'>veniant.</span> <span class='ocrx_word' id='word_1_35' title='bbox 1652 705 1850 785; x_wconf 85' lang='lat' dir='ltr'>qualia</span> <span class='ocrx_word' id='word_1_36' title='bbox 1895 712 2032 764; x_wconf 89' lang='lat' dir='ltr'>sunt</span> <span class='ocrx_word' id='word_1_37' title='bbox 2078 707 2138 764; x_wconf 89' lang='lat' dir='ltr'>in</span> <span class='ocrx_word' id='word_1_38' title='bbox 2184 724 2254 764; x_wconf 89' lang='lat' dir='ltr'>co</span> <span class='ocrx_word' id='word_1_39' title='bbox 2299 704 2389 763; x_wconf 87' lang='lat' dir='ltr'>vel</span> <span class='ocrx_word' id='word_1_40' title='bbox 2439 707 2496 764; x_wconf 92' lang='lat' dir='ltr'>in</span> <span class='ocrx_word' id='word_1_41' title='bbox 2554 713 2611 763; x_wconf 86' lang='lat' dir='ltr'>to</span> <span class='ocrx_word' id='word_1_42' title='bbox 2658 705 2746 765; x_wconf 86' lang='lat' dir='ltr'>vel</span> <span class='ocrx_word' id='word_1_43' title='bbox 2803 707 2862 765; x_wconf 91' lang='lat' dir='ltr'>in</span> <span class='ocrx_word' id='word_1_44' title='bbox 2920 705 2977 764; x_wconf 91' lang='lat' dir='ltr'>lo</span> <span class='ocrx_word' id='word_1_45' title='bbox 3036 704 3123 763; x_wconf 90' lang='lat' dir='ltr'>vel</span> 
     </span>
     <span class='ocr_line' id='line_1_6' title="bbox 552 807 3124 887; baseline -0.002 -16"><span class='ocrx_word' id='word_1_46' title='bbox 552 813 614 871; x_wconf 89' lang='lat' dir='ltr'>in</span> <span class='ocrx_word' id='word_1_47' title='bbox 662 813 831 871; x_wconf 88' lang='lat' dir='ltr'>cinor</span> <span class='ocrx_word' id='word_1_48' title='bbox 873 808 964 867; x_wconf 85' lang='lat' dir='ltr'>vel</span> <span class='ocrx_word' id='word_1_49' title='bbox 1007 810 1071 867; x_wconf 88' lang='lat' dir='ltr'>in</span> <span class='ocrx_word' id='word_1_50' title='bbox 1118 810 1238 867; x_wconf 89' lang='lat' dir='ltr'>cito</span> <span class='ocrx_word' id='word_1_51' title='bbox 1283 808 1374 867; x_wconf 88' lang='lat' dir='ltr'>vel</span> <span class='ocrx_word' id='word_1_52' title='bbox 1420 811 1596 868; x_wconf 88' lang='lat' dir='ltr'>etiam</span> <span class='ocrx_word' id='word_1_53' title='bbox 1643 810 1704 868; x_wconf 91' lang='lat' dir='ltr'>in</span> <span class='ocrx_word' id='word_1_54' title='bbox 1751 808 1897 868; x_wconf 90' lang='lat' dir='ltr'>alias</span> <span class='ocrx_word' id='word_1_55' title='bbox 1942 807 2225 887; x_wconf 85' lang='lat' dir='ltr'>quasdam</span> <span class='ocrx_word' id='word_1_56' title='bbox 2270 808 2722 867; x_wconf 81' lang='lat' dir='ltr'>terminationes</span> <span class='ocrx_word' id='word_1_57' title='bbox 2772 807 3124 867; x_wconf 86' lang='lat' dir='ltr'>desinentia.</span> 
     </span>
     <span class='ocr_line' id='line_1_7' title="bbox 555 908 3181 991; baseline -0.003 -19"><span class='ocrx_word' id='word_1_58' title='bbox 555 917 616 972; x_wconf 91' lang='lat' dir='ltr'>in</span> <span class='ocrx_word' id='word_1_59' title='bbox 662 911 877 991; x_wconf 88' lang='lat' dir='ltr'>quihus</span> <span class='ocrx_word' id='word_1_60' title='bbox 923 912 1101 971; x_wconf 90' lang='lat' dir='ltr'>etiam</span> <span class='ocrx_word' id='word_1_61' title='bbox 1148 909 1292 970; x_wconf 91' lang='lat' dir='ltr'>illud</span> <span class='ocrx_word' id='word_1_62' title='bbox 1340 917 1430 969; x_wconf 87' lang='lat' dir='ltr'>est</span> <span class='ocrx_word' id='word_1_63' title='bbox 1473 908 1935 979; x_wconf 83' lang='lat' dir='ltr'>observandum,</span> <span class='ocrx_word' id='word_1_64' title='bbox 1982 910 2136 989; x_wconf 90' lang='lat' dir='ltr'>quod</span> <span class='ocrx_word' id='word_1_65' title='bbox 2184 928 2292 989; x_wconf 88' lang='lat' dir='ltr'>per</span> <span class='ocrx_word' id='word_1_66' title='bbox 2337 927 2542 971; x_wconf 88' lang='lat' dir='ltr'>earum</span> <span class='ocrx_word' id='word_1_67' title='bbox 2588 911 2853 989; x_wconf 90' lang='lat' dir='ltr'>ipsarum</span> <span class='ocrx_word' id='word_1_68' title='bbox 2897 908 3127 969; x_wconf 89' lang='lat' dir='ltr'>clausu·</span> <span class='ocrx_word' id='word_1_69' title='bbox 3155 926 3181 965; x_wconf 83' lang='lat'><strong>5</strong></span> 
     </span>
     <span class='ocr_line' id='line_1_8' title="bbox 558 1011 3127 1091; baseline -0.003 -17"><span class='ocrx_word' id='word_1_70' title='bbox 558 1016 748 1075; x_wconf 88' lang='lat' dir='ltr'>larum</span> <span class='ocrx_word' id='word_1_71' title='bbox 794 1016 1159 1073; x_wconf 88' lang='lat' dir='ltr'>incrementa</span> <span class='ocrx_word' id='word_1_72' title='bbox 1209 1011 1499 1072; x_wconf 81' lang='lat' dir='ltr'>derivatio</span> <span class='ocrx_word' id='word_1_73' title='bbox 1546 1011 1710 1072; x_wconf 86' lang='lat' dir='ltr'>verbi</span> <span class='ocrx_word' id='word_1_74' title='bbox 1773 1012 1923 1071; x_wconf 88' lang='lat' dir='ltr'>solet</span> <span class='ocrx_word' id='word_1_75' title='bbox 1967 1013 2312 1091; x_wconf 77' lang='lat' dir='ltr'>p’rovenire,</span> <span class='ocrx_word' id='word_1_76' title='bbox 2369 1020 2436 1071; x_wconf 92' lang='lat' dir='ltr'>ut</span> <span class='ocrx_word' id='word_1_77' title='bbox 2488 1011 2642 1071; x_wconf 81' lang='lat' dir='ltr'>vello</span> <span class='ocrx_word' id='word_1_78' title='bbox 2686 1011 2854 1070; x_wconf 81' lang='lat' dir='ltr'>vellis</span> <span class='ocrx_word' id='word_1_79' title='bbox 2900 1011 3127 1079; x_wconf 84' lang='lat' dir='ltr'>vellico,</span> 
     </span>
     <span class='ocr_line' id='line_1_9' title="bbox 557 1112 3128 1183; baseline -0.002 -7"><span class='ocrx_word' id='word_1_80' title='bbox 557 1116 714 1176; x_wconf 75' lang='lat' dir='ltr'>fodio</span> <span class='ocrx_word' id='word_1_81' title='bbox 769 1115 922 1175; x_wconf 82' lang='lat' dir='ltr'>sodis</span> <span class='ocrx_word' id='word_1_82' title='bbox 977 1113 1202 1183; x_wconf 80' lang='lat' dir='ltr'>fodico,</span> <span class='ocrx_word' id='word_1_83' title='bbox 1264 1116 1460 1175; x_wconf 89' lang='lat' dir='ltr'>nutrio</span> <span class='ocrx_word' id='word_1_84' title='bbox 1515 1116 1781 1183; x_wconf 89' lang='lat' dir='ltr'>nutrico,</span> <span class='ocrx_word' id='word_1_85' title='bbox 1853 1112 2022 1173; x_wconf 86' lang='lat' dir='ltr'>albus</span> <span class='ocrx_word' id='word_1_86' title='bbox 2080 1113 2200 1174; x_wconf 85' lang='lat' dir='ltr'>albi</span> <span class='ocrx_word' id='word_1_87' title='bbox 2258 1112 2479 1183; x_wconf 84' lang='lat' dir='ltr'>albic0,</span> <span class='ocrx_word' id='word_1_88' title='bbox 2538 1113 2784 1173; x_wconf 87' lang='lat' dir='ltr'>claudus</span> <span class='ocrx_word' id='word_1_89' title='bbox 2842 1112 3128 1181; x_wconf 69' lang='lat' dir='ltr'>claudicQ</span> 
     </span>
     <span class='ocr_line' id='line_1_10' title="bbox 557 1214 3132 1303; baseline -0.003 -26"><span class='ocrx_word' id='word_1_90' title='bbox 557 1217 725 1278; x_wconf 86' lang='lat' dir='ltr'>l&#39;aber</span> <span class='ocrx_word' id='word_1_91' title='bbox 769 1216 1027 1285; x_wconf 76' lang='lat' dir='ltr'>fabrico,</span> <span class='ocrx_word' id='word_1_92' title='bbox 1075 1216 1230 1303; x_wconf 62' lang='lat' dir='ltr'>alter</span> <span class='ocrx_word' id='word_1_93' title='bbox 1269 1216 1552 1286; x_wconf 83' lang='lat' dir='ltr'>altercer,</span> <span class='ocrx_word' id='word_1_94' title='bbox 1613 1218 1983 1276; x_wconf 87' lang='lat' dir='ltr'>communico</span> <span class='ocrx_word' id='word_1_95' title='bbox 2040 1216 2311 1276; x_wconf 80' lang='lat' dir='ltr'>frondico</span> <span class='ocrx_word' id='word_1_96' title='bbox 2366 1214 2610 1275; x_wconf 78' lang='lat' dir='ltr'>debilito</span> <span class='ocrx_word' id='word_1_97' title='bbox 2656 1214 2902 1275; x_wconf 85' lang='lat' dir='ltr'>nobilito</span> <span class='ocrx_word' id='word_1_98' title='bbox 2947 1216 3132 1275; x_wconf 87' lang='lat' dir='ltr'>oscito</span> 
     </span>
     <span class='ocr_line' id='line_1_11' title="bbox 558 1316 3129 1398; baseline -0 -21"><span class='ocrx_word' id='word_1_99' title='bbox 558 1320 867 1398; x_wconf 78' lang='lat' dir='ltr'>periclitor</span> <span class='ocrx_word' id='word_1_100' title='bbox 912 1316 1130 1377; x_wconf 85' lang='lat' dir='ltr'>ventilo</span> <span class='ocrx_word' id='word_1_101' title='bbox 1176 1317 1401 1396; x_wconf 88' lang='lat' dir='ltr'>pullulo</span> <span class='ocrx_word' id='word_1_102' title='bbox 1446 1319 1710 1395; x_wconf 86' lang='lat' dir='ltr'>gratulor</span> <span class='ocrx_word' id='word_1_103' title='bbox 1741 1319 2065 1378; x_wconf 87' lang='lat' dir='ltr'>latrocinor</span> <span class='ocrx_word' id='word_1_104' title='bbox 2096 1318 2407 1387; x_wconf 78' lang='lat' dir='ltr'>febricito;</span> <span class='ocrx_word' id='word_1_105' title='bbox 2455 1319 2701 1396; x_wconf 90' lang='lat' dir='ltr'>parique</span> <span class='ocrx_word' id='word_1_106' title='bbox 2737 1317 2907 1378; x_wconf 85' lang='lat' dir='ltr'>modo</span> <span class='ocrx_word' id='word_1_107' title='bbox 2952 1319 3129 1376; x_wconf 87' lang='lat' dir='ltr'>etiam</span> 
     </span>
     <span class='ocr_line' id='line_1_12' title="bbox 557 1418 3212 1500; baseline -0.003 -20"><span class='ocrx_word' id='word_1_108' title='bbox 557 1424 904 1481; x_wconf 73' lang='lat' dir='ltr'>commissor</span> <span class='ocrx_word' id='word_1_109' title='bbox 960 1421 1194 1479; x_wconf 87' lang='lat' dir='ltr'>sarcino</span> <span class='ocrx_word' id='word_1_110' title='bbox 1257 1418 1457 1499; x_wconf 88' lang='lat' dir='ltr'>[opem</span> <span class='ocrx_word' id='word_1_111' title='bbox 1503 1419 1640 1500; x_wconf 90' lang='lat' dir='ltr'>tuli]</span> <span class='ocrx_word' id='word_1_112' title='bbox 1692 1421 1983 1500; x_wconf 88' lang='lat' dir='ltr'>opitulor,</span> <span class='ocrx_word' id='word_1_113' title='bbox 2042 1429 2281 1500; x_wconf 88' lang='lat' dir='ltr'>praesto</span> <span class='ocrx_word' id='word_1_114' title='bbox 2325 1419 2672 1499; x_wconf 84' lang='lat' dir='ltr'>praestolor.</span> <span class='ocrx_word' id='word_1_115' title='bbox 2761 1421 2822 1478; x_wconf 89' lang='lat' dir='ltr'>in</span> <span class='ocrx_word' id='word_1_116' title='bbox 2868 1437 2943 1496; x_wconf 83' lang='lat' dir='ltr'>go</span> <span class='ocrx_word' id='word_1_117' title='bbox 2986 1438 3131 1498; x_wconf 85' lang='lat' dir='ltr'>quo-</span> <span class='ocrx_word' id='word_1_118' title='bbox 3161 1437 3212 1474; x_wconf 78' lang='grc' dir='ltr'>ιο</span> 
     </span>
     <span class='ocr_line' id='line_1_13' title="bbox 559 1521 3132 1603; baseline -0.001 -21"><span class='ocrx_word' id='word_1_119' title='bbox 559 1542 673 1603; x_wconf 79' lang='lat' dir='ltr'>que</span> <span class='ocrx_word' id='word_1_120' title='bbox 720 1523 1051 1583; x_wconf 86' lang='lat' dir='ltr'>desinentia</span> <span class='ocrx_word' id='word_1_121' title='bbox 1096 1524 1114 1581; x_wconf 94' lang='lat' dir='ltr'>i</span> <span class='ocrx_word' id='word_1_122' title='bbox 1162 1521 1328 1582; x_wconf 87' lang='lat' dir='ltr'>brevi</span> <span class='ocrx_word' id='word_1_123' title='bbox 1360 1522 1776 1591; x_wconf 88' lang='lat' dir='ltr'>antecedente,</span> <span class='ocrx_word' id='word_1_124' title='bbox 1824 1530 1890 1582; x_wconf 92' lang='lat' dir='ltr'>ut</span> <span class='ocrx_word' id='word_1_125' title='bbox 1934 1525 2146 1600; x_wconf 84' lang='lat' dir='ltr'>navigo</span> <span class='ocrx_word' id='word_1_126' title='bbox 2178 1525 2407 1599; x_wconf 84' lang='lat' dir='ltr'>remigo</span> <span class='ocrx_word' id='word_1_127' title='bbox 2438 1521 2609 1597; x_wconf 87' lang='lat' dir='ltr'>litigo</span> <span class='ocrx_word' id='word_1_128' title='bbox 2639 1522 2850 1598; x_wconf 86' lang='lat' dir='ltr'>mitigo</span> <span class='ocrx_word' id='word_1_129' title='bbox 2885 1522 3132 1598; x_wconf 80' lang='lat' dir='ltr'>fumigo,</span> 
     </span>
     <span class='ocr_line' id='line_1_14' title="bbox 561 1622 3135 1701; baseline -0.002 -16"><span class='ocrx_word' id='word_1_130' title='bbox 561 1628 684 1685; x_wconf 78' lang='lat' dir='ltr'>sive</span> <span class='ocrx_word' id='word_1_131' title='bbox 731 1646 762 1685; x_wconf 90' lang='lat' dir='ltr'>a</span> <span class='ocrx_word' id='word_1_132' title='bbox 809 1622 1148 1684; x_wconf 89' lang='lat' dir='ltr'>nominibus</span> <span class='ocrx_word' id='word_1_133' title='bbox 1191 1626 1522 1701; x_wconf 85' lang='lat' dir='ltr'>figurantur</span> <span class='ocrx_word' id='word_1_134' title='bbox 1566 1627 1629 1684; x_wconf 90' lang='lat' dir='ltr'>in</span> <span class='ocrx_word' id='word_1_135' title='bbox 1674 1624 1886 1694; x_wconf 82' lang='lat' dir='ltr'>verba,</span> <span class='ocrx_word' id='word_1_136' title='bbox 1944 1627 2066 1684; x_wconf 85' lang='lat' dir='ltr'>sive</span> <span class='ocrx_word' id='word_1_137' title='bbox 2124 1627 2283 1685; x_wconf 88' lang='lat' dir='ltr'>inest</span> <span class='ocrx_word' id='word_1_138' title='bbox 2339 1626 2425 1683; x_wconf 78' lang='lat' dir='ltr'>eis</span> <span class='ocrx_word' id='word_1_139' title='bbox 2474 1622 2636 1682; x_wconf 88' lang='lat' dir='ltr'>verbi</span> <span class='ocrx_word' id='word_1_140' title='bbox 2683 1623 2839 1701; x_wconf 90' lang='lat' dir='ltr'>quod</span> <span class='ocrx_word' id='word_1_141' title='bbox 2893 1630 2982 1682; x_wconf 79' lang='lat' dir='ltr'>est</span> <span class='ocrx_word' id='word_1_142' title='bbox 3026 1642 3135 1699; x_wconf 83' lang='lat' dir='ltr'>ago</span> 
     </span>
     <span class='ocr_line' id='line_1_15' title="bbox 560 1726 3133 1807; baseline -0.002 -21"><span class='ocrx_word' id='word_1_143' title='bbox 560 1727 847 1807; x_wconf 80' lang='lat' dir='ltr'>quaedam</span> <span class='ocrx_word' id='word_1_144' title='bbox 905 1728 1283 1804; x_wconf 82' lang='lat' dir='ltr'>compositio,</span> <span class='ocrx_word' id='word_1_145' title='bbox 1343 1729 1481 1805; x_wconf 86' lang='lat' dir='ltr'>quia</span> <span class='ocrx_word' id='word_1_146' title='bbox 1541 1745 1674 1787; x_wconf 91' lang='lat' dir='ltr'>cum</span> <span class='ocrx_word' id='word_1_147' title='bbox 1729 1729 1968 1786; x_wconf 89' lang='lat' dir='ltr'>nomine</span> <span class='ocrx_word' id='word_1_148' title='bbox 2027 1734 2491 1806; x_wconf 83' lang='lat' dir='ltr'>componuntur,</span> <span class='ocrx_word' id='word_1_149' title='bbox 2561 1726 2632 1786; x_wconf 86' lang='lat' dir='ltr'>ad</span> <span class='ocrx_word' id='word_1_150' title='bbox 2690 1727 2942 1804; x_wconf 84' lang='lat' dir='ltr'>primam</span> <span class='ocrx_word' id='word_1_151' title='bbox 3002 1727 3133 1785; x_wconf 77' lang='lat' dir='ltr'>iure</span> 
     </span>
     <span class='ocr_line' id='line_1_16' title="bbox 560 1826 3135 1908; baseline -0.001 -19"><span class='ocrx_word' id='word_1_152' title='bbox 560 1831 918 1908; x_wconf 89' lang='lat' dir='ltr'>perveniunt</span> <span class='ocrx_word' id='word_1_153' title='bbox 974 1829 1468 1904; x_wconf 77' lang='lat' dir='ltr'>coniugationem.</span> <span class='ocrx_word' id='word_1_154' title='bbox 1559 1828 1764 1888; x_wconf 86' lang='lat' dir='ltr'>eodem</span> <span class='ocrx_word' id='word_1_155' title='bbox 1821 1828 1995 1889; x_wconf 89' lang='lat' dir='ltr'>modo</span> <span class='ocrx_word' id='word_1_156' title='bbox 2040 1832 2217 1889; x_wconf 87' lang='lat' dir='ltr'>etiam</span> <span class='ocrx_word' id='word_1_157' title='bbox 2263 1828 2335 1888; x_wconf 75' lang='lat' dir='ltr'>al·</span> <span class='ocrx_word' id='word_1_158' title='bbox 2382 1827 2663 1889; x_wconf 88' lang='lat' dir='ltr'>adverbio</span> <span class='ocrx_word' id='word_1_159' title='bbox 2706 1830 2868 1887; x_wconf 87' lang='lat' dir='ltr'>intus</span> <span class='ocrx_word' id='word_1_160' title='bbox 2912 1826 2996 1886; x_wconf 87' lang='lat' dir='ltr'>vel</span> <span class='ocrx_word' id='word_1_161' title='bbox 3045 1829 3135 1886; x_wconf 90' lang='lat' dir='ltr'>in·</span> 
     </span>
     <span class='ocr_line' id='line_1_17' title="bbox 565 1929 3218 2014; baseline -0.003 -23"><span class='ocrx_word' id='word_1_162' title='bbox 565 1940 656 1991; x_wconf 89' lang='lat' dir='ltr'>tro</span> <span class='ocrx_word' id='word_1_163' title='bbox 704 1930 949 1990; x_wconf 78' lang='lat' dir='ltr'>verbum</span> <span class='ocrx_word' id='word_1_164' title='bbox 994 1931 1059 2014; x_wconf 76' lang='lat' dir='ltr'>fit</span> <span class='ocrx_word' id='word_1_165' title='bbox 1103 1932 1261 1989; x_wconf 86' lang='lat' dir='ltr'>intro</span> <span class='ocrx_word' id='word_1_166' title='bbox 1307 1932 1523 1999; x_wconf 87' lang='lat' dir='ltr'>intras,</span> <span class='ocrx_word' id='word_1_167' title='bbox 1574 1940 1631 1990; x_wconf 88' lang='lat' dir='ltr'>et</span> <span class='ocrx_word' id='word_1_168' title='bbox 1662 1948 1701 1990; x_wconf 85' lang='lat' dir='ltr'>a</span> <span class='ocrx_word' id='word_1_169' title='bbox 1731 1932 1969 2009; x_wconf 84' lang='lat' dir='ltr'>penitus</span> <span class='ocrx_word' id='word_1_170' title='bbox 2012 1932 2154 1990; x_wconf 88' lang='lat' dir='ltr'>item</span> <span class='ocrx_word' id='word_1_171' title='bbox 2200 1938 2466 2010; x_wconf 88' lang='lat' dir='ltr'>penetro,</span> <span class='ocrx_word' id='word_1_172' title='bbox 2514 1940 2571 1991; x_wconf 90' lang='lat' dir='ltr'>et</span> <span class='ocrx_word' id='word_1_173' title='bbox 2615 1929 2689 1991; x_wconf 91' lang='lat' dir='ltr'>ab</span> <span class='ocrx_word' id='word_1_174' title='bbox 2735 1948 2804 1989; x_wconf 89' lang='lat' dir='ltr'>eo</span> <span class='ocrx_word' id='word_1_175' title='bbox 2848 1929 3004 2009; x_wconf 89' lang='lat' dir='ltr'>quod</span> <span class='ocrx_word' id='word_1_176' title='bbox 3049 1936 3140 1989; x_wconf 87' lang='lat' dir='ltr'>est</span> <span class='ocrx_word' id='word_1_177' title='bbox 3171 1944 3218 1984; x_wconf 74' lang='lat'>15</span> 
     </span>
     <span class='ocr_line' id='line_1_18' title="bbox 564 2026 3114 2113; baseline -0 -21"><span class='ocrx_word' id='word_1_178' title='bbox 564 2042 785 2093; x_wconf 87' lang='lat' dir='ltr'>temere</span> <span class='ocrx_word' id='word_1_179' title='bbox 830 2041 1057 2092; x_wconf 90' lang='lat' dir='ltr'>temero</span> <span class='ocrx_word' id='word_1_180' title='bbox 1102 2039 1378 2092; x_wconf 83' lang='lat' dir='ltr'>temeraS.</span> <span class='ocrx_word' id='word_1_181' title='bbox 1415 2026 1423 2113; x_wconf 89' lang='grc' dir='ltr'>Ι</span> <span class='ocrx_word' id='word_1_182' title='bbox 3094 2082 3114 2111; x_wconf 76' lang='lat'>,</span> 
     </span>
    </p>

    <p class='ocr_par' dir='ltr' id='par_1_3' title="bbox 489 2131 3230 3848">
     <span class='ocr_line' id='line_1_19' title="bbox 731 2131 3138 2214; baseline 0 -21"><span class='ocrx_word' id='word_1_183' title='bbox 731 2134 805 2194; x_wconf 89' lang='lat' dir='ltr'>Et</span> <span class='ocrx_word' id='word_1_184' title='bbox 849 2153 923 2195; x_wconf 88' lang='lat' dir='ltr'>ne</span> <span class='ocrx_word' id='word_1_185' title='bbox 970 2134 1193 2193; x_wconf 88' lang='lat' dir='ltr'>diutius</span> <span class='ocrx_word' id='word_1_186' title='bbox 1237 2134 1426 2193; x_wconf 89' lang='lat' dir='ltr'>isdem</span> <span class='ocrx_word' id='word_1_187' title='bbox 1469 2134 1803 2195; x_wconf 88' lang='lat' dir='ltr'>rationibus</span> <span class='ocrx_word' id='word_1_188' title='bbox 1834 2136 2097 2193; x_wconf 88' lang='lat' dir='ltr'>inmorer</span> <span class='ocrx_word' id='word_1_189' title='bbox 2145 2131 2398 2214; x_wconf 89' lang='lat' dir='ltr'>(tempus</span> <span class='ocrx_word' id='word_1_190' title='bbox 2428 2137 2586 2195; x_wconf 87' lang='lat' dir='ltr'>enim</span> <span class='ocrx_word' id='word_1_191' title='bbox 2631 2154 2724 2194; x_wconf 89' lang='lat' dir='ltr'>me</span> <span class='ocrx_word' id='word_1_192' title='bbox 2756 2135 2934 2194; x_wconf 87' lang='lat' dir='ltr'>citius</span> <span class='ocrx_word' id='word_1_193' title='bbox 2964 2153 3138 2213; x_wconf 86' lang='lat' dir='ltr'>quam</span> 
     </span>
     <span class='ocr_line' id='line_1_20' title="bbox 563 2236 3139 2317; baseline -0.001 -20"><span class='ocrx_word' id='word_1_194' title='bbox 563 2236 829 2317; x_wconf 82' lang='lat' dir='ltr'>exempla</span> <span class='ocrx_word' id='word_1_195' title='bbox 891 2236 1217 2313; x_wconf 86' lang='lat' dir='ltr'>deficiant),</span> <span class='ocrx_word' id='word_1_196' title='bbox 1278 2238 1326 2297; x_wconf 89' lang='lat' dir='ltr'>si</span> <span class='ocrx_word' id='word_1_197' title='bbox 1388 2254 1592 2296; x_wconf 89' lang='lat' dir='ltr'>omnes</span> <span class='ocrx_word' id='word_1_198' title='bbox 1648 2237 1827 2297; x_wconf 76' lang='lat' dir='ltr'>liuius</span> <span class='ocrx_word' id='word_1_199' title='bbox 1882 2236 2043 2296; x_wconf 90' lang='lat' dir='ltr'>modi</span> <span class='ocrx_word' id='word_1_200' title='bbox 2100 2236 2505 2297; x_wconf 84' lang='lat' dir='ltr'>traductiones</span> <span class='ocrx_word' id='word_1_201' title='bbox 2550 2237 2865 2297; x_wconf 82' lang='lat' dir='ltr'>verborum</span> <span class='ocrx_word' id='word_1_202' title='bbox 2910 2241 3139 2315; x_wconf 89' lang='lat' dir='ltr'>primae</span> 
     </span>
     <span class='ocr_line' id='line_1_21' title="bbox 563 2338 3141 2418; baseline -0.001 -20"><span class='ocrx_word' id='word_1_203' title='bbox 563 2338 745 2399; x_wconf 90' lang='lat' dir='ltr'>solius</span> <span class='ocrx_word' id='word_1_204' title='bbox 790 2339 1224 2415; x_wconf 82' lang='lat' dir='ltr'>coniugationis</span> <span class='ocrx_word' id='word_1_205' title='bbox 1270 2340 1555 2408; x_wconf 86' lang='lat' dir='ltr'>existant,</span> <span class='ocrx_word' id='word_1_206' title='bbox 1606 2341 1692 2398; x_wconf 89' lang='lat' dir='ltr'>sic</span> <span class='ocrx_word' id='word_1_207' title='bbox 1738 2358 1870 2398; x_wconf 90' lang='lat' dir='ltr'>esse</span> <span class='ocrx_word' id='word_1_208' title='bbox 1917 2344 2110 2418; x_wconf 88' lang='lat' dir='ltr'>potest</span> <span class='ocrx_word' id='word_1_209' title='bbox 2155 2339 2370 2418; x_wconf 84' lang='lat' dir='ltr'>aliquis</span> <span class='ocrx_word' id='word_1_210' title='bbox 2414 2342 2850 2408; x_wconf 75' lang='lat' dir='ltr'>contentiosuS,</span> <span class='ocrx_word' id='word_1_211' title='bbox 2916 2348 2978 2398; x_wconf 89' lang='lat' dir='ltr'>ut</span> <span class='ocrx_word' id='word_1_212' title='bbox 3024 2356 3141 2397; x_wconf 91' lang='lat' dir='ltr'>non</span> 
     </span>
     <span class='ocr_line' id='line_1_22' title="bbox 564 2439 3219 2520; baseline -0.002 -19"><span class='ocrx_word' id='word_1_213' title='bbox 564 2442 676 2502; x_wconf 90' lang='lat' dir='ltr'>alia</span> <span class='ocrx_word' id='word_1_214' title='bbox 722 2459 954 2520; x_wconf 89' lang='lat' dir='ltr'>quoque</span> <span class='ocrx_word' id='word_1_215' title='bbox 1001 2439 1214 2509; x_wconf 87' lang='lat' dir='ltr'>verba,</span> <span class='ocrx_word' id='word_1_216' title='bbox 1278 2439 1496 2519; x_wconf 90' lang='lat' dir='ltr'>quibus</span> <span class='ocrx_word' id='word_1_217' title='bbox 1540 2440 1866 2501; x_wconf 86' lang='lat' dir='ltr'>adhaerent</span> <span class='ocrx_word' id='word_1_218' title='bbox 1909 2443 2175 2510; x_wconf 89' lang='lat' dir='ltr'>nomina,</span> <span class='ocrx_word' id='word_1_219' title='bbox 2233 2443 2283 2501; x_wconf 89' lang='lat' dir='ltr'>si</span> <span class='ocrx_word' id='word_1_220' title='bbox 2332 2443 2557 2520; x_wconf 88' lang='lat' dir='ltr'>primae</span> <span class='ocrx_word' id='word_1_221' title='bbox 2605 2460 2722 2500; x_wconf 93' lang='lat' dir='ltr'>non</span> <span class='ocrx_word' id='word_1_222' title='bbox 2768 2443 2887 2501; x_wconf 90' lang='lat' dir='ltr'>sint</span> <span class='ocrx_word' id='word_1_223' title='bbox 2930 2443 3135 2500; x_wconf 89' lang='lat' dir='ltr'>coniu-</span> <span class='ocrx_word' id='word_1_224' title='bbox 3166 2459 3219 2497; x_wconf 70' lang='lat' dir='ltr'>eo</span> 
     </span>
     <span class='ocr_line' id='line_1_23' title="bbox 564 2542 3142 2621; baseline -0.001 -18"><span class='ocrx_word' id='word_1_225' title='bbox 564 2544 846 2621; x_wconf 69' lang='lat' dir='ltr'>gationis»,</span> <span class='ocrx_word' id='word_1_226' title='bbox 905 2543 1161 2602; x_wconf 82' lang='lat' dir='ltr'>fateatur</span> <span class='ocrx_word' id='word_1_227' title='bbox 1216 2542 1287 2602; x_wconf 91' lang='lat' dir='ltr'>de</span> <span class='ocrx_word' id='word_1_228' title='bbox 1335 2542 1678 2603; x_wconf 88' lang='lat' dir='ltr'>nominibus</span> <span class='ocrx_word' id='word_1_229' title='bbox 1731 2561 1863 2602; x_wconf 88' lang='lat' dir='ltr'>esse</span> <span class='ocrx_word' id='word_1_230' title='bbox 1910 2542 2198 2603; x_wconf 90' lang='lat' dir='ltr'>traducta.</span> <span class='ocrx_word' id='word_1_231' title='bbox 2290 2551 2352 2603; x_wconf 91' lang='lat' dir='ltr'>ut</span> <span class='ocrx_word' id='word_1_232' title='bbox 2392 2550 2591 2603; x_wconf 64' lang='lat' dir='ltr'>“totam</span> <span class='ocrx_word' id='word_1_233' title='bbox 2650 2544 2831 2620; x_wconf 85' lang='lat' dir='ltr'>igitur</span> <span class='ocrx_word' id='word_1_234' title='bbox 2877 2543 3142 2619; x_wconf 84' lang='lat' dir='ltr'>regulam</span> 
     </span>
     <span class='ocr_line' id='line_1_24' title="bbox 564 2644 3145 2724; baseline -0 -20"><span class='ocrx_word' id='word_1_235' title='bbox 564 2645 916 2722; x_wconf 83' lang='lat' dir='ltr'>recolligere</span> <span class='ocrx_word' id='word_1_236' title='bbox 974 2645 1207 2713; x_wconf 84' lang='lat' dir='ltr'>videar,</span> <span class='ocrx_word' id='word_1_237' title='bbox 1267 2644 1413 2705; x_wconf 92' lang='lat' dir='ltr'>illud</span> <span class='ocrx_word' id='word_1_238' title='bbox 1460 2647 1639 2704; x_wconf 92' lang='lat' dir='ltr'>etiam</span> <span class='ocrx_word' id='word_1_239' title='bbox 1685 2644 1895 2704; x_wconf 86' lang='lat' dir='ltr'>addam</span> <span class='ocrx_word' id='word_1_240' title='bbox 1952 2663 2131 2724; x_wconf 89' lang='lat' dir='ltr'>supra</span> <span class='ocrx_word' id='word_1_241' title='bbox 2187 2645 2388 2714; x_wconf 81' lang='lat' dir='ltr'>dictis,</span> <span class='ocrx_word' id='word_1_242' title='bbox 2450 2645 2639 2723; x_wconf 86' lang='lat' dir='ltr'>quod,</span> <span class='ocrx_word' id='word_1_243' title='bbox 2697 2665 2728 2706; x_wconf 90' lang='lat' dir='ltr'>a</span> <span class='ocrx_word' id='word_1_244' title='bbox 2774 2663 3145 2723; x_wconf 88' lang='lat' dir='ltr'>quacumque</span> 
     </span>
     <span class='ocr_line' id='line_1_25' title="bbox 569 2745 3149 2826; baseline 0 -18"><span class='ocrx_word' id='word_1_245' title='bbox 569 2747 966 2809; x_wconf 86' lang='lat' dir='ltr'>declinatione</span> <span class='ocrx_word' id='word_1_246' title='bbox 1015 2748 1322 2807; x_wconf 89' lang='lat' dir='ltr'>nominum</span> <span class='ocrx_word' id='word_1_247' title='bbox 1368 2745 1701 2807; x_wconf 88' lang='lat' dir='ltr'>traductum</span> <span class='ocrx_word' id='word_1_248' title='bbox 1746 2748 1825 2807; x_wconf 90' lang='lat' dir='ltr'>sit</span> <span class='ocrx_word' id='word_1_249' title='bbox 1857 2745 2134 2817; x_wconf 88' lang='lat' dir='ltr'>verbum,</span> <span class='ocrx_word' id='word_1_250' title='bbox 2182 2747 2477 2826; x_wconf 87' lang='lat' dir='ltr'>siquidem</span> <span class='ocrx_word' id='word_1_251' title='bbox 2524 2749 2585 2808; x_wconf 94' lang='lat' dir='ltr'>in</span> <span class='ocrx_word' id='word_1_252' title='bbox 2619 2767 2689 2807; x_wconf 89' lang='lat' dir='ltr'>eo</span> <span class='ocrx_word' id='word_1_253' title='bbox 2722 2747 2970 2816; x_wconf 86' lang='lat' dir='ltr'>desinat,</span> <span class='ocrx_word' id='word_1_254' title='bbox 3019 2749 3149 2808; x_wconf 89' lang='lat' dir='ltr'>eius</span> 
     </span>
     <span class='ocr_line' id='line_1_26' title="bbox 572 2849 3150 2929; baseline -0 -20"><span class='ocrx_word' id='word_1_255' title='bbox 572 2859 661 2910; x_wconf 88' lang='lat' dir='ltr'>est</span> <span class='ocrx_word' id='word_1_256' title='bbox 708 2851 1177 2927; x_wconf 80' lang='lat' dir='ltr'>coniugationiS,</span> <span class='ocrx_word' id='word_1_257' title='bbox 1225 2851 1393 2908; x_wconf 89' lang='lat' dir='ltr'>cuius</span> <span class='ocrx_word' id='word_1_258' title='bbox 1439 2860 1496 2908; x_wconf 83' lang='lat' dir='ltr'>et</span> <span class='ocrx_word' id='word_1_259' title='bbox 1543 2849 1654 2909; x_wconf 91' lang='lat' dir='ltr'>alia</span> <span class='ocrx_word' id='word_1_260' title='bbox 1683 2857 1823 2910; x_wconf 89' lang='lat' dir='ltr'>sunt</span> <span class='ocrx_word' id='word_1_261' title='bbox 1866 2852 1925 2909; x_wconf 90' lang='lat' dir='ltr'>in</span> <span class='ocrx_word' id='word_1_262' title='bbox 1973 2869 2042 2908; x_wconf 87' lang='lat' dir='ltr'>eo</span> <span class='ocrx_word' id='word_1_263' title='bbox 2074 2850 2435 2919; x_wconf 86' lang='lat' dir='ltr'>desinentia,</span> <span class='ocrx_word' id='word_1_264' title='bbox 2483 2868 2633 2929; x_wconf 83' lang='lat' dir='ltr'>quae</span> <span class='ocrx_word' id='word_1_265' title='bbox 2670 2851 2965 2929; x_wconf 78' lang='lat' dir='ltr'>primitiva</span> <span class='ocrx_word' id='word_1_266' title='bbox 3012 2856 3150 2908; x_wconf 88' lang='lat' dir='ltr'>sunt</span> 
     </span>
     <span class='ocr_line' id='line_1_27' title="bbox 572 2951 3227 3029; baseline -0.001 -16"><span class='ocrx_word' id='word_1_267' title='bbox 572 2962 630 3013; x_wconf 90' lang='lat' dir='ltr'>et</span> <span class='ocrx_word' id='word_1_268' title='bbox 677 2972 708 3013; x_wconf 89' lang='lat' dir='ltr'>a</span> <span class='ocrx_word' id='word_1_269' title='bbox 756 2952 913 3012; x_wconf 84' lang='lat' dir='ltr'>nulla</span> <span class='ocrx_word' id='word_1_270' title='bbox 974 2951 1345 3011; x_wconf 87' lang='lat' dir='ltr'>deducuntur</span> <span class='ocrx_word' id='word_1_271' title='bbox 1401 2953 1662 3027; x_wconf 85' lang='lat' dir='ltr'>origine,</span> <span class='ocrx_word' id='word_1_272' title='bbox 1717 2952 1779 3011; x_wconf 88' lang='lat' dir='ltr'>id</span> <span class='ocrx_word' id='word_1_273' title='bbox 1837 2963 1928 3014; x_wconf 87' lang='lat' dir='ltr'>est</span> <span class='ocrx_word' id='word_1_274' title='bbox 1981 2952 2273 3012; x_wconf 86' lang='lat' dir='ltr'>secundae</span> <span class='ocrx_word' id='word_1_275' title='bbox 2332 2952 2514 3012; x_wconf 90' lang='lat' dir='ltr'>solius</span> <span class='ocrx_word' id='word_1_276' title='bbox 2570 2952 3029 3029; x_wconf 78' lang='lat' dir='ltr'>coniugationiS,</span> <span class='ocrx_word' id='word_1_277' title='bbox 3085 2959 3227 3010; x_wconf 65' lang='lat' dir='ltr'>ntes</span> 
     </span>
     <span class='ocr_line' id='line_1_28' title="bbox 572 3053 3145 3123; baseline -0.001 -9"><span class='ocrx_word' id='word_1_278' title='bbox 572 3075 754 3116; x_wconf 87' lang='lat' dir='ltr'>canus</span> <span class='ocrx_word' id='word_1_279' title='bbox 799 3055 931 3114; x_wconf 89' lang='lat' dir='ltr'>cani</span> <span class='ocrx_word' id='word_1_280' title='bbox 980 3071 1192 3121; x_wconf 87' lang='lat' dir='ltr'>caneo,</span> <span class='ocrx_word' id='word_1_281' title='bbox 1253 3053 1430 3113; x_wconf 87' lang='lat' dir='ltr'>calles</span> <span class='ocrx_word' id='word_1_282' title='bbox 1487 3053 1654 3113; x_wconf 89' lang='lat' dir='ltr'>callis</span> <span class='ocrx_word' id='word_1_283' title='bbox 1697 3053 1913 3123; x_wconf 87' lang='lat' dir='ltr'>calleo,</span> <span class='ocrx_word' id='word_1_284' title='bbox 1974 3055 2081 3113; x_wconf 87' lang='lat' dir='ltr'>ssos</span> <span class='ocrx_word' id='word_1_285' title='bbox 2137 3055 2301 3113; x_wconf 85' lang='lat' dir='ltr'>floris</span> <span class='ocrx_word' id='word_1_286' title='bbox 2346 3055 2556 3122; x_wconf 85' lang='lat' dir='ltr'>floreo,</span> <span class='ocrx_word' id='word_1_287' title='bbox 2619 3054 2717 3114; x_wconf 85' lang='lat' dir='ltr'>lux</span> <span class='ocrx_word' id='word_1_288' title='bbox 2762 3054 2911 3114; x_wconf 87' lang='lat' dir='ltr'>lucis</span> <span class='ocrx_word' id='word_1_289' title='bbox 2958 3053 3145 3122; x_wconf 89' lang='lat' dir='ltr'>luceo,</span> 
     </span>
     <span class='ocr_line' id='line_1_29' title="bbox 571 3152 3149 3237; baseline -0.001 -20"><span class='ocrx_word' id='word_1_290' title='bbox 571 3160 735 3217; x_wconf 85' lang='lat' dir='ltr'>frons</span> <span class='ocrx_word' id='word_1_291' title='bbox 792 3155 1020 3215; x_wconf 81' lang='lat' dir='ltr'>frondis</span> <span class='ocrx_word' id='word_1_292' title='bbox 1074 3155 1347 3225; x_wconf 75' lang='lat' dir='ltr'>frondeo,</span> <span class='ocrx_word' id='word_1_293' title='bbox 1406 3173 1619 3214; x_wconf 81' lang='lat' dir='ltr'>census</span> <span class='ocrx_word' id='word_1_294' title='bbox 1680 3173 1894 3215; x_wconf 90' lang='lat' dir='ltr'>census</span> <span class='ocrx_word' id='word_1_295' title='bbox 1951 3174 2186 3215; x_wconf 86' lang='lat' dir='ltr'>censeo.</span> <span class='ocrx_word' id='word_1_296' title='bbox 2276 3158 2336 3216; x_wconf 92' lang='lat' dir='ltr'>in</span> <span class='ocrx_word' id='word_1_297' title='bbox 2397 3176 2469 3215; x_wconf 92' lang='lat' dir='ltr'>uo</span> <span class='ocrx_word' id='word_1_298' title='bbox 2519 3152 2544 3237; x_wconf 88' lang='grc' dir='ltr'>ΙΙ</span> <span class='ocrx_word' id='word_1_299' title='bbox 2604 3174 2739 3215; x_wconf 89' lang='lat' dir='ltr'>vero</span> <span class='ocrx_word' id='word_1_300' title='bbox 2794 3154 3149 3234; x_wconf 84' lang='lat' dir='ltr'>principalia</span> 
     </span>
     <span class='ocr_line' id='line_1_30' title="bbox 489 3256 3150 3338; baseline -0.001 -20"><span class='ocrx_word' id='word_1_301' title='bbox 489 3279 492 3280; x_wconf 45' lang='lat'><em>⁷</em></span> <span class='ocrx_word' id='word_1_302' title='bbox 571 3258 810 3338; x_wconf 89' lang='lat' dir='ltr'>quidem</span> <span class='ocrx_word' id='word_1_303' title='bbox 865 3258 1080 3316; x_wconf 87' lang='lat' dir='ltr'>tertiae</span> <span class='ocrx_word' id='word_1_304' title='bbox 1141 3256 1322 3317; x_wconf 86' lang='lat' dir='ltr'>solius</span> <span class='ocrx_word' id='word_1_305' title='bbox 1379 3259 1793 3328; x_wconf 89' lang='lat' dir='ltr'>inveniuntur,</span> <span class='ocrx_word' id='word_1_306' title='bbox 1854 3265 1919 3319; x_wconf 89' lang='lat' dir='ltr'>ut</span> <span class='ocrx_word' id='word_1_307' title='bbox 1972 3257 2155 3318; x_wconf 87' lang='lat' dir='ltr'>inhuo</span> <span class='ocrx_word' id='word_1_308' title='bbox 2211 3277 2357 3318; x_wconf 91' lang='lat' dir='ltr'>acuo</span> <span class='ocrx_word' id='word_1_309' title='bbox 2413 3258 2595 3318; x_wconf 89' lang='lat' dir='ltr'>induo</span> <span class='ocrx_word' id='word_1_310' title='bbox 2652 3275 2833 3334; x_wconf 83' lang='lat' dir='ltr'>arguo</span> <span class='ocrx_word' id='word_1_311' title='bbox 2889 3256 2987 3316; x_wconf 90' lang='lat' dir='ltr'>luo</span> <span class='ocrx_word' id='word_1_312' title='bbox 3031 3274 3150 3316; x_wconf 89' lang='lat' dir='ltr'>nuo</span> 
     </span>
     <span class='ocr_line' id='line_1_31' title="bbox 573 3360 3150 3439; baseline -0.001 -20"><span class='ocrx_word' id='word_1_313' title='bbox 573 3379 720 3439; x_wconf 81' lang='lat' dir='ltr'>spuo</span> <span class='ocrx_word' id='word_1_314' title='bbox 754 3377 862 3418; x_wconf 84' lang='lat' dir='ltr'>ruo</span> <span class='ocrx_word' id='word_1_315' title='bbox 894 3377 1029 3428; x_wconf 90' lang='lat' dir='ltr'>suo,</span> <span class='ocrx_word' id='word_1_316' title='bbox 1077 3360 1244 3418; x_wconf 90' lang='lat' dir='ltr'>sutuo</span> <span class='ocrx_word' id='word_1_317' title='bbox 1289 3366 1502 3419; x_wconf 88' lang='lat' dir='ltr'>statuo.</span> <span class='ocrx_word' id='word_1_318' title='bbox 1559 3378 1742 3420; x_wconf 84' lang='lat' dir='ltr'>vacuo</span> <span class='ocrx_word' id='word_1_319' title='bbox 1788 3367 1986 3420; x_wconf 90' lang='lat' dir='ltr'>autem</span> <span class='ocrx_word' id='word_1_320' title='bbox 2018 3361 2193 3421; x_wconf 89' lang='lat' dir='ltr'>viduo</span> <span class='ocrx_word' id='word_1_321' title='bbox 2223 3362 2460 3421; x_wconf 90' lang='lat' dir='ltr'>insinuo</span> <span class='ocrx_word' id='word_1_322' title='bbox 2491 3368 2668 3420; x_wconf 90' lang='lat' dir='ltr'>tenuo</span> <span class='ocrx_word' id='word_1_323' title='bbox 2698 3361 2915 3419; x_wconf 85' lang='lat' dir='ltr'>fluctuo</span> <span class='ocrx_word' id='word_1_324' title='bbox 2946 3365 3150 3419; x_wconf 89' lang='lat' dir='ltr'>aestuo</span> 
     </span>
     <span class='ocr_line' id='line_1_32' title="bbox 574 3460 3230 3542; baseline 0 -21"><span class='ocrx_word' id='word_1_325' title='bbox 574 3470 810 3522; x_wconf 87' lang='lat' dir='ltr'>mutuor</span> <span class='ocrx_word' id='word_1_326' title='bbox 853 3460 1183 3520; x_wconf 87' lang='lat' dir='ltr'>tumultuor</span> <span class='ocrx_word' id='word_1_327' title='bbox 1228 3462 1481 3531; x_wconf 79' lang='lat' dir='ltr'>infatuO,</span> <span class='ocrx_word' id='word_1_328' title='bbox 1539 3464 1677 3542; x_wconf 91' lang='lat' dir='ltr'>quia</span> <span class='ocrx_word' id='word_1_329' title='bbox 1723 3481 1794 3522; x_wconf 85' lang='lat' dir='ltr'>ex</span> <span class='ocrx_word' id='word_1_330' title='bbox 1839 3462 2181 3523; x_wconf 88' lang='lat' dir='ltr'>nominibus</span> <span class='ocrx_word' id='word_1_331' title='bbox 2226 3481 2444 3523; x_wconf 84' lang='lat' dir='ltr'>vacuus</span> <span class='ocrx_word' id='word_1_332' title='bbox 2487 3462 2700 3528; x_wconf 86' lang='lat' dir='ltr'>viduus</span> <span class='ocrx_word' id='word_1_333' title='bbox 2745 3462 2910 3521; x_wconf 84' lang='lat' dir='ltr'>sinus</span> <span class='ocrx_word' id='word_1_334' title='bbox 2954 3462 3153 3521; x_wconf 90' lang='lat' dir='ltr'>tenuis</span> <span class='ocrx_word' id='word_1_335' title='bbox 3177 3483 3230 3522; x_wconf 67' lang='lat' dir='ltr'>:so</span> 
     </span>
     <span class='ocr_line' id='line_1_33' title="bbox 576 3561 3153 3642; baseline 0 -20"><span class='ocrx_word' id='word_1_336' title='bbox 576 3564 790 3623; x_wconf 85' lang='lat' dir='ltr'>fluctus</span> <span class='ocrx_word' id='word_1_337' title='bbox 851 3570 1049 3622; x_wconf 81' lang='lat' dir='ltr'>aestus</span> <span class='ocrx_word' id='word_1_338' title='bbox 1114 3570 1353 3623; x_wconf 90' lang='lat' dir='ltr'>mutuus</span> <span class='ocrx_word' id='word_1_339' title='bbox 1411 3563 1700 3625; x_wconf 90' lang='lat' dir='ltr'>tumultus</span> <span class='ocrx_word' id='word_1_340' title='bbox 1766 3566 1963 3625; x_wconf 76' lang='lat' dir='ltr'>fatuus</span> <span class='ocrx_word' id='word_1_341' title='bbox 2033 3564 2295 3625; x_wconf 86' lang='lat' dir='ltr'>derivata</span> <span class='ocrx_word' id='word_1_342' title='bbox 2360 3574 2525 3633; x_wconf 90' lang='lat' dir='ltr'>sunt,</span> <span class='ocrx_word' id='word_1_343' title='bbox 2595 3566 2723 3623; x_wconf 87' lang='lat' dir='ltr'>iure</span> <span class='ocrx_word' id='word_1_344' title='bbox 2789 3561 2904 3623; x_wconf 86' lang='lat' dir='ltr'>sihi</span> <span class='ocrx_word' id='word_1_345' title='bbox 2959 3564 3153 3642; x_wconf 86' lang='lat' dir='ltr'>prima</span> 
     </span>
     <span class='ocr_line' id='line_1_34' title="bbox 577 3665 3153 3744; baseline 0.001 -22"><span class='ocrx_word' id='word_1_346' title='bbox 577 3665 838 3724; x_wconf 79' lang='lat' dir='ltr'>vindicat</span> <span class='ocrx_word' id='word_1_347' title='bbox 891 3666 1248 3741; x_wconf 84' lang='lat' dir='ltr'>coniugatio.</span> <span class='ocrx_word' id='word_1_348' title='bbox 1337 3683 1470 3726; x_wconf 90' lang='lat' dir='ltr'>nam</span> <span class='ocrx_word' id='word_1_349' title='bbox 1528 3665 1722 3726; x_wconf 87' lang='lat' dir='ltr'>tribus</span> <span class='ocrx_word' id='word_1_350' title='bbox 1780 3674 1839 3726; x_wconf 88' lang='lat' dir='ltr'>et</span> <span class='ocrx_word' id='word_1_351' title='bbox 1894 3673 2087 3726; x_wconf 86' lang='lat' dir='ltr'>metus</span> <span class='ocrx_word' id='word_1_352' title='bbox 2146 3675 2205 3726; x_wconf 91' lang='lat' dir='ltr'>et</span> <span class='ocrx_word' id='word_1_353' title='bbox 2258 3668 2384 3728; x_wconf 90' lang='lat' dir='ltr'>lues</span> <span class='ocrx_word' id='word_1_354' title='bbox 2440 3675 2500 3727; x_wconf 87' lang='lat' dir='ltr'>et</span> <span class='ocrx_word' id='word_1_355' title='bbox 2553 3674 2749 3726; x_wconf 85' lang='lat' dir='ltr'>strues</span> <span class='ocrx_word' id='word_1_356' title='bbox 2791 3668 2978 3743; x_wconf 86' lang='lat' dir='ltr'>magis</span> <span class='ocrx_word' id='word_1_357' title='bbox 3021 3667 3153 3744; x_wconf 88' lang='lat' dir='ltr'>ipsa</span> 
     </span>
     <span class='ocr_line' id='line_1_35' title="bbox 579 3766 3152 3848; baseline 0 -22"><span class='ocrx_word' id='word_1_358' title='bbox 579 3766 950 3827; x_wconf 86' lang='lat' dir='ltr'>deducuntur</span> <span class='ocrx_word' id='word_1_359' title='bbox 997 3785 1026 3826; x_wconf 92' lang='lat' dir='ltr'>a</span> <span class='ocrx_word' id='word_1_360' title='bbox 1073 3766 1275 3826; x_wconf 84' lang='lat' dir='ltr'>verbis</span> <span class='ocrx_word' id='word_1_361' title='bbox 1303 3767 1504 3828; x_wconf 86' lang='lat' dir='ltr'>tribuo</span> <span class='ocrx_word' id='word_1_362' title='bbox 1534 3779 1735 3829; x_wconf 88' lang='lat' dir='ltr'>metuo</span> <span class='ocrx_word' id='word_1_363' title='bbox 1780 3767 1878 3827; x_wconf 91' lang='lat' dir='ltr'>luo</span> <span class='ocrx_word' id='word_1_364' title='bbox 1909 3776 2104 3838; x_wconf 89' lang='lat' dir='ltr'>struo,</span> <span class='ocrx_word' id='word_1_365' title='bbox 2153 3788 2329 3848; x_wconf 88' lang='lat' dir='ltr'>quam</span> <span class='ocrx_word' id='word_1_366' title='bbox 2358 3772 2586 3831; x_wconf 78' lang='lat' dir='ltr'>faciunt</span> <span class='ocrx_word' id='word_1_367' title='bbox 2615 3767 2815 3828; x_wconf 86' lang='lat' dir='ltr'>verba.</span> <span class='ocrx_word' id='word_1_368' title='bbox 2874 3768 2924 3827; x_wconf 88' lang='lat' dir='ltr'>si</span> <span class='ocrx_word' id='word_1_369' title='bbox 2956 3773 3152 3826; x_wconf 90' lang='lat' dir='ltr'>autem</span> 
     </span>
    </p>
   </div>
   <div class='ocr_carea' id='block_1_3' title="bbox 574 4018 3163 4714">
    <p class='ocr_par' dir='ltr' id='par_1_4' title="bbox 574 4018 3163 4576">
     <span class='ocr_line' id='line_1_36' title="bbox 714 4018 3153 4087; baseline -0.001 -16"><span class='ocrx_word' id='word_1_370' title='bbox 714 4021 748 4071; x_wconf 87' lang='lat'><strong>3</strong></span> <span class='ocrx_word' id='word_1_371' title='bbox 794 4021 845 4068; x_wconf 90' lang='lat' dir='ltr'>in</span> <span class='ocrx_word' id='word_1_372' title='bbox 884 4030 932 4070; x_wconf 92' lang='lat' dir='ltr'>to</span> <span class='ocrx_word' id='word_1_373' title='bbox 973 4020 1050 4069; x_wconf 85' lang='lat' dir='ltr'>vel</span> <span class='ocrx_word' id='word_1_374' title='bbox 1089 4021 1137 4069; x_wconf 90' lang='lat' dir='ltr'>in</span> <span class='ocrx_word' id='word_1_375' title='bbox 1179 4018 1248 4087; x_wconf 87' lang='lat' dir='ltr'>lo]</span> <span class='ocrx_word' id='word_1_376' title='bbox 1293 4023 1342 4070; x_wconf 88' lang='lat' dir='ltr'>in</span> <span class='ocrx_word' id='word_1_377' title='bbox 1382 4023 1452 4071; x_wconf 83' lang='lat' dir='ltr'>ito</span> <span class='ocrx_word' id='word_1_378' title='bbox 1487 4020 1572 4069; x_wconf 90' lang='lat' dir='ltr'>uel</span> <span class='ocrx_word' id='word_1_379' title='bbox 1609 4023 1661 4069; x_wconf 88' lang='lat' dir='ltr'>in</span> <span class='ocrx_word' id='word_1_380' title='bbox 1707 4021 1751 4069; x_wconf 89' lang='lat' dir='ltr'>lo</span> <span class='ocrx_word' id='word_1_381' title='bbox 1792 4021 1870 4070; x_wconf 86' lang='lat' dir='ltr'>uel</span> <span class='ocrx_word' id='word_1_382' title='bbox 1914 4023 1965 4070; x_wconf 89' lang='lat' dir='ltr'>in</span> <span class='ocrx_word' id='word_1_383' title='bbox 2005 4023 2079 4072; x_wconf 87' lang='lat' dir='ltr'>lor</span> <span class='ocrx_word' id='word_1_384' title='bbox 2114 4024 2166 4070; x_wconf 88' lang='lat' dir='ltr'><em>P</em></span> <span class='ocrx_word' id='word_1_385' title='bbox 2301 4025 2333 4074; x_wconf 81' lang='lat'>5</span> <span class='ocrx_word' id='word_1_386' title='bbox 2373 4023 2598 4086; x_wconf 82' lang='lat' dir='ltr'>ipsarum</span> <span class='ocrx_word' id='word_1_387' title='bbox 2635 4036 2727 4072; x_wconf 85' lang='lat' dir='ltr'>om.</span> <span class='ocrx_word' id='word_1_388' title='bbox 2757 4020 2805 4069; x_wconf 85' lang='lat' dir='ltr'><em>B</em></span> <span class='ocrx_word' id='word_1_389' title='bbox 2944 4022 2974 4069; x_wconf 92' lang='lat'><strong>7</strong></span> <span class='ocrx_word' id='word_1_390' title='bbox 3013 4020 3153 4069; x_wconf 79' lang='lat' dir='ltr'>fodio</span> 
     </span>
     <span class='ocr_line' id='line_1_37' title="bbox 575 4089 3153 4142; baseline -0 -3"><span class='ocrx_word' id='word_1_391' title='bbox 575 4092 654 4141; x_wconf 77' lang='lat' dir='ltr'>dis</span> <span class='ocrx_word' id='word_1_392' title='bbox 701 4107 759 4140; x_wconf 89' lang='lat' dir='ltr'>co</span> <span class='ocrx_word' id='word_1_393' title='bbox 805 4105 893 4141; x_wconf 80' lang='lat' dir='ltr'>cus</span> <span class='ocrx_word' id='word_1_394' title='bbox 942 4091 1020 4140; x_wconf 88' lang='lat' dir='ltr'>uel</span> <span class='ocrx_word' id='word_1_395' title='bbox 1068 4092 1167 4140; x_wconf 85' lang='lat' dir='ltr'>fido</span> <span class='ocrx_word' id='word_1_396' title='bbox 1215 4092 1295 4140; x_wconf 79' lang='lat' dir='ltr'>dis</span> <span class='ocrx_word' id='word_1_397' title='bbox 1341 4090 1494 4140; x_wconf 86' lang='lat' dir='ltr'>fldieo</span> <span class='ocrx_word' id='word_1_398' title='bbox 1531 4093 1696 4140; x_wconf 81' lang='lat' dir='ltr'>nutrio</span> <span class='ocrx_word' id='word_1_399' title='bbox 1736 4106 1795 4139; x_wconf 88' lang='lat' dir='ltr'>co</span> <span class='ocrx_word' id='word_1_400' title='bbox 1841 4091 1986 4141; x_wconf 80' lang='lat' dir='ltr'>albus</span> <span class='ocrx_word' id='word_1_401' title='bbox 2034 4091 2196 4141; x_wconf 86' lang='lat' dir='ltr'>albico</span> <span class='ocrx_word' id='word_1_402' title='bbox 2244 4093 2456 4142; x_wconf 79' lang='lat' dir='ltr'>claudus</span> <span class='ocrx_word' id='word_1_403' title='bbox 2501 4092 2730 4141; x_wconf 82' lang='lat' dir='ltr'>claudieo</span> <span class='ocrx_word' id='word_1_404' title='bbox 2782 4090 2921 4140; x_wconf 77' lang='lat' dir='ltr'>faber</span> <span class='ocrx_word' id='word_1_405' title='bbox 2958 4089 3153 4140; x_wconf 80' lang='lat' dir='ltr'>fabrico</span> 
     </span>
     <span class='ocr_line' id='line_1_38' title="bbox 574 4160 3153 4213; baseline 0 -5"><span class='ocrx_word' id='word_1_406' title='bbox 574 4161 701 4210; x_wconf 83' lang='lat' dir='ltr'>ulter</span> <span class='ocrx_word' id='word_1_407' title='bbox 737 4161 923 4209; x_wconf 86' lang='lat' dir='ltr'>alterco</span> <span class='ocrx_word' id='word_1_408' title='bbox 963 4163 1244 4212; x_wconf 86' lang='lat' dir='ltr'>communis</span> <span class='ocrx_word' id='word_1_409' title='bbox 1280 4178 1339 4208; x_wconf 90' lang='lat' dir='ltr'>co</span> <span class='ocrx_word' id='word_1_410' title='bbox 1376 4161 1572 4210; x_wconf 73' lang='lat' dir='ltr'>frondis</span> <span class='ocrx_word' id='word_1_411' title='bbox 1609 4160 1837 4211; x_wconf 80' lang='lat' dir='ltr'>frondico</span> <span class='ocrx_word' id='word_1_412' title='bbox 1877 4161 2056 4210; x_wconf 84' lang='lat' dir='ltr'>debilis</span> <span class='ocrx_word' id='word_1_413' title='bbox 2102 4162 2310 4212; x_wconf 82' lang='lat' dir='ltr'>debilito</span> <span class='ocrx_word' id='word_1_414' title='bbox 2361 4162 2545 4213; x_wconf 84' lang='lat' dir='ltr'>nobilis</span> <span class='ocrx_word' id='word_1_415' title='bbox 2584 4162 2795 4210; x_wconf 88' lang='lat' dir='ltr'>nobilito</span> <span class='ocrx_word' id='word_1_416' title='bbox 2834 4161 2963 4208; x_wconf 81' lang='lat' dir='ltr'>oscis</span> <span class='ocrx_word' id='word_1_417' title='bbox 2995 4162 3153 4209; x_wconf 84' lang='lat' dir='ltr'>oscito</span> 
     </span>
     <span class='ocr_line' id='line_1_39' title="bbox 577 4230 3054 4299; baseline -0 -21"><span class='ocrx_word' id='word_1_418' title='bbox 577 4231 857 4295; x_wconf 84' lang='lat' dir='ltr'>periculum</span> <span class='ocrx_word' id='word_1_419' title='bbox 897 4231 1154 4295; x_wconf 84' lang='lat' dir='ltr'>periclitor</span> <span class='ocrx_word' id='word_1_420' title='bbox 1193 4239 1374 4280; x_wconf 86' lang='lat' dir='ltr'>uentus</span> <span class='ocrx_word' id='word_1_421' title='bbox 1409 4231 1597 4280; x_wconf 84' lang='lat' dir='ltr'>uentilo</span> <span class='ocrx_word' id='word_1_422' title='bbox 1637 4230 1807 4296; x_wconf 84' lang='lat' dir='ltr'>pullus</span> <span class='ocrx_word' id='word_1_423' title='bbox 1843 4231 2039 4294; x_wconf 90' lang='lat' dir='ltr'>pullulo</span> <span class='ocrx_word' id='word_1_424' title='bbox 2080 4242 2256 4297; x_wconf 73' lang='lat' dir='ltr'>gratus</span> <span class='ocrx_word' id='word_1_425' title='bbox 2293 4233 2521 4299; x_wconf 81' lang='lat' dir='ltr'>gratulor</span> <span class='ocrx_word' id='word_1_426' title='bbox 2553 4239 2572 4281; x_wconf 81' lang='lat' dir='ltr'>t</span> <span class='ocrx_word' id='word_1_427' title='bbox 2710 4231 2743 4279; x_wconf 89' lang='grc'>8</span> <span class='ocrx_word' id='word_1_428' title='bbox 2780 4230 2968 4279; x_wconf 86' lang='lat' dir='ltr'>alterco</span> <span class='ocrx_word' id='word_1_429' title='bbox 3006 4231 3054 4277; x_wconf 89' lang='lat' dir='ltr'><em>P</em></span> 
     </span>
     <span class='ocr_line' id='line_1_40' title="bbox 578 4299 3155 4367; baseline -0 -16"><span class='ocrx_word' id='word_1_430' title='bbox 578 4299 643 4351; x_wconf 91' lang='grc'>10</span> <span class='ocrx_word' id='word_1_431' title='bbox 678 4302 879 4350; x_wconf 76' lang='lat' dir='ltr'>sai-cino</span> <span class='ocrx_word' id='word_1_432' title='bbox 914 4316 1062 4365; x_wconf 83' lang='lat' dir='ltr'>opem</span> <span class='ocrx_word' id='word_1_433' title='bbox 1104 4302 1195 4350; x_wconf 89' lang='lat' dir='ltr'>tuli</span> <span class='ocrx_word' id='word_1_434' title='bbox 1234 4301 1451 4366; x_wconf 85' lang='lat' dir='ltr'>opitulor</span> <span class='ocrx_word' id='word_1_435' title='bbox 1486 4313 1688 4365; x_wconf 82' lang='lat' dir='ltr'>praesto</span> <span class='ocrx_word' id='word_1_436' title='bbox 1721 4303 2004 4366; x_wconf 81' lang='lat' dir='ltr'>praestolor</span> <span class='ocrx_word' id='word_1_437' title='bbox 2040 4302 2090 4350; x_wconf 85' lang='lat' dir='ltr'><em>B</em></span> <span class='ocrx_word' id='word_1_438' title='bbox 2120 4306 2345 4354; x_wconf 82' lang='lat' dir='ltr'>sarcinor</span> <span class='ocrx_word' id='word_1_439' title='bbox 2380 4316 2527 4367; x_wconf 81' lang='lat' dir='ltr'>opem</span> <span class='ocrx_word' id='word_1_440' title='bbox 2566 4301 2653 4349; x_wconf 86' lang='lat' dir='ltr'>tuli</span> <span class='ocrx_word' id='word_1_441' title='bbox 2692 4300 2913 4365; x_wconf 83' lang='lat' dir='ltr'>opitulor</span> <span class='ocrx_word' id='word_1_442' title='bbox 2953 4311 3155 4365; x_wconf 78' lang='lat' dir='ltr'>praesto</span> 
     </span>
     <span class='ocr_line' id='line_1_41' title="bbox 576 4370 3157 4438; baseline 0.001 -21"><span class='ocrx_word' id='word_1_443' title='bbox 576 4372 820 4433; x_wconf 81' lang='lat' dir='ltr'>praestito</span> <span class='ocrx_word' id='word_1_444' title='bbox 867 4371 1152 4434; x_wconf 79' lang='lat' dir='ltr'>praestolor</span> <span class='ocrx_word' id='word_1_445' title='bbox 1190 4385 1372 4436; x_wconf 84' lang='lat' dir='ltr'>praeeo</span> <span class='ocrx_word' id='word_1_446' title='bbox 1416 4372 1612 4436; x_wconf 70' lang='lat' dir='ltr'>praeite</span> <span class='ocrx_word' id='word_1_447' title='bbox 1647 4373 1698 4420; x_wconf 88' lang='lat' dir='ltr'><em>P</em></span> <span class='ocrx_word' id='word_1_448' title='bbox 1746 4371 1943 4421; x_wconf 80' lang='lat' dir='ltr'>farcino</span> <span class='ocrx_word' id='word_1_449' title='bbox 1982 4373 2199 4436; x_wconf 82' lang='lat' dir='ltr'>opitulor</span> <span class='ocrx_word' id='word_1_450' title='bbox 2235 4382 2437 4438; x_wconf 80' lang='lat' dir='ltr'>praesto</span> <span class='ocrx_word' id='word_1_451' title='bbox 2478 4370 2760 4435; x_wconf 75' lang='lat' dir='ltr'>praestulor</span> <span class='ocrx_word' id='word_1_452' title='bbox 2788 4378 2808 4419; x_wconf 81' lang='lat' dir='ltr'><em>e</em></span> <span class='ocrx_word' id='word_1_453' title='bbox 2985 4371 3047 4420; x_wconf 88' lang='lat'>12</span> <span class='ocrx_word' id='word_1_454' title='bbox 3082 4372 3157 4419; x_wconf 82' lang='lat' dir='ltr'>eis</span> 
     </span>
     <span class='ocr_line' id='line_1_42' title="bbox 579 4439 3159 4506; baseline 0 -20"><span class='ocrx_word' id='word_1_455' title='bbox 579 4439 748 4490; x_wconf 79' lang='lat' dir='ltr'>uerbis</span> <span class='ocrx_word' id='word_1_456' title='bbox 782 4441 1066 4506; x_wconf 66' lang='lat' dir='ltr'>(super-cer.</span> <span class='ocrx_word' id='word_1_457' title='bbox 1106 4441 1353 4503; x_wconf 80' lang='lat' dir='ltr'>quaedam</span> <span class='ocrx_word' id='word_1_458' title='bbox 1393 4441 1719 4505; x_wconf 84' lang='lat' dir='ltr'>compositio)</span> <span class='ocrx_word' id='word_1_459' title='bbox 1755 4442 1817 4491; x_wconf 81' lang='lat' dir='ltr'>ab</span> <span class='ocrx_word' id='word_1_460' title='bbox 1845 4459 1906 4490; x_wconf 87' lang='lat' dir='ltr'>eo</span> <span class='ocrx_word' id='word_1_461' title='bbox 1946 4443 2098 4490; x_wconf 87' lang='lat' dir='ltr'>uerbo</span> <span class='ocrx_word' id='word_1_462' title='bbox 2136 4445 2271 4505; x_wconf 89' lang='lat' dir='ltr'>quod</span> <span class='ocrx_word' id='word_1_463' title='bbox 2309 4451 2382 4492; x_wconf 78' lang='lat' dir='ltr'>est</span> <span class='ocrx_word' id='word_1_464' title='bbox 2419 4455 2518 4506; x_wconf 83' lang='lat' dir='ltr'>ago</span> <span class='ocrx_word' id='word_1_465' title='bbox 2559 4440 2861 4505; x_wconf 83' lang='lat' dir='ltr'>compositio</span> <span class='ocrx_word' id='word_1_466' title='bbox 2893 4440 2943 4489; x_wconf 90' lang='lat' dir='ltr'><em>B</em></span> <span class='ocrx_word' id='word_1_467' title='bbox 3081 4449 3159 4488; x_wconf 80' lang='lat' dir='ltr'>est</span> 
     </span>
     <span class='ocr_line' id='line_1_43' title="bbox 579 4509 3163 4576; baseline 0 -18"><span class='ocrx_word' id='word_1_468' title='bbox 579 4509 641 4558; x_wconf 84' lang='lat' dir='ltr'>ab</span> <span class='ocrx_word' id='word_1_469' title='bbox 682 4525 782 4576; x_wconf 76' lang='lat' dir='ltr'>ago</span> <span class='ocrx_word' id='word_1_470' title='bbox 807 4513 857 4561; x_wconf 90' lang='lat' dir='ltr'><em>P</em></span> <span class='ocrx_word' id='word_1_471' title='bbox 956 4509 1020 4560; x_wconf 88' lang='grc'>13</span> <span class='ocrx_word' id='word_1_472' title='bbox 1055 4526 1166 4559; x_wconf 90' lang='lat' dir='ltr'>cum</span> <span class='ocrx_word' id='word_1_473' title='bbox 1199 4526 1228 4559; x_wconf 80' lang='lat' dir='ltr'>a</span> <span class='ocrx_word' id='word_1_474' title='bbox 1254 4512 1456 4561; x_wconf 88' lang='lat' dir='ltr'>nomine</span> <span class='ocrx_word' id='word_1_475' title='bbox 1483 4513 1532 4561; x_wconf 89' lang='lat' dir='ltr'><em>P</em></span> <span class='ocrx_word' id='word_1_476' title='bbox 1635 4511 1744 4560; x_wconf 84' lang='lat' dir='ltr'>iure</span> <span class='ocrx_word' id='word_1_477' title='bbox 1783 4512 1991 4561; x_wconf 86' lang='lat' dir='ltr'>ueniunt</span> <span class='ocrx_word' id='word_1_478' title='bbox 2015 4511 2066 4560; x_wconf 90' lang='lat' dir='ltr'><em>B</em></span> <span class='ocrx_word' id='word_1_479' title='bbox 2176 4514 2239 4563; x_wconf 81' lang='lat'>14</span> <span class='ocrx_word' id='word_1_480' title='bbox 2275 4511 2681 4574; x_wconf 80' lang='lat' dir='ltr'>coniugationem</span> <span class='ocrx_word' id='word_1_481' title='bbox 2709 4511 2870 4558; x_wconf 79' lang='lat' dir='ltr'>solius</span> <span class='ocrx_word' id='word_1_482' title='bbox 2906 4511 3081 4559; x_wconf 81' lang='lat' dir='ltr'>eodem</span> <span class='ocrx_word' id='word_1_483' title='bbox 3114 4511 3163 4558; x_wconf 82' lang='lat' dir='ltr'><em>P</em></span> 
     </span>
    </p>

    <p class='ocr_par' dir='ltr' id='par_1_5' title="bbox 584 4580 3160 4714">
     <span class='ocr_line' id='line_1_44' title="bbox 685 4580 3160 4636; baseline 0 -8"><span class='ocrx_word' id='word_1_484' title='bbox 685 4580 748 4629; x_wconf 83' lang='lat'>15</span> <span class='ocrx_word' id='word_1_485' title='bbox 778 4596 808 4629; x_wconf 88' lang='lat' dir='ltr'>a</span> <span class='ocrx_word' id='word_1_486' title='bbox 831 4596 921 4634; x_wconf 83' lang='lat' dir='ltr'>om,</span> <span class='ocrx_word' id='word_1_487' title='bbox 947 4580 1055 4629; x_wconf 87' lang='grc' dir='ltr'>ΒΡ</span> <span class='ocrx_word' id='word_1_488' title='bbox 1128 4582 1190 4632; x_wconf 91' lang='grc'>17</span> <span class='ocrx_word' id='word_1_489' title='bbox 1220 4583 1273 4629; x_wconf 89' lang='lat' dir='ltr'>in</span> <span class='ocrx_word' id='word_1_490' title='bbox 1295 4581 1494 4631; x_wconf 80' lang='lat' dir='ltr'>hisdem</span> <span class='ocrx_word' id='word_1_491' title='bbox 1521 4582 1571 4631; x_wconf 87' lang='lat' dir='ltr'><em>B</em></span> <span class='ocrx_word' id='word_1_492' title='bbox 1654 4580 1717 4630; x_wconf 88' lang='grc'>18</span> <span class='ocrx_word' id='word_1_493' title='bbox 1745 4581 1981 4631; x_wconf 84' lang='lat' dir='ltr'>deficient</span> <span class='ocrx_word' id='word_1_494' title='bbox 2003 4581 2054 4631; x_wconf 90' lang='lat' dir='ltr'><em>B</em></span> <span class='ocrx_word' id='word_1_495' title='bbox 2127 4583 2191 4634; x_wconf 87' lang='grc'>19</span> <span class='ocrx_word' id='word_1_496' title='bbox 2218 4585 2376 4633; x_wconf 78' lang='lat' dir='ltr'>solius</span> <span class='ocrx_word' id='word_1_497' title='bbox 2402 4590 2465 4636; x_wconf 77' lang='grc' dir='ltr'>ις</span> <span class='ocrx_word' id='word_1_498' title='bbox 2491 4581 2653 4630; x_wconf 83' lang='lat' dir='ltr'>solum</span> <span class='ocrx_word' id='word_1_499' title='bbox 2682 4581 2795 4629; x_wconf 86' lang='lat' dir='ltr'>BP</span> <span class='ocrx_word' id='word_1_500' title='bbox 2863 4581 2924 4630; x_wconf 81' lang='lat'>21</span> <span class='ocrx_word' id='word_1_501' title='bbox 2952 4580 3160 4629; x_wconf 78' lang='lat' dir='ltr'>diducta</span> 
     </span>
     <span class='ocr_line' id='line_1_45' title="bbox 584 4648 3019 4714; baseline 0.001 -18"><span class='ocrx_word' id='word_1_502' title='bbox 584 4648 630 4696; x_wconf 89' lang='lat' dir='ltr'><em>B</em></span> <span class='ocrx_word' id='word_1_503' title='bbox 773 4652 838 4700; x_wconf 81' lang='lat'>25</span> <span class='ocrx_word' id='word_1_504' title='bbox 878 4651 1134 4700; x_wconf 82' lang='lat' dir='ltr'>secundae</span> <span class='ocrx_word' id='word_1_505' title='bbox 1169 4661 1286 4701; x_wconf 84' lang='lat' dir='ltr'>suut</span> <span class='ocrx_word' id='word_1_506' title='bbox 1323 4652 1479 4701; x_wconf 84' lang='lat' dir='ltr'>solius</span> <span class='ocrx_word' id='word_1_507' title='bbox 1516 4653 1562 4701; x_wconf 88' lang='lat' dir='ltr'><em>P</em></span> <span class='ocrx_word' id='word_1_508' title='bbox 1724 4650 1792 4701; x_wconf 84' lang='lat'>29</span> <span class='ocrx_word' id='word_1_509' title='bbox 1829 4652 1967 4700; x_wconf 73' lang='lat' dir='ltr'>fatuo</span> <span class='ocrx_word' id='word_1_510' title='bbox 2008 4663 2173 4703; x_wconf 80' lang='lat' dir='ltr'>statuo</span> <span class='ocrx_word' id='word_1_511' title='bbox 2214 4655 2262 4702; x_wconf 89' lang='lat' dir='ltr'><em>P</em></span> <span class='ocrx_word' id='word_1_512' title='bbox 2295 4653 2436 4702; x_wconf 80' lang='lat' dir='ltr'>sutuo</span> <span class='ocrx_word' id='word_1_513' title='bbox 2480 4665 2737 4714; x_wconf 73' lang='lat' dir='ltr'>superse-r.</span> <span class='ocrx_word' id='word_1_514' title='bbox 2767 4658 2932 4699; x_wconf 82' lang='lat' dir='ltr'>statuo</span> <span class='ocrx_word' id='word_1_515' title='bbox 2971 4650 3019 4698; x_wconf 90' lang='grc' dir='ltr'><em>Β</em></span> 
     </span>
    </p>
   </div>
   <div class='ocr_carea' id='block_1_4' title="bbox 578 4718 3157 4856">
    <p class='ocr_par' dir='ltr' id='par_1_6' title="bbox 578 4718 3157 4856">
     <span class='ocr_line' id='line_1_46' title="bbox 578 4718 3157 4856; baseline 0.001 -73"><span class='ocrx_word' id='word_1_516' title='bbox 578 4723 649 4843; x_wconf 56' lang='grc' dir='ltr'>ἷέθ</span> <span class='ocrx_word' id='word_1_517' title='bbox 683 4737 963 4856; x_wconf 45' lang='grc' dir='ltr'>ιὶιίωιιῑιιιοι·</span> <span class='ocrx_word' id='word_1_518' title='bbox 998 4738 1193 4788; x_wconf 82' lang='lat' dir='ltr'>infatuo</span> <span class='ocrx_word' id='word_1_519' title='bbox 1234 4745 1254 4788; x_wconf 82' lang='lat' dir='ltr'>t</span> <span class='ocrx_word' id='word_1_520' title='bbox 1287 4739 1567 4788; x_wconf 81' lang='lat' dir='ltr'>tumultum·</span> <span class='ocrx_word' id='word_1_521' title='bbox 1601 4737 1821 4788; x_wconf 79' lang='lat' dir='ltr'>infatuor</span> <span class='ocrx_word' id='word_1_522' title='bbox 1856 4718 2123 4789; x_wconf 52' lang='lat' dir='ltr'>P&#39;in&#39;fatuo</span> <span class='ocrx_word' id='word_1_523' title='bbox 2161 4740 2434 4789; x_wconf 82' lang='lat' dir='ltr'>tumultum·</span> <span class='ocrx_word' id='word_1_524' title='bbox 2469 4737 2520 4787; x_wconf 90' lang='lat' dir='ltr'><em>B</em></span> <span class='ocrx_word' id='word_1_525' title='bbox 2671 4736 2735 4787; x_wconf 84' lang='lat'>31</span> <span class='ocrx_word' id='word_1_526' title='bbox 2766 4735 2937 4786; x_wconf 75' lang='lat' dir='ltr'>fatuus</span> <span class='ocrx_word' id='word_1_527' title='bbox 2972 4737 3157 4786; x_wconf 85' lang='lat' dir='ltr'>tumul·</span> 
     </span>
     <span class='ocr_line' id='line_1_47' title="bbox 607 4820 1514 4856; baseline -0.001 0"><span class='ocrx_word' id='word_1_528' title='bbox 607 4820 667 4856; x_wconf 74' lang='lat' dir='ltr'>ue</span> <span class='ocrx_word' id='word_1_529' title='bbox 1510 4820 1514 4824; x_wconf 90' lang='lat'>·</span> 
     </span>
    </p>
   </div>
  </div>
 </body>
</html>
