3541 5564
1129 292 1529 354 ExcEltrTA
1578 291 1982 352 notitENsta
2039 288 2302 351 17-—20
2875 289 2996 352 641

1108 398 1122 412 .
2625 413 2666 453 p.
2695 401 2783 440 ιω.
2810 402 2861 442 5ss
2893 398 2945 441 v.

427 500 560 540 nam
606 482 835 555 integra
870 488 1008 540 sunt
1040 483 1168 540 face
1216 480 1346 540 dice
1394 480 1542 540 duce
1589 457 1813 540 deduce
1860 479 2007 539 olfac
2044 478 2232 539 olface
2279 481 2404 540 reic
2451 482 2610 539 reice
2659 490 2718 539 et
2763 480 2875 541 alia
2920 482 2996 539 si-

426 583 606 649 milia,
680 589 742 641 ut
786 584 846 641 iu
894 582 985 642 his
1029 601 1263 661 quoque
1308 590 1539 642 constet
1584 581 1786 660 regula
1831 599 1936 642 sua
1982 590 2039 641 et
2085 583 2400 641 amissione
2451 582 2689 642 ultimae
2735 581 2993 662 syllabae

426 704 498 744 ex
544 686 795 744 inlinitis
839 686 963 744 suis
1008 685 1349 763 procedant,
1397 685 1594 744 facere
1640 686 1789 751 face,
1838 683 2038 743 dicere
2072 684 2223 752 dice,
2271 684 2488 744 ducere
2521 684 2691 753 duce,
2740 685 2993 745 olfacere

424 786 642 855 olface‚
690 788 916 846 reicere
968 789 1147 847 reice.
1238 788 1411 847 tertia
1460 804 1710 865 persona
1758 784 2078 863 singularis
2134 788 2233 845 [iet
2277 806 2344 845 ex
2391 787 2648 848 secunda
2692 787 2992 864 singulari.

372 905 395 942 5
425 890 484 947 in
533 890 720 967 prima
766 889 1004 968 quidem
1049 908 1081 949 a
1127 891 1189 949 in
1235 908 1266 947 e
1314 906 1599 948 conversa
1646 895 1706 947 et
1751 887 1945 947 addita
1993 896 2043 956 t,
2103 896 2165 948 ut
2210 907 2339 948 ama
2386 898 2571 956 amet,
2630 891 2691 949 in
2736 891 2992 950 secunda

424 1009 560 1049 vero
605 999 665 1050 et
708 994 882 1051 tertia
939 990 1221 1070 producta
1268 991 1494 1051 adiecta
1542 998 1601 1049 at
1654 988 1907 1068 syllaba,
1957 998 2022 1050 ut
2065 1008 2236 1050 mone
2283 997 2544 1059 moneat,
2593 991 2728 1051 audi
2776 992 2993 1059 audiat,

423 1094 482 1152 in
531 1096 705 1152 tertia
752 1101 1023 1172 correpta
1069 1112 1100 1152 e
1146 1095 1207 1153 in
1256 1113 1286 1152 a
1332 1111 1610 1153 conversa
1657 1099 1716 1152 et
1760 1091 1959 1152 addita
2005 1101 2056 1161 t,
2105 1100 2168 1152 ut
2214 1092 2339 1169 lege
2386 1093 2562 1170 legat.
2624 1101 2683 1152 et
2728 1101 2791 1154 ιιι
2835 1113 2993 1153 com-

364 1268 371 1275 ·
426 1194 768 1273 pendiosius
823 1193 1043 1265 dicam,
1103 1196 1306 1256 eadem
1364 1198 1480 1255 erit
1536 1198 1708 1255 tertia
1766 1194 2087 1272 singularis
2130 1197 2463 1274 imperativi
2510 1198 2844 1274 praesentis
2889 1214 2995 1273 per

424 1316 630 1357 onmes
676 1299 1153 1375 coniugationes,
1211 1317 1360 1378 quae
1406 1300 1650 1378 optativi
1697 1299 1883 1357 futuri
1929 1298 2017 1357 vel
2063 1300 2425 1358 coniunctivi
2469 1300 2829 1376 praesentis,
2880 1300 2993 1357 uti-

350 1415 558 1460 mnam
607 1419 797 1460 amem
844 1418 1005 1460 ames
1049 1410 1233 1469 amet,
1294 1403 1517 1461 utinam
1564 1419 1835 1460 moneam
1881 1419 2121 1461 moneas
2165 1408 2430 1469 moneat,
2488 1402 2712 1459 utinam
2758 1399 2991 1460 audiam

424 1501 627 1561 audias
682 1502 908 1572 audiat,
971 1505 1193 1564 utinam
1251 1503 1440 1581 legam
1493 1502 1656 1579 legas
1710 1500 1893 1579 legat,
1966 1521 2100 1562 cum
2155 1522 2344 1563 amem
2401 1520 2561 1563 ames
2617 1508 2800 1570 amet,
2860 1520 2993 1561 cum

336 1588 345 1609 ⁸
424 1623 693 1665 moneam
752 1624 993 1665 moneas
1049 1613 1314 1674 moneat,
1373 1623 1506 1664 cum
1563 1605 1798 1665 audiam
1859 1605 2063 1665 audias
2121 1606 2347 1674 audiat,
2407 1623 2540 1664 cum
2597 1604 2787 1681 legam
2834 1603 2994 1681 legas

426 1705 598 1783 legat.
691 1707 947 1767 secunda
1001 1726 1231 1787 quoque
1291 1706 1537 1786 pluralis
1593 1725 1662 1766 ex
1720 1707 1979 1766 secunda
2037 1706 2322 1784 singulari
2380 1707 2607 1768 adiecta
2667 1714 2723 1765 te
2769 1706 2992 1785 syllaba

425 1808 873 1888 procreabitur,
923 1817 985 1868 ut
1029 1828 1156 1869 ama
1201 1817 1419 1879 amate,
1468 1827 1640 1868 mone
1674 1818 1938 1878 monete,
1985 1809 2121 1869 audi
2165 1810 2388 1878 audite,
2437 1809 2566 1885 lege
2611 1809 2824 1885 legite:
2875 1817 2991 1867 ter·

350 1922 396 1962 15
426 1913 504 1972 tia
551 1914 710 1971 enim
756 1920 1032 1991 correpta
1078 1911 1369 1972 familiare
1418 1911 1529 1970 hoe
1573 1911 1781 1980 habet,
1830 1914 1988 1971 inter
2033 1931 2064 1970 e
2111 1919 2171 1971 et
2214 1913 2233 1971 i
2281 1913 2797 1990 permutationem.
2876 1917 2991 1969 ter-

423 2016 501 2074 tia
563 2032 700 2073 vero
756 2012 1003 2093 pluralis
1056 2033 1126 2073 ex
1185 2016 1358 2074 tertia
1417 2016 1612 2075 veniet
1663 2013 1950 2091 singulari
1997 2032 2034 2073 ιι
2093 2014 2292 2074 littera
2339 2020 2469 2092 post
2512 2032 2543 2072 a
2600 2011 2691 2071 vel
2736 2031 2767 2071 e
2813 2031 2992 2091 paen-

423 2116 685 2175 ultimam
734 2117 1103 2194 interposita,
1152 2125 1215 2177 ut
1259 2125 1416 2177 amet
1446 2124 1673 2185 ament,
1721 2116 1932 2176 doceat
1962 2114 2236 2184 doceant,
2285 2115 2487 2177 audiat
2530 2114 2791 2183 audiant,
2840 2113 2993 2191 legat

422 2218 636 2294 legant.
698 2237 825 2277 ama
874 2226 1029 2277 amet
1072 2237 1336 2279 amemus
1381 2227 1571 2279 amate
1618 2227 1835 2285 ament,
1885 2237 2056 2277 mone
2088 2228 2324 2277 moneat
2371 2234 2715 2276 moneamus
2760 2223 2992 2276 monete

423 2304 727 2392 moneant,
778 2319 914 2379 audi
962 2319 1161 2380 audiat
1205 2321 1513 2409 audiamus
1559 2320 1755 2380 audite
1805 2319 2062 2388 audiant,
2095 2317 2240 2396 lege
2300 2319 2457 2396 legat
2501 2317 2767 2395 legamus
2812 2317 2991 2395 legite

346 2422 638 2499 ²⁰legant.
728 2407 900 2480 inune
956 2423 1223 2483 futurum
1279 2424 1690 2501 imperativum
1748 2422 2160 2482 declinationis
2215 2422 2436 2481 activae
2493 2422 2554 2480 in
2604 2428 2661 2479 to
2707 2417 2991 2498 syllabam

420 2525 639 2584 desinit
685 2531 745 2583 et
790 2524 856 2583 lit
898 2542 967 2582 ex
1014 2526 1312 2602 praesenti
1359 2544 1465 2585 suo
1511 2525 1613 2585 fmi
1660 2526 1790 2584 eius
1837 2534 2156 2584 memorata
2203 2522 2398 2584 addita
2445 2521 2696 2602 syllaba,
2754 2529 2820 2580 ut
2864 2540 2990 2581 ama

420 2632 639 2695 amato,
698 2644 871 2685 mone
928 2634 1195 2695 monet0,
1244 2627 1378 2687 audi
1426 2626 1656 2694 audito,
1703 2626 1832 2703 lege
1878 2627 2088 2703 legito:
2148 2626 2208 2685 iu
2268 2627 2443 2685 tertia
2491 2626 2649 2685 enim
2695 2632 2990 2702 correpta,

422 2733 485 2787 ut
539 2727 822 2797 diximus,
881 2748 913 2787 e
960 2735 1019 2788 et
1065 2730 1084 2788 i
1129 2727 1360 2801 litterae
1418 2730 1678 2791 vicissim
1734 2727 1850 2789 sibi
1908 2728 2146 2789 cedunt.
2237 2729 2411 2788 tertia
2469 2736 2569 2788 aut
2624 2725 2832 2787 eadem
2878 2727 2995 2786 erit

419 2847 568 2907 quae
614 2832 965 2907 praesentiS,
1015 2838 1079 2889 ut
1121 2839 1276 2891 amet
1308 2839 1542 2891 moneat
1586 2831 1786 2891 audiat
1830 2831 2003 2908 legat,
2052 2839 2151 2891 aut
2183 2850 2358 2892 uuam
2392 2831 2757 2909 eandemque
2789 2848 2993 2889 rocem

344 2943 393 2980 ²5
420 2938 480 2988 et
525 2931 816 2990 secundae
875 2939 934 2989 et
983 2934 1191 2992 tertiae
1238 2933 1598 3002 tribuemnS,
1647 2939 1840 2993 amato
1897 2941 2119 3002 amato,
2177 2942 2413 2993 moneto
2470 2940 2735 3001 moneto,
2792 2932 2994 2992 audito

421 3031 650 3099 audito,
711 3032 890 3108 legito
949 3030 1152 3109 legito,
1215 3045 1277 3095 ιιι
1322 3036 1638 3096 Terentius
1690 3055 1728 3090 -ιε
1799 3036 2188 3112 ‘Argolica
2249 3036 2381 3096 bac
2426 3035 2637 3113 galea
2683 3042 2991 3094 conten—

423 3141 537 3191 tus
582 3131 820 3192 abito’
869 3142 929 3192 et
974 3129 1170 3194 ‘esto
1215 3155 1403 3198 nune
1448 3137 1553 3197 sol
1604 3140 1857 3198 testis’
1905 3146 1964 3196 et

723 3236 987 3314 nequis
1030 3236 1115 3295 ob
1163 3240 1540 3317 inceptum
1587 3238 1919 3299 subitum
1965 3225 2144 3300 mihi
2189 3241 2492 3317 segnior
2543 3239 2548 3318 1
2597 3240 2718 3298 ito.

420 3335 676 3395 secunda
732 3336 977 3415 pluralis
1032 3339 1296 3399 eiusdem
1353 3343 1639 3419 temporis
1695 3360 1765 3400 ex
1823 3342 2081 3401 secunda
2137 3343 2240 3401 fiet
2305 3341 2590 3418 singulari
2648 3340 2877 3400 adiecta
2936 3350 2990 3401 te

342 3455 393 3494 ao
422 3435 673 3516 syllaba,
733 3445 924 3497 amato
985 3448 1267 3509 amatote,
1330 3440 1507 3518 legito
1568 3440 1831 3518 legitote.
1921 3444 2090 3502 tertia
2151 3461 2290 3502 vero
2346 3441 2596 3521 pluralis
2642 3451 2741 3502 aut
2786 3442 2989 3502 eadem

418 3541 536 3599 erit
593 3558 741 3618 quae
801 3543 1157 3618 praesentis,
1217 3551 1281 3602 ut
1338 3554 1534 3603 ament
1596 3555 1870 3604 moneant
1928 3543 2168 3604 audiant
2223 3544 2451 3620 legant,
2511 3552 2612 3604 aut
2666 3544 2776 3604 hoc
2821 3545 2992 3604 modo

418 3640 799 3702 formabitur:
876 3644 1065 3702 omnis
1116 3663 1368 3723 persona
1414 3647 1589 3704 tertia
1647 3645 1893 3724 pluralis
1936 3647 2096 3706 modi
2141 3646 2443 3707 indicativi
2489 3648 2776 3724 temporis
2820 3665 2991 3725 prae-

417 3746 604 3803 sentis
659 3744 871 3802 addila
925 3747 1040 3804 sibi
1088 3765 1122 3804 o
1188 3749 1287 3806 liet
1332 3749 1503 3807 tertia
1549 3747 1795 3826 pluralis
1851 3750 2186 3827 imperativi
2244 3751 2419 3809 activi
2462 3753 2742 3826 temporis
2785 3751 2990 3816 futuri,

419 3853 481 3904 ut
548 3853 747 3905 amant
812 3854 1073 3915 amanto,
1143 3856 1386 3908 monent
1439 3859 1741 3919 monento,
1803 3850 2053 3911 audiunt
2105 3850 2414 3921 audiunto,
2473 3852 2676 3930 legunt
2731 3852 2989 3930 legunto,

340 3967 391 4003 ας»
419 3962 538 4007 non
584 3963 903 4026 numquam
950 3959 1179 4010 veteres
1225 3969 1342 4010 nou
1389 3953 1516 4010 siue
1564 3951 1858 4029 elegantia
1904 3971 2011 4031 pro
2056 3955 2449 4013 coniunctivis
2489 3955 2840 4033 imperativa
2888 3973 2991 4032 po-

416 4057 693 4118 suerunt,
744 4057 807 4110 ιιι

717 4170 802 4210 ne
849 4159 1015 4230 pete
1062 4152 1419 4215 conubiis
1466 4162 1704 4215 natam
1752 4157 2057 4216 sociare
2105 4157 2398 4216 Latinis

416 4261 477 4311 et
521 4251 906 4313 ‘thalamis
952 4252 1099 4313 neu'
1134 4254 1356 4315 crede
1403 4258 1725 4334 paratis'
1772 4266 1873 4316 et·

552 4442 573 4487 1
604 4438 734 4488 olfac
762 4465 824 4474 —-
853 4440 984 4487 reice
1009 4447 1059 4489 ct
1096 4441 1313 4489 olfacere
1338 4469 1398 4477 —
1429 4443 1575 4499 reice,
1604 4459 1631 4492 e
1657 4443 1835 4506 quibus
1860 4442 1992 4491 olfac
2017 4450 2064 4492 ec
2092 4443 2190 4491 reie
2213 4451 2329 4506 post
2364 4444 2524 4492 deduc
2549 4447 2787 4508 ponenda
2825 4454 2989 4506 erant,

411 4515 595 4569 postea
616 4509 849 4557 videntur
871 4509 1140 4572 adscripta
1164 4524 1276 4558 esse
1391 4513 1453 4560 16
1490 4520 1602 4575 post
1636 4513 1713 4560 ed.
1730 4513 1777 4560 V
1780 4513 1884 4560 ind.
1912 4522 2029 4559 ante
2055 4510 2104 4559 Β
2227 4513 2292 4560 ‘26
2316 4510 2601 4576 Terentius]
2633 4513 2885 4572 Vergilius
2911 4516 2988 4566 ed.

423 4576 475 4622 V
471 4575 574 4624 ind.
589 4579 817 4624 lacunam
836 4594 934 4641 qua
952 4576 1178 4625 Terentii
1194 4581 1474 4642 exemplum
1494 4581 1751 4628 excidisse
1769 4581 1967 4628 videtur
1977 4580 2195 4628 indicavi
2265 4580 2497 4642 Argolica
2513 4576 2522 4643 Ι
2539 4581 2591 4626 V
2586 4582 2876 4640 eryAeuN
2893 4585 2991 4630 314

481 4644 544 4690 ‘27
582 4641 707 4708 esto]
732 4644 888 4708 Verq-
907 4646 1034 4694 Aen.
1061 4644 1268 4694 x11176
1359 4648 1425 4697 ⁶28
1453 4644 1655 4712 nequis]
1671 4647 1826 4711 Ver-9.
1844 4648 2193 4698 Aen.x11566
2285 4647 2538 4710 signiorB
2631 4647 2696 4698 32
2710 4650 2990 4713 praesentis

416 4743 685 4763 ..........
699 4727 726 4760 ο
754 4711 837 4760 flet
863 4712 931 4761 B:
962 4713 1077 4762 item
1099 4716 1150 4762 in
1170 4716 1379 4779 reliquia
1402 4732 1529 4780 qnae
1548 4717 1802 4765 incle‘natin
1821 4717 2005 4765 litteris
2035 4732 2289 4780 eoepresw
2307 4722 2422 4765 sunt
2443 4716 2780 4765 oblitteratam
2801 4719 2992 4767 codicis
3021 4710 3026 4714 ’

412 4777 713 4838 scripturam
732 4782 951 4829 restituit
972 4783 1050 4832 ed.
1065 4782 1115 4828 V
1113 4783 1216 4833 incl.
1286 4785 1348 4831 37
1371 4799 1432 4831 ne
1451 4781 1589 4849 pete]
1605 4785 1659 4831 V
1653 4800 1757 4848 cry.
1777 4784 2088 4834 Aen.VI196
2159 4784 2225 4834 38
2244 4780 2498 4848 thalamis]
2515 4785 2568 4833 V
2562 4799 2669 4849 cry.
2685 4786 2909 4838 Aemvn
2925 4789 2989 4836 97
