3541 5564
1320 356 1415 416 DE
1460 355 1708 416 DVBllS
1758 356 2172 416 NOMINlBVS
2905 355 3031 417 589

2675 478 2715 514 p.
2742 467 2892 504 asans
2924 464 2970 503 ιι.

626 546 823 625 Rupes
879 547 1116 622 generis
1171 546 1470 613 seminini,
1530 551 1596 604 ut
1640 542 1917 622 Virgilius
1964 543 2053 620 (A.
2103 544 2126 603 l
2171 540 2314 604 310.
2378 544 2452 604 lll
2500 541 2643 622 229)
2693 544 2835 603 ‘sub
2885 564 3027 623 rupe

459 653 691 709 ravata’
740 667 848 707 ceu
894 675 932 710 a
996 665 1224 722 magno.

625 750 746 810 Rus
788 752 1026 827 generis
1071 752 1297 817 neutri,
1348 757 1410 808 ut
1454 749 1811 808 Claudianus
1856 753 1994 807 ‘rus
2038 748 2194 807 istud
2242 751 2437 826 pretio
2483 755 2709 808 constat
2757 748 2913 808 vili'.

623 851 853 929 Rubigo
897 851 1474 954 generis'seminini,
1525 857 1586 909 ut
1632 849 1992 909 Prudentius
2039 847 2219 928 (cath.
2271 847 2328 919 7,
2374 847 2518 929 205)
2570 855 2843 928 ‘aegram
2890 870 3026 930 pec-

406 972 429 1007 5
459 962 651 1013 torum
697 954 1116 1032 rubigincm’.·

621 1054 842 1115 Rumor
895 1057 1132 1132 generis
1190 1053 1525 1122 masculini,
1587 1060 1651 1112 ut
1696 1054 1987 1113 Ausonius
2045 1036 2231 1132 ‘quae
2290 1061 2484 1114 tantae
2534 1062 2779 1125 tenuere
2828 1074 3023 1115 morae

457 1176 695 1218 rumore
740 1157 850 1218 sub
897 1159 1119 1217 omui’.

622 1260 838 1320 Rorem
884 1260 1123 1337 generis
1170 1259 1505 1328 masculini,
1555 1268 1618 1319 ιιι
1663 1259 2023 1319 Prudentius
2069 1254 2253 1336 (cath.
2300 1255 2369 1326 6,
2426 1255 2559 1336 127)
2609 1261 2840 1318 ‘rorem
2887 1258 3024 1318 sub-

454 1364 570 1421 isse
618 1365 942 1422 sanctum’.

383 1484 427 1522 ιο
622 1462 629 1543 Ι
683 1464 876 1523 Renes
919 1465 1160 1541 generis
1205 1463 1544 1530 masculini,
1606 1471 1670 1523 ιιι
1715 1464 1893 1523 David
1945 1459 2064 1540 (ps,
2115 1458 2213 1530 72,
2261 1459 2374 1541 21)
2424 1467 2634 1522 ‘renes
2692 1466 2806 1522 mei
2858 1481 3015 1523 reso-

455 1567 558 1625 luti
606 1572 796 1634 sunt',
845 1574 901 1624 ct
949 1565 1084 1625 alibi
1136 1564 1253 1641 (ps.
1300 1561 1408 1634 25,
1457 1561 1528 1642 2)
1578 1570 1718 1624 ‘ure
1778 1585 1951 1625 renes
2006 1567 2224 1625 meos'.
2316 1564 2598 1642 singulari
2656 1573 2857 1625 autem
2915 1584 3023 1626 uu-

454 1686 618 1727 mero
662 1674 884 1728 carent.

619 1769 837 1830 Rosum
894 1769 1173 1829 dixerunt
1227 1769 1463 1847 quidam
1511 1770 1927 1846 singulariter,
1989 1789 2118 1829 rosa
2166 1768 2501 1848 pluraliter,
2560 1771 2727 1847 quasi
2786 1771 3026 1845 generis

452 1873 644 1931 neutri
693 1879 868 1931 esset.
959 1872 1060 1931 sed
1109 1890 1264 1931 nunc
1310 1891 1443 1931 rosa
1488 1871 1869 1947 singulariter
1914 1879 1973 1930 et
2031 1871 2338 1950 pluraliter
2384 1890 2573 1939 rosas,
2634 1878 2697 1929 ut
2743 1870 3024 1930 Sidonius

381 1994 426 2030 15
455 1970 568 2048 (ep.
617 1972 692 2033 lx
745 1971 840 2052 13)
893 1974 1058 2032 ‘rosa
1107 1973 1301 2034 sutilis
1346 1976 1641 2040 coronet',
1702 1980 1761 2031 et
1807 1973 1949 2033 alibi
1999 1973 2206 2051 (carm.
2253 1971 2312 2042 2,
2366 1970 2505 2051 110)
2552 1971 2877 2032 ‘hibernae
2923 1992 3022 2031 ru-

454 2073 635 2134 buere
682 2080 908 2135 rosae’.
997 2075 1098 2134 sed
1144 2077 1386 2152 generis
1431 2076 1698 2134 seminini
1745 2083 1853 2133 est.

618 2176 783 2236 Ratis
836 2178 1077 2253 generis
1133 2177 1434 2244 seminini,
1496 2182 1558 2235 ut
1618 2176 1898 2236 Paulinus
1957 2175 2175 2254 (carm.
2241 2173 2343 2244 17,
2381 2172 2562 2254 .106)
2620 2179 2783 2235 ‘rate
2833 2185 3020 2237 amata

454 2276 623 2337 titulo
667 2279 929 2338 salutis’.

618 2379 837 2441 Remus
879 2383 1118 2458 generis
1163 2380 1504 2450 masculini,
1553 2388 1616 2439 ut
1648 2380 1926 2457 Virgilius
1973 2376 2065 2457 (Α.
2102 2379 2125 2438 l
2162 2375 2299 2460 104)
2347 2380 2734 2456 ‘franguntur
2784 2378 3016 2460 [litora]

309 2497 320 2506 ·
374 2503 424 2540 ρο
450 2484 600 2541 remi
619 2484 659 2540 ’.

617 2581 850 2661 Religio
894 2586 1132 2660 generis
1177 2586 1476 2652 feminini,
1527 2592 1590 2644 ut
1636 2583 1916 2661 Virgilius
1967 2582 2056 2660 (Α.
2105 2582 2201 2641 Vll
2248 2579 2392 2660 608)
2442 2583 2763 2660 ‘religione
2798 2590 3019 2648 sacra.’.

619 2685 804 2745 Radix
849 2686 1086 2762 generis
1129 2687 1432 2770 seminini,
1480 2695 1545 2746 ut
1590 2685 1731 2746 illud
1780 2685 1874 2744 ‘in
1920 2685 2120 2744 radice
2169 2684 2433 2762 oleagina
2451 2688 2490 2743 ⁹.

617 2786 877 2867 Sulphnr
937 2791 1177 2865 generis
1233 2791 1457 2858 neutri,
1519 2798 1581 2850 ut
1640 2789 1920 2865 Virgilius
1978 2785 2064 2866 (q.
2116 2787 2191 2847 111
2237 2782 2389 2866 449)
2451 2791 2722 2867 ‘spumas
2769 2792 3023 2849 miscent

450 2891 680 2965 argenti
726 2891 970 2968 vivaque
1018 2890 1352 2970 sulphura'.
1736 2954 1746 2968 ,
2154 2910 2161 2917 “

374 3011 424 3051 25
619 2990 806 3070 Sapor
861 2995 1094 3069 generis
1153 2990 1490 3060 masculini,
1566 3000 1630 3052 ut
1683 2993 1827 3052 illud
1886 2993 2200 3052 ereiecisse
2272 2991 2455 3052 bonos
2520 2991 2756 3053 turbata
2823 3000 3019 3053 mente

451 3096 746 3170 sapores’.

621 3194 907 3273 Scopulus
962 3197 1201 3271 generis
1259 3196 1599 3264 masculini,
1659 3204 1722 3256 ιιι
1766 3196 2047 3273 Virgilius
2105 3193 2209 3273 (A.
2258 3195 2279 3255 l
2327 3192 2440 3275 45)
2487 3196 2878 3276 ‘scopuloque
2928 3200 3015 3258 in-

448 3298 577 3356 fixit
621 3302 846 3365 acuto',
910 3304 969 3356 et
1033 3296 1343 3375 pluraliter
1408 3294 1500 3375 (A.
1559 3298 1582 3357 l
1643 3295 1784 3378 162)
1853 3299 2226 3377 ‘geminique
2271 3301 2596 3377 2n1inanuu·
2662 3300 2722 3358 iu
2791 3298 3017 3358 caelum

447 3398 727 3477 scopuli’.

371 3524 421 3562 30
620 3498 626 3577 Ι
675 3500 875 3559 Series
917 3502 1155 3577 generis
1198 3502 1501 3571 feminini,
1563 3509 1624 3561 ut
1671 3502 2028 3562 Fortunatus
2076 3500 2283 3578 (carm.
2331 3502 2486 3563 Vllll
2535 3500 2600 3571 7,
2648 3500 2707 3582 3)
2768 3501 3013 3562 ‘blanda

446 3601 829 3663 conscribens
874 3604 1027 3661 serie
1074 3602 1348 3662 salutes'.

614 3703 879 3764 Stadium
924 3707 1161 3781 generis
1205 3707 1400 3765 neutri
1446 3711 1504 3764 et
1549 3707 1887 3776 masculini,
1946 3708 2082 3785 quia
2141 3707 2393 3766 dicimus
2434 3705 2654 3766 stadios
2700 3714 2759 3766 et
2804 3707 3012 3767 stadia.

581 3908 614 3955 8
645 3922 806 3956 rorem
836 3908 1065 3961 Serv.⁰ia
1106 3910 1258 3973 Verq.
1297 3910 1404 3959 bue.
1443 3911 1493 3973 8,
1534 3911 1596 3960 15

581 4085 612 4130 2
649 4096 835 4129 caunca
864 4079 924 4128 M
994 4096 1085 4129 ceu
1111 4096 1296 4146 magno
1326 4097 1395 4129 ecc
1418 4082 1521 4129 alia
1545 4081 1889 4131 observah'one
1919 4084 2092 4131 relicta
2120 4098 2231 4131 esse
2260 4082 2485 4131 videnlur·
2557 4081 2587 4131 3
2616 4082 2885 4129 Claudiani
2907 4088 2954 4129 ee
2981 4082 3014 4130 6

443 4152 656 4201 Ausonii
685 4150 838 4201 verba
865 4152 1004 4213 apud
1024 4151 1114 4200 lios
1149 4166 1241 4199 non
1272 4152 1469 4200 inventa
1493 4158 1606 4199 sunt
1710 4151 1740 4200 3
1783 4168 1865 4199 rus
1899 4168 1990 4204 one.
2020 4154 2065 4200 L
2173 4153 2202 4201 4
2244 4167 2476 4216 pecorum
2509 4152 2570 4199 J!
2599 4165 2828 4213 pecorum
2863 4151 2915 4198 V

441 4223 473 4271 6
512 4238 608 4285 que
649 4232 782 4271 tante
821 4231 867 4268 te
904 4220 997 4270 sub
1029 4222 1162 4269 omni
1205 4221 1262 4269 M
1389 4219 1454 4271 10
1491 4216 1674 4286 David]
1719 4222 1829 4269 d'd’
1873 4220 1930 4268 M
2035 4222 2224 4269 resolui
2265 4221 2325 4268 M
2461 4222 2510 4271 ll
2557 4220 2815 4283 singular-E⁸
2844 4229 3010 4268 autem

444 4292 562 4340 nun'i
586 4290 649 4338 M
664 4291 974 4357 singularem
1003 4302 1166 4341 autem
1202 4306 1461 4339 numerum
1491 4308 1559 4339 ex
1596 4292 1643 4337 V
1672 4292 1827 4340 edidit
1849 4291 2099 4353 llaupieius
2174 4291 2236 4340 15
2264 4289 2454 4356 rosum]
2488 4292 2671 4339 rosiurr
2708 4290 2769 4339 M
2786 4291 2858 4338 V:
2901 4306 3009 4337 rosa

441 4377 557 4426 geu.
602 4362 720 4413 fem.
769 4370 812 4407 et
862 4370 1028 4410 tamen
1067 4361 1239 4409 dicunt
1283 4361 1437 4423 aliqui
1479 4363 1664 4409 rosium
1705 4377 1821 4426 geu.
1863 4370 1995 4408 neue.
2035 4362 2080 4408 L
2255 4362 2313 4407 15
2351 4376 2494 4412 rosas
2533 4361 2680 4409 utiles
2723 4373 2925 4408 coronat
2967 4362 3018 4408 V

442 4447 557 4480 rosa
593 4434 764 4479 sutilat
796 4443 1000 4479 coronat
1039 4430 1095 4478 M
1263 4432 1439 4481 rubere
1479 4431 1600 4479 MV
1777 4430 1837 4479 17
1875 4426 2016 4492 ralis]
2059 4439 2189 4478 rates
2224 4430 2281 4477 M
2301 4431 2406 4479 VL
2584 4438 2686 4477 rate
2724 4438 2913 4477 armata
2966 4432 3017 4477 V

443 4510 546 4549 rate
586 4517 641 4548 ιιι·
677 4512 870 4549 armata
910 4500 965 4548 M
1110 4500 1173 4550 18
1209 4501 1399 4549 salutes
1446 4502 1498 4549 V
1531 4501 1685 4549 saite-s
1725 4500 1787 4547 M
1928 4500 1990 4548 19
2025 4498 2148 4551 mas.
2190 4501 2308 4565 geni,
2344 4499 2407 4547 M
2544 4498 2783 4564 frangunt
2830 4501 2881 4546 V
2913 4498 3012 4549 fra-

442 4582 628 4634 guntur
669 4572 726 4620 M
899 4570 962 4619 21
1005 4571 1118 4634 geu’.
1159 4572 1227 4619 ῑιί.
1265 4571 1396 4619 MV
1566 4572 1631 4619 22
1672 4570 1883 4633 olegenn
1920 4570 1981 4618 M
2002 4570 2080 4619 V.-
2135 4571 2291 4632 Very.
2337 4584 2513 4635 θεον-9,
2556 4571 2595 4617 ll
2636 4568 2699 4618 31
2737 4570 2951 4618 truditur
2984 4586 3010 4617 e

442 4641 573 4687 sicco
610 4642 752 4690 radix
792 4638 1026 4705 oleagina
1061 4641 1199 4705 ligno
1376 4642 1440 4687 2⁴
1480 4639 1719 4703 sulphura
1766 4642 1821 4690 V
1985 4640 2050 4689 27
2090 4641 2350 4703 scopulum
2388 4642 2433 4688 L
2470 4640 2700 4703 scuplum
2751 4638 2882 4688 MV

445 4709 656 4774 scupulo
700 4710 904 4775 (scupis)
952 4711 1036 4767 M)
1078 4726 1224 4773 quem
1257 4711 1366 4758 lixit
1402 4710 1538 4759 MV
1705 4711 1774 4759 ‘28
1810 4710 2000 4774 gemini
2030 4713 2058 4770 ἴ]
2100 4709 2159 4757 Μ
2327 4710 2395 4759 29
2431 4709 2627 4775 scupuli
2669 4710 2722 4756 V
2748 4709 2908 4773 scupli
2955 4710 3017 4759 M

581 4780 647 4827 30
681 4780 966 4829 fortunatus
1008 4781 1068 4828 M
1205 4795 1296 4829 con
1334 4780 1660 4830 conscribens
1698 4780 1860 4828 seriae
1902 4777 1960 4825 M
2099 4780 2166 4831 32
2204 4779 2423 4828 stadium
2461 4780 2509 4831 L
2546 4778 2707 4829 stadia
2744 4778 2873 4829 MV

440 4847 652 4914 stadios]
704 4852 914 4901 staduus
949 4850 1007 4898 M
1029 4853 1082 4900 V
