3541 5564
1532 320 1676 384 Ans
2079 301 2084 305 ⁴
2822 315 2903 378 75

2515 439 2560 479 p.
2589 427 2700 466 1932.
2728 426 2778 464 33
2806 422 2849 464 Ρ.

332 512 595 593 ‘quando
655 510 766 571 hoc
825 509 929 571 tibi
986 509 1245 590 placet';
1304 510 1353 568 si
1399 525 1537 567 vero
1576 508 1586 584 Ι
1626 516 1886 588 tempus,
1946 506 2288 569 adverbium
2350 514 2464 576 est,
2523 512 2585 566 ut
2629 503 2901 584 ‘quando

330 616 538 676 venit'.
602 631 990 693 quamquam,
1037 613 1088 672 si
1118 613 1447 673 accusativo
1481 630 1599 672 non
1629 611 2016 690 respondeat,
2051 610 2388 671 coniunctio
2421 619 2537 677 est,
2570 615 2633 668 ut
2661 610 2899 686 ‘quam-

326 737 498 799 quam
544 725 743 795 patres
787 715 1172 793 conscripti';
1221 715 1271 774 si
1316 714 1644 774 accusativo
1691 712 2103 792 responderit,
2151 710 2524 790 conpositum
2570 726 2900 789 pronomen

327 829 440 891 est,
489 827 555 880 ut
596 819 1001 895 ‘quamquam
1032 816 1313 877 iustitiam
1332 820 1368 874 '.
1417 833 1486 873 ce
1532 815 1708 875 etiam
1755 815 2020 875 ornativa
2066 814 2406 874 coniunctio
2452 818 2569 881 est,
2615 820 2680 872 ut
2708 809 2902 878 illece,

198 926 225 992 '.
277 933 385 984 ⁵et
439 922 577 983 ideo
632 920 970 981 coniunctio
1028 926 1133 988 est,
1181 919 1316 997 quia
1362 918 1753 997 postponitur.
1813 950 1895 959 —
1956 916 2142 976 Sunt
2207 916 2426 976 etiam
2486 914 3134 982 dictiones,389,13

325 1043 504 1105 quas
551 1025 916 1083 incertum
963 1029 1075 1081 est
1120 1027 1356 1081 utrum
1402 1021 1979 1081 coniunctiones
2022 1016 2764 1096 aii-praepositiones
2810 1032 2897 1074 an

324 1125 670 1186 adverbia
718 1124 1207 1184 nominemus:
1253 1120 1648 1199 intellegimus
1694 1130 1754 1181 et
1797 1121 1911 1181 hoc
1953 1121 2111 1180 iuxta
2157 1119 2421 1197 regulam
2462 1137 2636 1197 saepe
2666 1117 2898 1187 dictam,

324 1230 489 1308 quia,
538 1224 822 1307 qiiithuid
869 1223 1064 1285 deficit
1108 1242 1238 1285 esse
1283 1223 1439 1303 quod
1485 1230 1600 1292 est,
1649 1222 1990 1284 adverbium
2036 1222 2190 1283 facit.

1229 1393 1326 1454 DE
1370 1392 1992 1455 PRAEI‘OSITIONE.

249 1530 297 1567 1⁰
490 1516 968 1595 Praepositio
1016 1522 1125 1575 est
1167 1531 1336 1593 pars
1382 1513 1782 1573 orationis:
1832 1512 2218 1593 praeponitur
2245 1512 2600 1591 praepositio
2631 1509 2906 1570 omnibus
2930 1518 2997 1565 20

323 1617 621 1698 partibuS,
682 1619 854 1678 etiam
903 1616 1015 1677 sibi
1059 1618 1204 1695 ipsi,
1261 1622 1325 1675 ut
1369 1616 1769 1676 circumcirca.
1821 1649 1896 1658 —
1944 1616 2081 1675 Aut
2135 1612 2396 1692 implet
2452 1619 2572 1672 aut
2618 1620 2848 1672 mutat
2894 1608 2902 1690 Ι

321 1727 447 1780 aut
492 1720 789 1780 minuit:
838 1719 1197 1798 praepositio
1243 1717 1732 1795 significationem
1780 1717 2036 1797 partium
2073 1714 2371 1776 interdum
2406 1722 2619 1784 mutat,
2666 1722 2731 1775 ut
2760 1704 2906 1792 rogo

322 1822 579 1899 adrogo:
636 1820 791 1881 aliud
851 1829 942 1879 est
986 1837 1230 1897 rogare,
1291 1817 1448 1879 aliud
1504 1817 1822 1895 adrogare:
1881 1817 2180 1878 interdum
2226 1817 2582 1877 contrariam
2630 1816 2793 1885 lacit,
2843 1822 2908 1875 ut

320 1922 498 1985 cludo
529 1922 802 1991 recludo:
850 1921 1004 1982 aliud
1039 1930 1130 1983 est
1161 1919 1431 1993 cludere,
1479 1919 1637 1980 aliud
1671 1919 2011 1981 recludere:
2059 1939 2194 1981 nam
2226 1917 2501 1980 claudere
2534 1925 2624 1977 est
2654 1915 2906 1977 claustra

253 2039 302 2078 1⁵
328 2013 772 2104 constringere,
819 2010 1133 2084 recludere
1177 2024 1437 2102 aperire:
1483 2022 1784 2083 interdum
1830 2033 2028 2101 auget,
2078 2029 2143 2082 ut
2186 2040 2333 2082 orno
2377 2038 2627 2080 exorno:
2675 2020 2904 2089 minuit,

322 2137 384 2187 ut
428 2125 672 2187 dolosus
715 2124 1018 2187 subdolus.
1093 2125 1451 2204 praepositio
1505 2123 1657 2184 dicta
1705 2130 1794 2184 est
1839 2143 1942 2192 eo,
1990 2123 2147 2204 quod
2189 2131 2588 2205 praeponatur
2636 2121 2907 2183 omnibus

320 2227 590 2307 partibus
636 2228 924 2288 orationis
970 2234 1215 2306 excepta
1245 2226 1674 2298 interiectione,
1724 2245 1857 2287 cum
1892 2226 2138 2287 dicimus
2183 2214 2726 2285 ‘antehomInes’z'
2770 2242 2905 2283 nam

323 2349 441 2391 non
488 2329 740 2389 dicimus
786 2328 1097 2389 ehomines
1141 2331 1332 2388 ante'.
1409 2337 1675 2390 ceterum
1719 2329 2047 2409 postposita
2092 2330 2141 2388 si
2186 2327 2390 2397 suerit,
2438 2328 2498 2386 in
2531 2326 2904 2403 significatio·

323 2451 459 2492 nem
507 2433 721 2491 transit
764 2430 1056 2513 adverbii,
1108 2439 1173 2491 ut
1216 2429 1476 2508 ‘longo
1521 2438 1689 2510 post
1733 2438 2070 2509 tempore
2117 2429 2378 2489 venit'.
2431 2461 2498 2471 —-
2539 2425 2996 2506 Subponi-22

245 2543 471 2602 mtur,
534 2540 609 2594 ut
663 2552 945 2593 mecum
1003 2540 1272 2593 tecum:
1334 2531 1789 2612 pronominibus
1847 2533 2082 2610 quando
2127 2530 2483 2610 supponitur
2525 2530 2906 2609 praepositio,

321 2635 695 2696 necessitatis
740 2642 829 2694 est
872 2652 1043 2695 causa
1090 2632 1165 2694 ad
1208 2632 1507 2694 vitandum
1552 2633 1979 2715 cacenphaton.
2020 2636 2031 2709 Ι
2070 2652 2203 2694 cum
2235 2632 2367 2693 dico
2395 2650 2533 2693 cum
2567 2630 2754 2701 nobis,
2801 2630 2902 2692 ab·

317 2756 535 2798 sonum
584 2745 705 2805 est,
765 2735 854 2797 vel
909 2755 1043 2798 cum
1100 2735 1231 2797 dico
1287 2755 1420 2797 cum
1452 2732 1479 2819 ΙΙ
1509 2754 1606 2797 me
1662 2743 1720 2798 et
1774 2744 1989 2798 cetera.
2045 2770 2114 2779 —
2165 2736 2385 2796 Omnes
2437 2734 2909 2814 praepositiones

320 2838 602 2900 adverbia
648 2848 706 2899 et
749 2840 1197 2900 coniunctiones
1241 2859 1275 2901 a
1320 2841 1669 2901 terminatae
1715 2838 1926 2917 longae
1982 2847 2120 2900 sunt
2175 2838 2397 2918 absque
2453 2834 2709 2906 ‹luabuS,
2770 2836 2904 2916 quia

322 2949 383 3001 et
424 2943 525 3002 ita.
580 2975 652 2985 —
699 2943 838 3003 Aut
897 2940 1194 3001 verbum
1250 2941 1674 3020 praecedit,
1733 2949 1811 3001 ut
1863 2941 2199 3020 persero,
2263 2945 2384 3000 aut
2440 2937 2906 3008 adverbium,

244 3063 293 3101 25
322 3051 396 3103 ut
440 3061 808 3121 expresse
857 3064 893 3096 νε
940 3039 1033 3121 [ut
1075 3061 1185 3122 pro
1242 3049 1511 3121 separata
1567 3043 1926 3122 praepositio
1983 3049 2098 3111 est,
2159 3041 2322 3101 verbi
2377 3043 2562 3119 gratia
2620 3041 2669 3100 si
2715 3040 2907 3102 dicam

318 3164 432 3224 pro
486 3162 634 3223 quo:
692 3145 741 3204 si
800 3143 933 3204 dico
977 3160 1267 3221 provoco,
1325 3145 1638 3205 coniuncta
1698 3142 1814 3224 est]
1883 3151 1961 3204 ut
2014 3143 2317 3224 absque:
2390 3141 2497 3204 abs
2551 3144 2907 3223 praepositio

317 3256 426 3314 est,
473 3264 589 3325 que
635 3246 974 3306 coniunctio
1023 3243 1297 3325 [aeque
1342 3253 1463 3306 aut
1506 3248 2071 3324 coniunguntur
2116 3255 2238 3306 aut
2279 3243 2789 3325 separantur}
2835 3260 2998 3308 -25

321 3349 410 3407 Vt
469 3349 991 3408 circumcirca:
1050 3346 1164 3408 sibi
1217 3348 1340 3428 ipsa
1397 3349 1813 3427 praeponitur,
1873 3349 2288 3415 circumcirca,
2349 3356 2412 3408 ut
2466 3347 2541 3406 sit
2596 3335 2710 3405 uria
2769 3365 2908 3426 pars
2932 3363 2998 3410 24

319 3450 628 3510 orationis.
686 3483 754 3493 —-
798 3447 934 3509 Aut
988 3448 1282 3509 casibus
1338 3456 1460 3508 aut
1512 3447 1900 3528 loquellis:
1960 3449 2224 3511 casuales
2281 3449 2562 3509 dicuntur
2607 3451 2907 3527 praeposi·
2999 3521 3004 3526 ,

245 3553 515 3612 actiones
560 3569 710 3630 quae
755 3558 1060 3629 separatae
1105 3551 1349 3620 suerint,
1409 3549 1645 3612 casibus
1688 3550 2058 3631 copulantur.
2136 3570 2288 3632 quae
2335 3569 2473 3611 vero
2530 3549 2726 3611 verbis
2770 3569 2907 3629 par·

322 3655 544 3734 ticipiis
589 3661 648 3713 et
695 3650 1032 3713 nominibus
1075 3654 1310 3712 iunctae
1354 3652 1604 3723 suerint,
1654 3652 2009 3733 loquellares
2054 3653 2346 3713 dicuntur.
2390 3657 2399 3726 Ι
2437 3649 2700 3731 reliquae
2745 3671 2904 3712 com-

324 3773 535 3829 munes
581 3754 861 3814 dicuntur
908 3772 1056 3823 esse,
1105 3764 1171 3815 ut
1214 3754 1317 3814 de:
1366 3764 1424 3815 et
1469 3754 1578 3815 ‘de
1626 3754 1757 3816 loco
1803 3757 2014 3816 venio'
2073 3765 2132 3816 et
2176 3754 2414 3815 ‘defero
2460 3752 2623 3836 tibi'.
2673 3753 2909 3834 quando

458 3942 582 3994 God.
624 3940 784 3994 Bern.
820 3940 934 3989 xm
972 3938 1219 3996 3*—5*.
1362 3945 1397 3992 4
1432 3941 1523 3992 ille
1555 3958 1670 3991 eece
1793 3944 1824 3992 7
1862 3944 1995 3992 dicta
2101 3941 2135 3991 8
2177 3941 2296 3991 fecit
2334 3957 2470 3994 corr.
2513 3945 2583 3990 al.
2623 3958 2750 3994 man.
2789 3941 2909 3990 facit

460 4010 525 4062 13
562 4010 692 4060 aliut
830 4011 953 4060 aliut
1095 4013 1158 4062 14
1189 4010 1317 4061 aliut
1351 4027 1436 4062 ero
1471 4014 1629 4073 (corr.
1671 4014 1742 4062 al.
1778 4029 1907 4066 man.
1949 4027 2067 4062 uero
2107 4011 2209 4072 est)
2246 4011 2450 4060 cludere
2488 4011 2611 4060 aliut
2647 4011 2907 4061 recludere

465 4083 528 4132 15
559 4078 844 4146 recludere]
887 4081 1089 4130 cludere
1124 4097 1262 4135 corr.
1302 4084 1372 4130 al.
1410 4099 1538 4133 man.
1582 4081 1842 4132 recludere
1951 4084 2013 4132 18
2051 4081 2169 4147 uon]
2212 4097 2303 4130 nos
2405 4081 2469 4131 21
2509 4081 2767 4130 caceufato

321 4165 537 4203 aeonum
680 4152 749 4201 24
788 4151 857 4199 ita
898 4159 953 4200 ut
989 4152 1198 4201 uerbum
1340 4154 1406 4201 25)
1443 4167 1719 4218 expraesso
1761 4163 1815 4201 ut
1856 4170 1946 4218 pro
1993 4154 2158 4216 spacio
2195 4153 2341 4201 crium
2385 4153 2662 4200 litterarum
2700 4161 2816 4202 cente
2854 4161 2908 4201 ut

319 4223 497 4272 relicto
642 4219 896 4288 separata]
932 4223 1186 4287 se.parba
1326 4224 1540 4288 gratiam
1584 4238 1720 4273 corr.
1755 4225 1922 4288 gratia
2062 4223 2130 4272 26
2169 4213 2459 4284 coniuncta]
2501 4222 2790 4270 coniunctio

319 4293 386 4341 27
423 4292 711 4426 corJJiunctio
734 4305 1043 4355 ‚amneque
1182 4291 1249 4342 28
1288 4303 1342 4341 ut
1378 4293 1698 4342 circumcirca
1735 4293 1835 4342 aub
1873 4290 2033 4359 (corr.
2065 4296 2135 4346 al.
2172 4308 2300 4344 inan.
2342 4289 2453 4353 aut)
2490 4292 2586 4341 sibi
2727 4291 2790 4340 31
2829 4306 2905 4340 re·

321 4361 491 4424 liquae
557 4375 690 4423 quae

458 4551 490 4598 4
528 4557 585 4597 ut
621 4546 828 4596 illaecce
870 4546 1126 4598 paese-Mus
1272 4549 1336 4600 19
1384 4548 1559 4615 longo]
1618 4552 1775 4616 Very.
1821 4549 1978 4601 bucol.
2023 4552 2081 4613 1,
2115 4550 2183 4601 30
2324 4551 2391 4600 25
2430 4552 2479 4599 in
2516 4551 2722 4608 lacuna,
2763 4565 2907 4614 quam

321 4620 505 4669 codicia
533 4619 794 4682 scriptura
830 4619 1058 4668 indicare
1094 4619 1305 4678 videtur,
1346 4621 1530 4670 Donati
1563 4620 1716 4669 verba
1752 4630 1840 4670 aut
1877 4621 2193 4686 participium
2235 4631 2286 4668 ut
2317 4618 2627 4686 praecedens
2662 4627 2750 4666 aut
2785 4633 2904 4668 con-

324 4689 629 4739 iunctionem
667 4687 966 4738 exciderunt
1102 4688 1170 4738 30
1208 4704 1338 4750 quae
1375 4704 1488 4738 cum
1526 4699 1790 4754 separatae
1828 4689 2017 4739 suerint
2051 4692 2255 4739 casibus
2292 4689 2592 4755 copulantur
2619 4688 2902 4743 Pam-hius.

324 4759 640 4809 scribendum
677 4758 873 4807 videtur
912 4773 1041 4821 quae
1089 4760 1362 4824 separatim
1400 4758 1589 4809 fuerint
1628 4761 1828 4810 casibus
1864 4760 2145 4826 copulatae,
2187 4762 2285 4809 uisi
2311 4761 2479 4823 potius
2512 4758 2712 4808 casibus
2744 4774 2903 4824 copu-

325 4829 488 4878 lantur
520 4833 703 4892 postea
731 4827 794 4877 ab
827 4829 928 4879 alio
963 4828 1267 4893 adscriptum
1300 4836 1379 4878 est
