<?xml version="1.0" encoding="UTF-8"?>
<!DOCTYPE html PUBLIC "-//W3C//DTD XHTML 1.0 Transitional//EN"
    "http://www.w3.org/TR/xhtml1/DTD/xhtml1-transitional.dtd">
<html xmlns="http://www.w3.org/1999/xhtml" xml:lang="en" lang="en">
 <head>
  <title>
</title>
<meta http-equiv="Content-Type" content="text/html;charset=utf-8" />
  <meta name='ocr-system' content='tesseract 3.04.00' />
  <meta name='ocr-capabilities' content='ocr_page ocr_carea ocr_par ocr_line ocrx_word'/>
</head>
<body>
  <div class='ocr_page' id='page_1' title='image "./grammaticilatin10keilgoog_0692.png"; bbox 0 0 3541 5564; ppageno 0'>
   <div class='ocr_carea' id='block_1_1' title="bbox 545 336 2005 407">
    <p class='ocr_par' dir='ltr' id='par_1_1' title="bbox 545 336 2005 407">
     <span class='ocr_line' id='line_1_1' title="bbox 545 336 2005 407; baseline -0.005 -4"><span class='ocrx_word' id='word_1_1' title='bbox 545 340 671 407; x_wconf 85' lang='lat'>684</span> <span class='ocrx_word' id='word_1_2' title='bbox 1658 336 2005 397; x_wconf 78' lang='lat' dir='ltr'><strong>ADDENDA</strong></span> 
     </span>
    </p>
   </div>
   <div class='ocr_carea' id='block_1_2' title="bbox 545 522 3146 4551">
    <p class='ocr_par' dir='ltr' id='par_1_2' title="bbox 551 522 3131 726">
     <span class='ocr_line' id='line_1_2' title="bbox 551 522 3131 589; baseline -0.002 -12"><span class='ocrx_word' id='word_1_3' title='bbox 551 530 633 589; x_wconf 85' lang='grc'>51,</span> <span class='ocrx_word' id='word_1_4' title='bbox 662 532 693 577; x_wconf 87' lang='grc'><strong>3</strong></span> <span class='ocrx_word' id='word_1_5' title='bbox 753 526 948 576; x_wconf 79' lang='lat' dir='ltr'>infinita</span> <span class='ocrx_word' id='word_1_6' title='bbox 984 536 1038 574; x_wconf 84' lang='lat' dir='ltr'>ut</span> <span class='ocrx_word' id='word_1_7' title='bbox 1070 527 1244 575; x_wconf 87' lang='lat' dir='ltr'>cuius:</span> <span class='ocrx_word' id='word_1_8' title='bbox 1283 526 1410 574; x_wconf 84' lang='lat' dir='ltr'>iuter</span> <span class='ocrx_word' id='word_1_9' title='bbox 1448 523 1643 573; x_wconf 79' lang='lat' dir='ltr'>linitum</span> <span class='ocrx_word' id='word_1_10' title='bbox 1668 524 1732 573; x_wconf 83' lang='lat' dir='ltr'>ad</span> <span class='ocrx_word' id='word_1_11' title='bbox 1758 523 1947 586; x_wconf 83' lang='lat' dir='ltr'>aliquid</span> <span class='ocrx_word' id='word_1_12' title='bbox 1974 534 2022 572; x_wconf 85' lang='lat' dir='ltr'>et</span> <span class='ocrx_word' id='word_1_13' title='bbox 2046 522 2295 573; x_wconf 81' lang='lat' dir='ltr'>infinitum</span> <span class='ocrx_word' id='word_1_14' title='bbox 2322 523 2385 571; x_wconf 87' lang='lat' dir='ltr'>ad</span> <span class='ocrx_word' id='word_1_15' title='bbox 2410 524 2599 585; x_wconf 87' lang='lat' dir='ltr'>aliquid</span> <span class='ocrx_word' id='word_1_16' title='bbox 2626 523 2720 572; x_wconf 88' lang='lat' dir='ltr'>hoc</span> <span class='ocrx_word' id='word_1_17' title='bbox 2745 525 2969 575; x_wconf 83' lang='lat' dir='ltr'>interest.</span> <span class='ocrx_word' id='word_1_18' title='bbox 3018 525 3131 572; x_wconf 80' lang='lat' dir='ltr'>fini·</span> 
     </span>
     <span class='ocr_line' id='line_1_3' title="bbox 756 591 3130 657; baseline -0.001 -14"><span class='ocrx_word' id='word_1_19' title='bbox 756 606 860 644; x_wconf 91' lang='lat' dir='ltr'>tum</span> <span class='ocrx_word' id='word_1_20' title='bbox 890 606 968 643; x_wconf 86' lang='lat' dir='ltr'>est</span> <span class='ocrx_word' id='word_1_21' title='bbox 990 595 1054 643; x_wconf 90' lang='lat' dir='ltr'>ad</span> <span class='ocrx_word' id='word_1_22' title='bbox 1080 594 1289 655; x_wconf 84' lang='lat' dir='ltr'>aliquid,</span> <span class='ocrx_word' id='word_1_23' title='bbox 1314 592 1516 656; x_wconf 88' lang='lat' dir='ltr'>quando</span> <span class='ocrx_word' id='word_1_24' title='bbox 1543 592 1758 642; x_wconf 86' lang='lat' dir='ltr'>ostendo</span> <span class='ocrx_word' id='word_1_25' title='bbox 1787 607 1865 640; x_wconf 89' lang='lat' dir='ltr'>me</span> <span class='ocrx_word' id='word_1_26' title='bbox 1891 592 2080 654; x_wconf 87' lang='lat' dir='ltr'>aliquid</span> <span class='ocrx_word' id='word_1_27' title='bbox 2108 592 2401 657; x_wconf 84' lang='lat' dir='ltr'>possidere;</span> <span class='ocrx_word' id='word_1_28' title='bbox 2437 591 2684 640; x_wconf 82' lang='lat' dir='ltr'>infinitum</span> <span class='ocrx_word' id='word_1_29' title='bbox 2723 602 2802 641; x_wconf 83' lang='lat' dir='ltr'>est</span> <span class='ocrx_word' id='word_1_30' title='bbox 2825 593 2888 641; x_wconf 88' lang='lat' dir='ltr'>ad</span> <span class='ocrx_word' id='word_1_31' title='bbox 2914 592 3130 656; x_wconf 87' lang='lat' dir='ltr'>aliquid,</span> 
     </span>
     <span class='ocr_line' id='line_1_4' title="bbox 750 660 2228 726; baseline -0.002 -16"><span class='ocrx_word' id='word_1_32' title='bbox 750 663 950 725; x_wconf 88' lang='lat' dir='ltr'>qnando</span> <span class='ocrx_word' id='word_1_33' title='bbox 978 676 1179 724; x_wconf 87' lang='lat' dir='ltr'>quaero,</span> <span class='ocrx_word' id='word_1_34' title='bbox 1219 671 1267 711; x_wconf 90' lang='lat' dir='ltr'>et</span> <span class='ocrx_word' id='word_1_35' title='bbox 1292 662 1354 712; x_wconf 88' lang='lat' dir='ltr'>ad</span> <span class='ocrx_word' id='word_1_36' title='bbox 1383 674 1651 726; x_wconf 84' lang='lat' dir='ltr'>personam</span> <span class='ocrx_word' id='word_1_37' title='bbox 1676 660 1988 725; x_wconf 87' lang='lat' dir='ltr'>possidentis</span> <span class='ocrx_word' id='word_1_38' title='bbox 2014 660 2228 710; x_wconf 78' lang='lat' dir='ltr'>refertur</span> 
     </span>
    </p>

    <p class='ocr_par' dir='ltr' id='par_1_3' title="bbox 660 731 1116 781">
     <span class='ocr_line' id='line_1_5' title="bbox 660 731 1116 781; baseline -0.004 0"><span class='ocrx_word' id='word_1_39' title='bbox 660 735 722 781; x_wconf 89' lang='lat'>10</span> <span class='ocrx_word' id='word_1_40' title='bbox 749 732 872 780; x_wconf 86' lang='lat' dir='ltr'>tanti</span> <span class='ocrx_word' id='word_1_41' title='bbox 898 740 946 780; x_wconf 86' lang='lat' dir='ltr'>te</span> <span class='ocrx_word' id='word_1_42' title='bbox 971 731 1116 780; x_wconf 86' lang='lat' dir='ltr'>duxit</span> 
     </span>
    </p>

    <p class='ocr_par' dir='ltr' id='par_1_4' title="bbox 662 794 3132 864">
     <span class='ocr_line' id='line_1_6' title="bbox 662 794 3132 864; baseline -0.002 -15"><span class='ocrx_word' id='word_1_43' title='bbox 662 802 724 849; x_wconf 91' lang='grc'>16</span> <span class='ocrx_word' id='word_1_44' title='bbox 754 801 891 864; x_wconf 89' lang='lat' dir='ltr'>‘ipse</span> <span class='ocrx_word' id='word_1_45' title='bbox 916 809 964 848; x_wconf 87' lang='lat' dir='ltr'>et</span> <span class='ocrx_word' id='word_1_46' title='bbox 988 798 1083 848; x_wconf 88' lang='lat' dir='ltr'>hoc</span> <span class='ocrx_word' id='word_1_47' title='bbox 1108 797 1269 856; x_wconf 79' lang='lat' dir='ltr'>fecit’,</span> <span class='ocrx_word' id='word_1_48' title='bbox 1300 813 1412 846; x_wconf 90' lang='lat' dir='ltr'>cum</span> <span class='ocrx_word' id='word_1_49' title='bbox 1441 798 1969 847; x_wconf 77' lang='lat' dir='ltr'>commemorationem</span> <span class='ocrx_word' id='word_1_50' title='bbox 1999 795 2262 846; x_wconf 82' lang='lat' dir='ltr'>videantur</span> <span class='ocrx_word' id='word_1_51' title='bbox 2296 794 2483 845; x_wconf 88' lang='lat' dir='ltr'>habere</span> <span class='ocrx_word' id='word_1_52' title='bbox 2508 797 2856 862; x_wconf 87' lang='lat' dir='ltr'>praecedentis</span> <span class='ocrx_word' id='word_1_53' title='bbox 2881 812 3132 862; x_wconf 87' lang='lat' dir='ltr'>personae</span> 
     </span>
    </p>

    <p class='ocr_par' dir='ltr' id='par_1_5' title="bbox 548 865 3131 1001">
     <span class='ocr_line' id='line_1_7' title="bbox 548 865 3131 932; baseline -0.002 -15"><span class='ocrx_word' id='word_1_54' title='bbox 548 872 630 929; x_wconf 84' lang='grc'>52,</span> <span class='ocrx_word' id='word_1_55' title='bbox 659 871 723 918; x_wconf 91' lang='grc'>22</span> <span class='ocrx_word' id='word_1_56' title='bbox 750 881 865 916; x_wconf 90' lang='lat' dir='ltr'>cum</span> <span class='ocrx_word' id='word_1_57' title='bbox 890 877 1198 932; x_wconf 89' lang='lat' dir='ltr'>correptum,</span> <span class='ocrx_word' id='word_1_58' title='bbox 1228 876 1486 926; x_wconf 77' lang='lat' dir='ltr'>neutrum3</span> <span class='ocrx_word' id='word_1_59' title='bbox 1521 866 1651 914; x_wconf 87' lang='lat' dir='ltr'>idem</span> <span class='ocrx_word' id='word_1_60' title='bbox 1681 866 1723 913; x_wconf 90' lang='lat' dir='ltr'>si</span> <span class='ocrx_word' id='word_1_61' title='bbox 1750 866 1815 913; x_wconf 87' lang='lat' dir='ltr'>de</span> <span class='ocrx_word' id='word_1_62' title='bbox 1840 865 2144 924; x_wconf 87' lang='lat' dir='ltr'>masculino,</span> <span class='ocrx_word' id='word_1_63' title='bbox 2175 866 2496 914; x_wconf 79' lang='lat' dir='ltr'>accusativus</span> <span class='ocrx_word' id='word_1_64' title='bbox 2522 865 2701 930; x_wconf 86' lang='lat' dir='ltr'>triplus</span> <span class='ocrx_word' id='word_1_65' title='bbox 2730 877 2822 927; x_wconf 81' lang='lat' dir='ltr'>est,</span> <span class='ocrx_word' id='word_1_66' title='bbox 2848 866 2892 916; x_wconf 86' lang='lat' dir='ltr'>si</span> <span class='ocrx_word' id='word_1_67' title='bbox 2918 866 2982 915; x_wconf 90' lang='lat' dir='ltr'>de</span> <span class='ocrx_word' id='word_1_68' title='bbox 3006 881 3131 914; x_wconf 91' lang='lat' dir='ltr'>neu-</span> 
     </span>
     <span class='ocr_line' id='line_1_8' title="bbox 749 933 1984 1001; baseline -0.002 -17"><span class='ocrx_word' id='word_1_69' title='bbox 749 945 843 995; x_wconf 88' lang='lat' dir='ltr'>tro,</span> <span class='ocrx_word' id='word_1_70' title='bbox 871 936 981 1001; x_wconf 87' lang='lat' dir='ltr'>ipse</span> <span class='ocrx_word' id='word_1_71' title='bbox 1007 946 1084 986; x_wconf 89' lang='lat' dir='ltr'>est</span> <span class='ocrx_word' id='word_1_72' title='bbox 1111 934 1451 984; x_wconf 78' lang='lat' dir='ltr'>nominativus</span> <span class='ocrx_word' id='word_1_73' title='bbox 1478 933 1561 995; x_wconf 91' lang='lat' dir='ltr'>qui</span> <span class='ocrx_word' id='word_1_74' title='bbox 1589 944 1638 983; x_wconf 85' lang='lat' dir='ltr'>et</span> <span class='ocrx_word' id='word_1_75' title='bbox 1661 934 1984 982; x_wconf 86' lang='lat' dir='ltr'>accusativus</span> 
     </span>
    </p>

    <p class='ocr_par' dir='ltr' id='par_1_6' title="bbox 659 1002 1721 1069">
     <span class='ocr_line' id='line_1_9' title="bbox 659 1002 1721 1069; baseline -0.003 -15"><span class='ocrx_word' id='word_1_76' title='bbox 659 1006 722 1054; x_wconf 76' lang='grc'>24</span> <span class='ocrx_word' id='word_1_77' title='bbox 748 1016 803 1052; x_wconf 91' lang='lat' dir='ltr'>ut</span> <span class='ocrx_word' id='word_1_78' title='bbox 827 1004 1077 1069; x_wconf 80' lang='lat' dir='ltr'>quispiam</span> <span class='ocrx_word' id='word_1_79' title='bbox 1106 1004 1309 1065; x_wconf 81' lang='lat' dir='ltr'>quinam</span> <span class='ocrx_word' id='word_1_80' title='bbox 1335 1002 1516 1066; x_wconf 87' lang='lat' dir='ltr'>aliquis</span> <span class='ocrx_word' id='word_1_81' title='bbox 1545 1002 1721 1063; x_wconf 83' lang='lat' dir='ltr'>nequis</span> 
     </span>
    </p>

    <p class='ocr_par' dir='ltr' id='par_1_7' title="bbox 549 1069 3134 1338">
     <span class='ocr_line' id='line_1_10' title="bbox 549 1069 3134 1135; baseline -0.001 -13"><span class='ocrx_word' id='word_1_82' title='bbox 549 1076 630 1134; x_wconf 84' lang='grc'>53,</span> <span class='ocrx_word' id='word_1_83' title='bbox 663 1073 723 1122; x_wconf 89' lang='grc'>18</span> <span class='ocrx_word' id='word_1_84' title='bbox 750 1072 866 1133; x_wconf 87' lang='lat' dir='ltr'>quia</span> <span class='ocrx_word' id='word_1_85' title='bbox 903 1087 1000 1121; x_wconf 93' lang='lat' dir='ltr'>non</span> <span class='ocrx_word' id='word_1_86' title='bbox 1039 1071 1159 1120; x_wconf 75' lang='lat' dir='ltr'>facit</span> <span class='ocrx_word' id='word_1_87' title='bbox 1193 1070 1276 1119; x_wconf 82' lang='lat' dir='ltr'>hic</span> <span class='ocrx_word' id='word_1_88' title='bbox 1311 1080 1485 1119; x_wconf 81' lang='lat' dir='ltr'>neuter</span> <span class='ocrx_word' id='word_1_89' title='bbox 1519 1069 1670 1119; x_wconf 82' lang='lat' dir='ltr'>huius</span> <span class='ocrx_word' id='word_1_90' title='bbox 1707 1070 1891 1133; x_wconf 88' lang='lat' dir='ltr'>neutri,</span> <span class='ocrx_word' id='word_1_91' title='bbox 1929 1070 2061 1118; x_wconf 87' lang='lat' dir='ltr'>sicut</span> <span class='ocrx_word' id='word_1_92' title='bbox 2097 1083 2295 1117; x_wconf 89' lang='lat' dir='ltr'>nomen.</span> <span class='ocrx_word' id='word_1_93' title='bbox 2347 1070 2474 1118; x_wconf 83' lang='lat' dir='ltr'>istae</span> <span class='ocrx_word' id='word_1_94' title='bbox 2499 1070 2775 1135; x_wconf 77' lang='lat' dir='ltr'><strong>particulae</strong></span> <span class='ocrx_word' id='word_1_95' title='bbox 2802 1070 2988 1120; x_wconf 79' lang='lat' dir='ltr'>dubiae</span> <span class='ocrx_word' id='word_1_96' title='bbox 3013 1081 3134 1120; x_wconf 86' lang='lat' dir='ltr'>sunt</span> 
     </span>
     <span class='ocr_line' id='line_1_11' title="bbox 750 1137 3129 1204; baseline -0.001 -15"><span class='ocrx_word' id='word_1_97' title='bbox 750 1141 879 1189; x_wconf 87' lang='lat' dir='ltr'>inter</span> <span class='ocrx_word' id='word_1_98' title='bbox 904 1155 1086 1189; x_wconf 88' lang='lat' dir='ltr'>nomen</span> <span class='ocrx_word' id='word_1_99' title='bbox 1114 1149 1164 1188; x_wconf 91' lang='lat' dir='ltr'>et</span> <span class='ocrx_word' id='word_1_100' title='bbox 1189 1153 1495 1204; x_wconf 65' lang='lat' dir='ltr'>pronomem</span> <span class='ocrx_word' id='word_1_101' title='bbox 1531 1140 1576 1188; x_wconf 87' lang='lat' dir='ltr'>si</span> <span class='ocrx_word' id='word_1_102' title='bbox 1601 1138 1844 1188; x_wconf 81' lang='lat' dir='ltr'>articulos</span> <span class='ocrx_word' id='word_1_103' title='bbox 1868 1138 2070 1202; x_wconf 83' lang='lat' dir='ltr'>accipit,</span> <span class='ocrx_word' id='word_1_104' title='bbox 2108 1152 2290 1187; x_wconf 89' lang='lat' dir='ltr'>nomen</span> <span class='ocrx_word' id='word_1_105' title='bbox 2318 1148 2413 1200; x_wconf 91' lang='lat' dir='ltr'>est,</span> <span class='ocrx_word' id='word_1_106' title='bbox 2440 1137 2518 1189; x_wconf 87' lang='lat' dir='ltr'>hic</span> <span class='ocrx_word' id='word_1_107' title='bbox 2544 1150 2746 1198; x_wconf 85' lang='lat' dir='ltr'>neuter;</span> <span class='ocrx_word' id='word_1_108' title='bbox 2783 1139 2825 1187; x_wconf 91' lang='lat' dir='ltr'>si</span> <span class='ocrx_word' id='word_1_109' title='bbox 2863 1152 2961 1187; x_wconf 91' lang='lat' dir='ltr'>uon</span> <span class='ocrx_word' id='word_1_110' title='bbox 2997 1140 3129 1187; x_wconf 85' lang='lat' dir='ltr'>acci·</span> 
     </span>
     <span class='ocr_line' id='line_1_12' title="bbox 753 1202 3134 1273; baseline -0 -17"><span class='ocrx_word' id='word_1_111' title='bbox 753 1210 843 1273; x_wconf 84' lang='lat' dir='ltr'>pit,</span> <span class='ocrx_word' id='word_1_112' title='bbox 869 1207 925 1256; x_wconf 81' lang='lat' dir='ltr'>fit</span> <span class='ocrx_word' id='word_1_113' title='bbox 948 1222 1245 1272; x_wconf 83' lang='lat' dir='ltr'>pronomen.</span> <span class='ocrx_word' id='word_1_114' title='bbox 1295 1208 1363 1255; x_wconf 90' lang='lat' dir='ltr'>ita</span> <span class='ocrx_word' id='word_1_115' title='bbox 1390 1218 1437 1257; x_wconf 90' lang='lat' dir='ltr'>et</span> <span class='ocrx_word' id='word_1_116' title='bbox 1462 1221 1656 1256; x_wconf 85' lang='lat' dir='ltr'>omnes.</span> <span class='ocrx_word' id='word_1_117' title='bbox 1708 1208 1801 1256; x_wconf 89' lang='lat' dir='ltr'>sed</span> <span class='ocrx_word' id='word_1_118' title='bbox 1827 1207 1940 1270; x_wconf 89' lang='lat' dir='ltr'>quis</span> <span class='ocrx_word' id='word_1_119' title='bbox 1968 1208 2017 1255; x_wconf 93' lang='lat' dir='ltr'>in</span> <span class='ocrx_word' id='word_1_120' title='bbox 2055 1202 2288 1255; x_wconf 87' lang='lat' dir='ltr'>omnibus</span> <span class='ocrx_word' id='word_1_121' title='bbox 2324 1215 2479 1271; x_wconf 89' lang='lat' dir='ltr'>ponat</span> <span class='ocrx_word' id='word_1_122' title='bbox 2513 1206 2817 1255; x_wconf 79' lang='lat' dir='ltr'>articulum?</span> <span class='ocrx_word' id='word_1_123' title='bbox 2860 1222 2956 1256; x_wconf 89' lang='lat' dir='ltr'>non</span> <span class='ocrx_word' id='word_1_124' title='bbox 2997 1207 3134 1256; x_wconf 87' lang='lat' dir='ltr'>euim</span> 
     </span>
     <span class='ocr_line' id='line_1_13' title="bbox 752 1276 1519 1338; baseline 0 -13"><span class='ocrx_word' id='word_1_125' title='bbox 752 1277 987 1326; x_wconf 88' lang='lat' dir='ltr'>omnibus</span> <span class='ocrx_word' id='word_1_126' title='bbox 1013 1276 1398 1338; x_wconf 82' lang='lat' dir='ltr'>pronominibus</span> <span class='ocrx_word' id='word_1_127' title='bbox 1424 1282 1519 1325; x_wconf 80' lang='lat' dir='ltr'>etc.</span> 
     </span>
    </p>

    <p class='ocr_par' dir='ltr' id='par_1_8' title="bbox 549 1338 2158 1408">
     <span class='ocr_line' id='line_1_14' title="bbox 549 1338 2158 1408; baseline -0.003 -12"><span class='ocrx_word' id='word_1_128' title='bbox 549 1348 629 1405; x_wconf 77' lang='lat'>54,</span> <span class='ocrx_word' id='word_1_129' title='bbox 661 1347 722 1396; x_wconf 79' lang='lat'>19</span> <span class='ocrx_word' id='word_1_130' title='bbox 747 1359 959 1395; x_wconf 88' lang='lat' dir='ltr'>senesco</span> <span class='ocrx_word' id='word_1_131' title='bbox 986 1359 1143 1395; x_wconf 82' lang='lat' dir='ltr'>senex</span> <span class='ocrx_word' id='word_1_132' title='bbox 1169 1359 1283 1393; x_wconf 87' lang='lat' dir='ltr'>esse</span> <span class='ocrx_word' id='word_1_133' title='bbox 1310 1344 1523 1408; x_wconf 87' lang='lat' dir='ltr'>incipio;</span> <span class='ocrx_word' id='word_1_134' title='bbox 1559 1357 1713 1392; x_wconf 86' lang='lat' dir='ltr'>seneo</span> <span class='ocrx_word' id='word_1_135' title='bbox 1740 1356 1840 1391; x_wconf 89' lang='lat' dir='ltr'>non</span> <span class='ocrx_word' id='word_1_136' title='bbox 1870 1338 2050 1391; x_wconf 81' lang='lat' dir='ltr'>lectum</span> <span class='ocrx_word' id='word_1_137' title='bbox 2081 1354 2158 1391; x_wconf 88' lang='lat' dir='ltr'>est</span> 
     </span>
    </p>

    <p class='ocr_par' dir='ltr' id='par_1_9' title="bbox 551 1409 2044 1476">
     <span class='ocr_line' id='line_1_15' title="bbox 551 1409 2044 1476; baseline -0.003 -12"><span class='ocrx_word' id='word_1_138' title='bbox 551 1417 631 1471; x_wconf 85' lang='grc'>55,</span> <span class='ocrx_word' id='word_1_139' title='bbox 655 1417 686 1463; x_wconf 91' lang='grc'>2</span> <span class='ocrx_word' id='word_1_140' title='bbox 743 1413 1012 1476; x_wconf 81' lang='lat' dir='ltr'>Donatum,</span> <span class='ocrx_word' id='word_1_141' title='bbox 1040 1412 1175 1475; x_wconf 89' lang='lat' dir='ltr'>quod</span> <span class='ocrx_word' id='word_1_142' title='bbox 1203 1427 1301 1461; x_wconf 89' lang='lat' dir='ltr'>non</span> <span class='ocrx_word' id='word_1_143' title='bbox 1328 1413 1499 1476; x_wconf 90' lang='lat' dir='ltr'>potius</span> <span class='ocrx_word' id='word_1_144' title='bbox 1522 1413 1585 1461; x_wconf 83' lang='lat' dir='ltr'>ab</span> <span class='ocrx_word' id='word_1_145' title='bbox 1612 1426 1670 1460; x_wconf 93' lang='lat' dir='ltr'>eo</span> <span class='ocrx_word' id='word_1_146' title='bbox 2040 1409 2044 1413; x_wconf 71' lang='grc'><em>’</em></span> 
     </span>
    </p>

    <p class='ocr_par' dir='ltr' id='par_1_10' title="bbox 669 1478 3138 1872">
     <span class='ocr_line' id='line_1_16' title="bbox 669 1478 3138 1545; baseline -0.001 -14"><span class='ocrx_word' id='word_1_147' title='bbox 669 1483 730 1531; x_wconf 86' lang='grc'>14</span> <span class='ocrx_word' id='word_1_148' title='bbox 756 1481 919 1530; x_wconf 89' lang='lat' dir='ltr'>omnis</span> <span class='ocrx_word' id='word_1_149' title='bbox 946 1481 1235 1545; x_wconf 81' lang='lat' dir='ltr'>coniugatio</span> <span class='ocrx_word' id='word_1_150' title='bbox 1260 1480 1310 1528; x_wconf 89' lang='lat' dir='ltr'>in</span> <span class='ocrx_word' id='word_1_151' title='bbox 1338 1481 1609 1545; x_wconf 88' lang='lat' dir='ltr'>praeterito</span> <span class='ocrx_word' id='word_1_152' title='bbox 1635 1478 1913 1543; x_wconf 75' lang='lat' dir='ltr'>inperfecto</span> <span class='ocrx_word' id='word_1_153' title='bbox 1939 1479 1990 1526; x_wconf 88' lang='lat' dir='ltr'>in</span> <span class='ocrx_word' id='word_1_154' title='bbox 2021 1479 2128 1527; x_wconf 88' lang='lat' dir='ltr'>bam</span> <span class='ocrx_word' id='word_1_155' title='bbox 2159 1479 2280 1541; x_wconf 86' lang='lat' dir='ltr'>exit,</span> <span class='ocrx_word' id='word_1_156' title='bbox 2301 1485 2356 1528; x_wconf 88' lang='lat' dir='ltr'>ut</span> <span class='ocrx_word' id='word_1_157' title='bbox 2380 1493 2494 1528; x_wconf 88' lang='lat' dir='ltr'>amo</span> <span class='ocrx_word' id='word_1_158' title='bbox 2521 1480 2770 1540; x_wconf 83' lang='lat' dir='ltr'>amabam,</span> <span class='ocrx_word' id='word_1_159' title='bbox 2798 1479 2954 1528; x_wconf 90' lang='lat' dir='ltr'>doceo</span> <span class='ocrx_word' id='word_1_160' title='bbox 2982 1480 3138 1529; x_wconf 84' lang='lat' dir='ltr'>doce—</span> 
     </span>
     <span class='ocr_line' id='line_1_17' title="bbox 760 1547 3135 1613; baseline -0.001 -15"><span class='ocrx_word' id='word_1_161' title='bbox 760 1551 900 1611; x_wconf 86' lang='lat' dir='ltr'>bam,</span> <span class='ocrx_word' id='word_1_162' title='bbox 938 1550 1053 1613; x_wconf 80' lang='lat' dir='ltr'>lego</span> <span class='ocrx_word' id='word_1_163' title='bbox 1080 1548 1336 1613; x_wconf 84' lang='lat' dir='ltr'>legebam,</span> <span class='ocrx_word' id='word_1_164' title='bbox 1372 1549 1524 1597; x_wconf 89' lang='lat' dir='ltr'>audio</span> <span class='ocrx_word' id='word_1_165' title='bbox 1561 1548 1815 1598; x_wconf 83' lang='lat' dir='ltr'>audibam.</span> <span class='ocrx_word' id='word_1_166' title='bbox 1866 1547 2030 1612; x_wconf 85' lang='lat' dir='ltr'>prima</span> <span class='ocrx_word' id='word_1_167' title='bbox 2064 1547 2353 1610; x_wconf 82' lang='lat' dir='ltr'>coniugatio</span> <span class='ocrx_word' id='word_1_168' title='bbox 2380 1547 2428 1595; x_wconf 91' lang='lat' dir='ltr'>in</span> <span class='ocrx_word' id='word_1_169' title='bbox 2458 1548 2727 1611; x_wconf 86' lang='lat' dir='ltr'>praeterito</span> <span class='ocrx_word' id='word_1_170' title='bbox 2753 1548 2980 1613; x_wconf 80' lang='lat' dir='ltr'>perfecto</span> <span class='ocrx_word' id='word_1_171' title='bbox 3006 1549 3053 1596; x_wconf 91' lang='lat' dir='ltr'>in</span> <span class='ocrx_word' id='word_1_172' title='bbox 3081 1550 3135 1597; x_wconf 89' lang='lat' dir='ltr'>ui</span> 
     </span>
     <span class='ocr_line' id='line_1_18' title="bbox 756 1614 3134 1679; baseline 0 -15"><span class='ocrx_word' id='word_1_173' title='bbox 756 1618 979 1665; x_wconf 84' lang='lat' dir='ltr'>iunctum</span> <span class='ocrx_word' id='word_1_174' title='bbox 1019 1618 1139 1679; x_wconf 85' lang='lat' dir='ltr'>exit,</span> <span class='ocrx_word' id='word_1_175' title='bbox 1180 1624 1232 1665; x_wconf 87' lang='lat' dir='ltr'>ut</span> <span class='ocrx_word' id='word_1_176' title='bbox 1263 1631 1377 1665; x_wconf 91' lang='lat' dir='ltr'>amo</span> <span class='ocrx_word' id='word_1_177' title='bbox 1412 1617 1603 1673; x_wconf 86' lang='lat' dir='ltr'>amavi;</span> <span class='ocrx_word' id='word_1_178' title='bbox 1648 1615 1876 1664; x_wconf 85' lang='lat' dir='ltr'>secunda</span> <span class='ocrx_word' id='word_1_179' title='bbox 1902 1615 1949 1662; x_wconf 91' lang='lat' dir='ltr'>in</span> <span class='ocrx_word' id='word_1_180' title='bbox 1987 1614 2208 1663; x_wconf 88' lang='lat' dir='ltr'>solutum</span> <span class='ocrx_word' id='word_1_181' title='bbox 2246 1616 2294 1663; x_wconf 93' lang='lat' dir='ltr'>ui</span> <span class='ocrx_word' id='word_1_182' title='bbox 2331 1614 2450 1675; x_wconf 87' lang='lat' dir='ltr'>exit,</span> <span class='ocrx_word' id='word_1_183' title='bbox 2485 1626 2541 1663; x_wconf 89' lang='lat' dir='ltr'>ut</span> <span class='ocrx_word' id='word_1_184' title='bbox 2574 1615 2729 1664; x_wconf 87' lang='lat' dir='ltr'>doceo</span> <span class='ocrx_word' id='word_1_185' title='bbox 2764 1616 2943 1677; x_wconf 81' lang='lat' dir='ltr'>docui;</span> <span class='ocrx_word' id='word_1_186' title='bbox 2989 1617 3134 1665; x_wconf 87' lang='lat' dir='ltr'>tertia</span> 
     </span>
     <span class='ocr_line' id='line_1_19' title="bbox 756 1682 3132 1750; baseline 0 -17"><span class='ocrx_word' id='word_1_187' title='bbox 756 1686 1046 1749; x_wconf 83' lang='lat' dir='ltr'>coniugatio</span> <span class='ocrx_word' id='word_1_188' title='bbox 1072 1687 1085 1733; x_wconf 89' lang='lat' dir='ltr'>i</span> <span class='ocrx_word' id='word_1_189' title='bbox 1113 1693 1341 1750; x_wconf 84' lang='lat' dir='ltr'>correpta</span> <span class='ocrx_word' id='word_1_190' title='bbox 1368 1686 1496 1748; x_wconf 87' lang='lat' dir='ltr'>exit,</span> <span class='ocrx_word' id='word_1_191' title='bbox 1524 1691 1578 1733; x_wconf 85' lang='lat' dir='ltr'>ut</span> <span class='ocrx_word' id='word_1_192' title='bbox 1604 1684 1716 1747; x_wconf 85' lang='lat' dir='ltr'>lego</span> <span class='ocrx_word' id='word_1_193' title='bbox 1745 1682 1876 1747; x_wconf 81' lang='lat' dir='ltr'>legi3</span> <span class='ocrx_word' id='word_1_194' title='bbox 1914 1692 2090 1746; x_wconf 87' lang='lat' dir='ltr'>quarta</span> <span class='ocrx_word' id='word_1_195' title='bbox 2116 1684 2378 1748; x_wconf 87' lang='lat' dir='ltr'>producta,</span> <span class='ocrx_word' id='word_1_196' title='bbox 2416 1692 2470 1732; x_wconf 85' lang='lat' dir='ltr'>ut</span> <span class='ocrx_word' id='word_1_197' title='bbox 2492 1684 2643 1733; x_wconf 89' lang='lat' dir='ltr'>audio</span> <span class='ocrx_word' id='word_1_198' title='bbox 2669 1684 2824 1732; x_wconf 90' lang='lat' dir='ltr'>audii.</span> <span class='ocrx_word' id='word_1_199' title='bbox 2872 1693 3048 1747; x_wconf 88' lang='lat' dir='ltr'>quarta</span> <span class='ocrx_word' id='word_1_200' title='bbox 3083 1685 3132 1733; x_wconf 91' lang='lat' dir='ltr'>in</span> 
     </span>
     <span class='ocr_line' id='line_1_20' title="bbox 756 1751 3135 1819; baseline -0 -17"><span class='ocrx_word' id='word_1_201' title='bbox 756 1753 1029 1819; x_wconf 79' lang='lat' dir='ltr'>praeterito</span> <span class='ocrx_word' id='word_1_202' title='bbox 1064 1753 1289 1817; x_wconf 72' lang='lat' dir='ltr'>perfecto</span> <span class='ocrx_word' id='word_1_203' title='bbox 1327 1762 1374 1802; x_wconf 88' lang='lat' dir='ltr'>et</span> <span class='ocrx_word' id='word_1_204' title='bbox 1408 1753 1544 1801; x_wconf 85' lang='lat' dir='ltr'>audii</span> <span class='ocrx_word' id='word_1_205' title='bbox 1581 1763 1630 1799; x_wconf 89' lang='lat' dir='ltr'>et</span> <span class='ocrx_word' id='word_1_206' title='bbox 1653 1752 1823 1801; x_wconf 83' lang='lat' dir='ltr'>audivi</span> <span class='ocrx_word' id='word_1_207' title='bbox 1852 1763 1901 1800; x_wconf 85' lang='lat' dir='ltr'>et</span> <span class='ocrx_word' id='word_1_208' title='bbox 1923 1751 2118 1800; x_wconf 82' lang='lat' dir='ltr'>infinito</span> <span class='ocrx_word' id='word_1_209' title='bbox 2147 1752 2296 1801; x_wconf 87' lang='lat' dir='ltr'>modo</span> <span class='ocrx_word' id='word_1_210' title='bbox 2324 1760 2372 1798; x_wconf 88' lang='lat' dir='ltr'>et</span> <span class='ocrx_word' id='word_1_211' title='bbox 2396 1752 2605 1802; x_wconf 81' lang='lat' dir='ltr'>audisse</span> <span class='ocrx_word' id='word_1_212' title='bbox 2630 1761 2678 1799; x_wconf 87' lang='lat' dir='ltr'>et</span> <span class='ocrx_word' id='word_1_213' title='bbox 2701 1752 2979 1804; x_wconf 85' lang='lat' dir='ltr'>audivisse.</span> <span class='ocrx_word' id='word_1_214' title='bbox 3030 1765 3135 1802; x_wconf 87' lang='lat' dir='ltr'>tres</span> 
     </span>
     <span class='ocr_line' id='line_1_21' title="bbox 752 1822 1067 1872; baseline 0.003 -2"><span class='ocrx_word' id='word_1_215' title='bbox 752 1822 944 1871; x_wconf 82' lang='lat' dir='ltr'>litterae</span> <span class='ocrx_word' id='word_1_216' title='bbox 970 1829 1067 1872; x_wconf 80' lang='lat' dir='ltr'>etc.</span> 
     </span>
    </p>

    <p class='ocr_par' dir='ltr' id='par_1_11' title="bbox 659 1888 1187 1955">
     <span class='ocr_line' id='line_1_22' title="bbox 659 1888 1187 1955; baseline -0.008 -14"><span class='ocrx_word' id='word_1_217' title='bbox 659 1894 720 1941; x_wconf 93' lang='grc'><strong>21</strong></span> <span class='ocrx_word' id='word_1_218' title='bbox 748 1888 921 1955; x_wconf 85' lang='lat' dir='ltr'>gusto]</span> <span class='ocrx_word' id='word_1_219' title='bbox 947 1892 979 1939; x_wconf 84' lang='lat' dir='ltr'>l.</span> <span class='ocrx_word' id='word_1_220' title='bbox 1007 1904 1187 1940; x_wconf 85' lang='lat' dir='ltr'>suesco</span> 
     </span>
    </p>

    <p class='ocr_par' dir='ltr' id='par_1_12' title="bbox 545 1957 1127 2021">
     <span class='ocr_line' id='line_1_23' title="bbox 545 1957 1127 2021; baseline -0.007 -11"><span class='ocrx_word' id='word_1_221' title='bbox 545 1963 626 2017; x_wconf 82' lang='grc'>56.</span> <span class='ocrx_word' id='word_1_222' title='bbox 654 1962 684 2009; x_wconf 89' lang='grc'><strong>6</strong></span> <span class='ocrx_word' id='word_1_223' title='bbox 745 1957 895 2021; x_wconf 91' lang='lat' dir='ltr'>libro]</span> <span class='ocrx_word' id='word_1_224' title='bbox 922 1961 955 2008; x_wconf 86' lang='lat' dir='ltr'>l.</span> <span class='ocrx_word' id='word_1_225' title='bbox 984 1959 1127 2007; x_wconf 87' lang='lat' dir='ltr'>vibro</span> 
     </span>
    </p>

    <p class='ocr_par' dir='ltr' id='par_1_13' title="bbox 552 2026 1022 2092">
     <span class='ocr_line' id='line_1_24' title="bbox 552 2026 1022 2092; baseline -0.006 -14"><span class='ocrx_word' id='word_1_226' title='bbox 552 2031 632 2092; x_wconf 84' lang='grc'>57,</span> <span class='ocrx_word' id='word_1_227' title='bbox 663 2031 727 2078; x_wconf 88' lang='grc'>10</span> <span class='ocrx_word' id='word_1_228' title='bbox 752 2026 1022 2076; x_wconf 79' lang='lat' dir='ltr'>etsihabet</span> 
     </span>
    </p>

    <p class='ocr_par' dir='ltr' id='par_1_14' title="bbox 632 2090 3140 2363">
     <span class='ocr_line' id='line_1_25' title="bbox 632 2090 3138 2160; baseline -0.001 -15"><span class='ocrx_word' id='word_1_229' title='bbox 632 2090 725 2146; x_wconf 71' lang='lat'>”34</span> <span class='ocrx_word' id='word_1_230' title='bbox 749 2099 896 2146; x_wconf 80' lang='lat' dir='ltr'>natus</span> <span class='ocrx_word' id='word_1_231' title='bbox 931 2103 1139 2143; x_wconf 90' lang='lat' dir='ltr'>naturus</span> <span class='ocrx_word' id='word_1_232' title='bbox 1175 2092 1300 2156; x_wconf 87' lang='lat' dir='ltr'>(non</span> <span class='ocrx_word' id='word_1_233' title='bbox 1343 2093 1645 2150; x_wconf 84' lang='lat' dir='ltr'>nasciturus,</span> <span class='ocrx_word' id='word_1_234' title='bbox 1683 2094 1802 2154; x_wconf 90' lang='lat' dir='ltr'>quia</span> <span class='ocrx_word' id='word_1_235' title='bbox 1828 2093 1948 2142; x_wconf 77' lang='lat' dir='ltr'>facit</span> <span class='ocrx_word' id='word_1_236' title='bbox 1972 2094 2034 2141; x_wconf 90' lang='lat' dir='ltr'>ab</span> <span class='ocrx_word' id='word_1_237' title='bbox 2063 2107 2120 2141; x_wconf 86' lang='lat' dir='ltr'>eo</span> <span class='ocrx_word' id='word_1_238' title='bbox 2148 2092 2284 2156; x_wconf 87' lang='lat' dir='ltr'>quod</span> <span class='ocrx_word' id='word_1_239' title='bbox 2312 2101 2389 2142; x_wconf 89' lang='lat' dir='ltr'>est</span> <span class='ocrx_word' id='word_1_240' title='bbox 2416 2101 2591 2142; x_wconf 85' lang='lat' dir='ltr'>natus:</span> <span class='ocrx_word' id='word_1_241' title='bbox 2634 2094 2899 2158; x_wconf 81' lang='lat' dir='ltr'>participio</span> <span class='ocrx_word' id='word_1_242' title='bbox 2924 2094 3138 2160; x_wconf 80' lang='lat' dir='ltr'>perfecti</span> 
     </span>
     <span class='ocr_line' id='line_1_26' title="bbox 749 2159 3138 2228; baseline -0 -16"><span class='ocrx_word' id='word_1_243' title='bbox 749 2163 993 2228; x_wconf 86' lang='lat' dir='ltr'>temporis</span> <span class='ocrx_word' id='word_1_244' title='bbox 1028 2178 1058 2211; x_wconf 90' lang='lat' dir='ltr'>a</span> <span class='ocrx_word' id='word_1_245' title='bbox 1093 2162 1296 2227; x_wconf 86' lang='lat' dir='ltr'>passivo</span> <span class='ocrx_word' id='word_1_246' title='bbox 1334 2162 1480 2211; x_wconf 87' lang='lat' dir='ltr'>tolles</span> <span class='ocrx_word' id='word_1_247' title='bbox 1515 2177 1557 2221; x_wconf 90' lang='lat' dir='ltr'>s,</span> <span class='ocrx_word' id='word_1_248' title='bbox 1593 2161 1751 2210; x_wconf 82' lang='lat' dir='ltr'>addes</span> <span class='ocrx_word' id='word_1_249' title='bbox 1786 2177 1874 2210; x_wconf 86' lang='lat' dir='ltr'>rus</span> <span class='ocrx_word' id='word_1_250' title='bbox 1911 2172 1960 2210; x_wconf 82' lang='lat' dir='ltr'>et</span> <span class='ocrx_word' id='word_1_251' title='bbox 1995 2161 2154 2211; x_wconf 75' lang='lat' dir='ltr'>fecisti</span> <span class='ocrx_word' id='word_1_252' title='bbox 2191 2161 2413 2210; x_wconf 75' lang='lat' dir='ltr'>futurum</span> <span class='ocrx_word' id='word_1_253' title='bbox 2451 2163 2515 2210; x_wconf 90' lang='lat' dir='ltr'>ab</span> <span class='ocrx_word' id='word_1_254' title='bbox 2551 2159 2744 2224; x_wconf 87' lang='lat' dir='ltr'>activo)</span> <span class='ocrx_word' id='word_1_255' title='bbox 2772 2172 2820 2209; x_wconf 90' lang='lat' dir='ltr'>et</span> <span class='ocrx_word' id='word_1_256' title='bbox 2847 2167 3138 2211; x_wconf 86' lang='lat' dir='ltr'>nascendus</span> 
     </span>
     <span class='ocr_line' id='line_1_27' title="bbox 752 2230 3138 2295; baseline 0 -15"><span class='ocrx_word' id='word_1_257' title='bbox 752 2247 850 2281; x_wconf 91' lang='lat' dir='ltr'>non</span> <span class='ocrx_word' id='word_1_258' title='bbox 888 2230 1022 2280; x_wconf 81' lang='lat' dir='ltr'>l&#39;acit.</span> <span class='ocrx_word' id='word_1_259' title='bbox 1075 2230 1295 2279; x_wconf 85' lang='lat' dir='ltr'>moriens</span> <span class='ocrx_word' id='word_1_260' title='bbox 1330 2240 1560 2278; x_wconf 88' lang='lat' dir='ltr'>mortuus</span> <span class='ocrx_word' id='word_1_261' title='bbox 1597 2230 1895 2279; x_wconf 88' lang='lat' dir='ltr'>moriturus:</span> <span class='ocrx_word' id='word_1_262' title='bbox 1932 2230 1995 2278; x_wconf 87' lang='lat' dir='ltr'>ab</span> <span class='ocrx_word' id='word_1_263' title='bbox 2034 2245 2092 2277; x_wconf 88' lang='lat' dir='ltr'>eo</span> <span class='ocrx_word' id='word_1_264' title='bbox 2128 2230 2262 2291; x_wconf 86' lang='lat' dir='ltr'>quod</span> <span class='ocrx_word' id='word_1_265' title='bbox 2303 2239 2379 2278; x_wconf 85' lang='lat' dir='ltr'>est</span> <span class='ocrx_word' id='word_1_266' title='bbox 2415 2230 2637 2279; x_wconf 88' lang='lat' dir='ltr'>moriens</span> <span class='ocrx_word' id='word_1_267' title='bbox 2667 2244 2763 2280; x_wconf 87' lang='lat' dir='ltr'>non</span> <span class='ocrx_word' id='word_1_268' title='bbox 2793 2230 2910 2279; x_wconf 75' lang='lat' dir='ltr'>facit</span> <span class='ocrx_word' id='word_1_269' title='bbox 2934 2240 3138 2295; x_wconf 82' lang='lat' dir='ltr'>tempus</span> 
     </span>
     <span class='ocr_line' id='line_1_28' title="bbox 748 2295 3140 2363; baseline -0.001 -15"><span class='ocrx_word' id='word_1_270' title='bbox 748 2299 973 2349; x_wconf 73' lang='lat' dir='ltr'>futurum</span> <span class='ocrx_word' id='word_1_271' title='bbox 1007 2314 1037 2346; x_wconf 86' lang='lat' dir='ltr'>a</span> <span class='ocrx_word' id='word_1_272' title='bbox 1070 2299 1275 2363; x_wconf 81' lang='lat' dir='ltr'>passivo</span> <span class='ocrx_word' id='word_1_273' title='bbox 1310 2298 1601 2347; x_wconf 89' lang='lat' dir='ltr'>moriendus</span> <span class='ocrx_word' id='word_1_274' title='bbox 1637 2295 1798 2360; x_wconf 84' lang='lat' dir='ltr'>(sicut</span> <span class='ocrx_word' id='word_1_275' title='bbox 1823 2313 2017 2359; x_wconf 84' lang='lat' dir='ltr'>amans,</span> <span class='ocrx_word' id='word_1_276' title='bbox 2057 2298 2174 2346; x_wconf 87' lang='lat' dir='ltr'>tolle</span> <span class='ocrx_word' id='word_1_277' title='bbox 2198 2314 2241 2362; x_wconf 87' lang='lat' dir='ltr'>s,</span> <span class='ocrx_word' id='word_1_278' title='bbox 2280 2297 2412 2347; x_wconf 86' lang='lat' dir='ltr'>adde</span> <span class='ocrx_word' id='word_1_279' title='bbox 2438 2298 2552 2358; x_wconf 78' lang='lat' dir='ltr'>dnS,</span> <span class='ocrx_word' id='word_1_280' title='bbox 2581 2309 2630 2346; x_wconf 89' lang='lat' dir='ltr'>et</span> <span class='ocrx_word' id='word_1_281' title='bbox 2653 2297 2824 2348; x_wconf 76' lang='lat' dir='ltr'>fecisti</span> <span class='ocrx_word' id='word_1_282' title='bbox 2850 2297 3078 2348; x_wconf 73' lang='lat' dir='ltr'>futurum</span> <span class='ocrx_word' id='word_1_283' title='bbox 3110 2315 3140 2346; x_wconf 92' lang='lat' dir='ltr'>a</span> 
     </span>
    </p>

    <p class='ocr_par' dir='ltr' id='par_1_15' title="bbox 690 2363 2790 2434">
     <span class='ocr_line' id='line_1_29' title="bbox 690 2363 2790 2434; baseline 0 -18"><span class='ocrx_word' id='word_1_284' title='bbox 690 2383 699 2393; x_wconf 78' lang='lat'><strong><em>‘</em></strong></span> <span class='ocrx_word' id='word_1_285' title='bbox 749 2368 972 2434; x_wconf 85' lang='lat' dir='ltr'>passivo,</span> <span class='ocrx_word' id='word_1_286' title='bbox 1000 2376 1054 2415; x_wconf 90' lang='lat' dir='ltr'>nt</span> <span class='ocrx_word' id='word_1_287' title='bbox 1079 2363 1373 2431; x_wconf 85' lang='lat' dir='ltr'>amandus),</span> <span class='ocrx_word' id='word_1_288' title='bbox 1401 2366 1533 2414; x_wconf 86' lang='lat' dir='ltr'>sicut</span> <span class='ocrx_word' id='word_1_289' title='bbox 1556 2365 1655 2415; x_wconf 87' lang='lat' dir='ltr'>alia</span> <span class='ocrx_word' id='word_1_290' title='bbox 1680 2366 1886 2429; x_wconf 86' lang='lat' dir='ltr'>similia,</span> <span class='ocrx_word' id='word_1_291' title='bbox 1914 2366 2003 2414; x_wconf 88' lang='lat' dir='ltr'>sed</span> <span class='ocrx_word' id='word_1_292' title='bbox 2030 2377 2108 2414; x_wconf 87' lang='lat' dir='ltr'>est</span> <span class='ocrx_word' id='word_1_293' title='bbox 2132 2366 2428 2431; x_wconf 86' lang='lat' dir='ltr'>participale</span> <span class='ocrx_word' id='word_1_294' title='bbox 2458 2366 2790 2417; x_wconf 86' lang='lat' dir='ltr'>moribundus</span> 
     </span>
    </p>

    <p class='ocr_par' dir='ltr' id='par_1_16' title="bbox 548 2433 3037 2499">
     <span class='ocr_line' id='line_1_30' title="bbox 548 2433 3037 2499; baseline -0.001 -15"><span class='ocrx_word' id='word_1_295' title='bbox 548 2441 630 2499; x_wconf 83' lang='lat'>58,</span> <span class='ocrx_word' id='word_1_296' title='bbox 658 2440 723 2489; x_wconf 85' lang='lat'>35</span> <span class='ocrx_word' id='word_1_297' title='bbox 748 2450 930 2484; x_wconf 88' lang='lat' dir='ltr'>vescor</span> <span class='ocrx_word' id='word_1_298' title='bbox 954 2435 1166 2484; x_wconf 88' lang='lat' dir='ltr'>dubium</span> <span class='ocrx_word' id='word_1_299' title='bbox 1194 2445 1272 2482; x_wconf 88' lang='lat' dir='ltr'>est</span> <span class='ocrx_word' id='word_1_300' title='bbox 1296 2449 1383 2483; x_wconf 90' lang='lat' dir='ltr'>cur</span> <span class='ocrx_word' id='word_1_301' title='bbox 1408 2433 1673 2496; x_wconf 83' lang='lat' dir='ltr'>inaequale</span> <span class='ocrx_word' id='word_1_302' title='bbox 1700 2434 1914 2492; x_wconf 85' lang='lat' dir='ltr'>dicatur,</span> <span class='ocrx_word' id='word_1_303' title='bbox 1941 2442 2027 2482; x_wconf 84' lang='lat' dir='ltr'>aut</span> <span class='ocrx_word' id='word_1_304' title='bbox 2051 2433 2179 2483; x_wconf 77' lang='lat' dir='ltr'>forte</span> <span class='ocrx_word' id='word_1_305' title='bbox 2205 2435 2318 2483; x_wconf 90' lang='lat' dir='ltr'>ideo</span> <span class='ocrx_word' id='word_1_306' title='bbox 2346 2434 2546 2493; x_wconf 72' lang='lat' dir='ltr'>ve&#39;scor,</span> <span class='ocrx_word' id='word_1_307' title='bbox 2574 2436 2693 2496; x_wconf 88' lang='lat' dir='ltr'>quia</span> <span class='ocrx_word' id='word_1_308' title='bbox 2719 2435 2841 2484; x_wconf 77' lang='lat' dir='ltr'>facit</span> <span class='ocrx_word' id='word_1_309' title='bbox 2868 2436 3037 2483; x_wconf 83' lang='lat' dir='ltr'>vescui</span> 
     </span>
    </p>

    <p class='ocr_par' dir='ltr' id='par_1_17' title="bbox 552 2501 1767 2569">
     <span class='ocr_line' id='line_1_31' title="bbox 552 2501 1767 2569; baseline -0.005 -14"><span class='ocrx_word' id='word_1_310' title='bbox 552 2509 634 2566; x_wconf 90' lang='lat'>60,</span> <span class='ocrx_word' id='word_1_311' title='bbox 663 2510 728 2557; x_wconf 89' lang='lat'>30</span> <span class='ocrx_word' id='word_1_312' title='bbox 754 2506 802 2553; x_wconf 88' lang='lat' dir='ltr'>in</span> <span class='ocrx_word' id='word_1_313' title='bbox 833 2503 1101 2569; x_wconf 88' lang='lat' dir='ltr'>praeterito</span> <span class='ocrx_word' id='word_1_314' title='bbox 1131 2513 1250 2551; x_wconf 84' lang='lat' dir='ltr'>ante</span> <span class='ocrx_word' id='word_1_315' title='bbox 1276 2503 1375 2550; x_wconf 90' lang='lat' dir='ltr'>iam</span> <span class='ocrx_word' id='word_1_316' title='bbox 1404 2503 1588 2552; x_wconf 78' lang='lat' dir='ltr'>sactum</span> <span class='ocrx_word' id='word_1_317' title='bbox 1616 2501 1767 2551; x_wconf 77' lang='lat' dir='ltr'>fuerit</span> 
     </span>
    </p>

    <p class='ocr_par' dir='ltr' id='par_1_18' title="bbox 550 2566 1444 2636">
     <span class='ocr_line' id='line_1_32' title="bbox 550 2566 1444 2636; baseline -0.006 -13"><span class='ocrx_word' id='word_1_318' title='bbox 550 2576 633 2633; x_wconf 90' lang='grc'>61,</span> <span class='ocrx_word' id='word_1_319' title='bbox 662 2577 693 2623; x_wconf 87' lang='lat'>5</span> <span class='ocrx_word' id='word_1_320' title='bbox 753 2566 1013 2636; x_wconf 79' lang='lat' dir='ltr'>effectum]</span> <span class='ocrx_word' id='word_1_321' title='bbox 1052 2574 1082 2620; x_wconf 87' lang='lat' dir='ltr'>l.</span> <span class='ocrx_word' id='word_1_322' title='bbox 1112 2571 1444 2619; x_wconf 84' lang='lat' dir='ltr'>elocutionem</span> 
     </span>
    </p>

    <p class='ocr_par' dir='ltr' id='par_1_19' title="bbox 549 2638 1403 2704">
     <span class='ocr_line' id='line_1_33' title="bbox 549 2638 1403 2704; baseline -0.006 -14"><span class='ocrx_word' id='word_1_323' title='bbox 549 2644 631 2703; x_wconf 88' lang='grc'>62,</span> <span class='ocrx_word' id='word_1_324' title='bbox 660 2645 692 2693; x_wconf 88' lang='grc'>5</span> <span class='ocrx_word' id='word_1_325' title='bbox 751 2641 872 2689; x_wconf 78' lang='lat' dir='ltr'>facit</span> <span class='ocrx_word' id='word_1_326' title='bbox 897 2638 1173 2704; x_wconf 77' lang='lat' dir='ltr'>inperfecto</span> <span class='ocrx_word' id='word_1_327' title='bbox 1200 2639 1403 2701; x_wconf 85' lang='lat' dir='ltr'>quidem</span> 
     </span>
    </p>

    <p class='ocr_par' dir='ltr' id='par_1_20' title="bbox 659 2707 1161 2771">
     <span class='ocr_line' id='line_1_34' title="bbox 659 2707 1161 2771; baseline -0.01 -12"><span class='ocrx_word' id='word_1_328' title='bbox 659 2712 720 2759; x_wconf 88' lang='grc'>21</span> <span class='ocrx_word' id='word_1_329' title='bbox 750 2708 884 2771; x_wconf 85' lang='lat' dir='ltr'>quod</span> <span class='ocrx_word' id='word_1_330' title='bbox 909 2718 1027 2756; x_wconf 89' lang='lat' dir='ltr'>ante</span> <span class='ocrx_word' id='word_1_331' title='bbox 1052 2707 1161 2755; x_wconf 86' lang='lat' dir='ltr'>dixi</span> 
     </span>
    </p>

    <p class='ocr_par' dir='ltr' id='par_1_21' title="bbox 548 2776 1226 2843">
     <span class='ocr_line' id='line_1_35' title="bbox 548 2776 1226 2843; baseline -0.006 -16"><span class='ocrx_word' id='word_1_332' title='bbox 548 2779 631 2843; x_wconf 83' lang='lat'>63,</span> <span class='ocrx_word' id='word_1_333' title='bbox 659 2781 724 2830; x_wconf 83' lang='lat'>33</span> <span class='ocrx_word' id='word_1_334' title='bbox 751 2777 883 2827; x_wconf 86' lang='lat' dir='ltr'>sicut</span> <span class='ocrx_word' id='word_1_335' title='bbox 909 2791 999 2825; x_wconf 89' lang='lat' dir='ltr'>nec</span> <span class='ocrx_word' id='word_1_336' title='bbox 1026 2776 1226 2824; x_wconf 88' lang='lat' dir='ltr'>nomina</span> 
     </span>
    </p>

    <p class='ocr_par' dir='ltr' id='par_1_22' title="bbox 549 2843 3144 2977">
     <span class='ocr_line' id='line_1_36' title="bbox 549 2843 3144 2911; baseline 0 -17"><span class='ocrx_word' id='word_1_337' title='bbox 549 2849 630 2906; x_wconf 83' lang='grc'>64,</span> <span class='ocrx_word' id='word_1_338' title='bbox 666 2851 723 2898; x_wconf 80' lang='grc'>15</span> <span class='ocrx_word' id='word_1_339' title='bbox 750 2846 868 2907; x_wconf 88' lang='lat' dir='ltr'>quia</span> <span class='ocrx_word' id='word_1_340' title='bbox 900 2845 1307 2909; x_wconf 85' lang='lat' dir='ltr'>conparationem</span> <span class='ocrx_word' id='word_1_341' title='bbox 1347 2843 1547 2909; x_wconf 83' lang='lat' dir='ltr'>recipit,</span> <span class='ocrx_word' id='word_1_342' title='bbox 1586 2844 1720 2904; x_wconf 88' lang='lat' dir='ltr'>quod</span> <span class='ocrx_word' id='word_1_343' title='bbox 1756 2845 1995 2893; x_wconf 84' lang='lat' dir='ltr'>continuo</span> <span class='ocrx_word' id='word_1_344' title='bbox 2033 2853 2081 2893; x_wconf 84' lang='lat' dir='ltr'>et</span> <span class='ocrx_word' id='word_1_345' title='bbox 2116 2844 2245 2894; x_wconf 78' lang='lat' dir='ltr'>salso</span> <span class='ocrx_word' id='word_1_346' title='bbox 2282 2844 2448 2893; x_wconf 75' lang='lat' dir='ltr'>facere</span> <span class='ocrx_word' id='word_1_347' title='bbox 2488 2860 2582 2894; x_wconf 83' lang='lat' dir='ltr'>non</span> <span class='ocrx_word' id='word_1_348' title='bbox 2614 2853 2794 2910; x_wconf 87' lang='lat' dir='ltr'>potest.</span> <span class='ocrx_word' id='word_1_349' title='bbox 2849 2860 2944 2895; x_wconf 90' lang='lat' dir='ltr'>non</span> <span class='ocrx_word' id='word_1_350' title='bbox 2975 2857 3144 2911; x_wconf 88' lang='lat' dir='ltr'>potest</span> 
     </span>
     <span class='ocr_line' id='line_1_37' title="bbox 755 2912 2501 2977; baseline -0.001 -15"><span class='ocrx_word' id='word_1_351' title='bbox 755 2914 923 2962; x_wconf 77' lang='lat' dir='ltr'>facere</span> <span class='ocrx_word' id='word_1_352' title='bbox 948 2912 1349 2977; x_wconf 84' lang='lat' dir='ltr'>conparativum,</span> <span class='ocrx_word' id='word_1_353' title='bbox 1377 2913 1494 2974; x_wconf 87' lang='lat' dir='ltr'>quia</span> <span class='ocrx_word' id='word_1_354' title='bbox 1522 2912 1747 2976; x_wconf 84' lang='lat' dir='ltr'>duplicat</span> <span class='ocrx_word' id='word_1_355' title='bbox 1772 2913 2085 2962; x_wconf 82' lang='lat' dir='ltr'>adverbium.</span> <span class='ocrx_word' id='word_1_356' title='bbox 2137 2928 2253 2962; x_wconf 86' lang='lat' dir='ltr'>nam</span> <span class='ocrx_word' id='word_1_357' title='bbox 2285 2914 2381 2961; x_wconf 84' lang='lat' dir='ltr'>ista</span> <span class='ocrx_word' id='word_1_358' title='bbox 2407 2920 2501 2962; x_wconf 79' lang='lat' dir='ltr'>etc.</span> 
     </span>
    </p>

    <p class='ocr_par' dir='ltr' id='par_1_23' title="bbox 662 2979 2554 3045">
     <span class='ocr_line' id='line_1_38' title="bbox 662 2979 2554 3045; baseline -0.002 -11"><span class='ocrx_word' id='word_1_359' title='bbox 662 2986 728 3034; x_wconf 86' lang='lat'>23</span> <span class='ocrx_word' id='word_1_360' title='bbox 755 2981 889 3045; x_wconf 91' lang='lat' dir='ltr'>quod</span> <span class='ocrx_word' id='word_1_361' title='bbox 916 2995 1019 3029; x_wconf 90' lang='lat' dir='ltr'>non</span> <span class='ocrx_word' id='word_1_362' title='bbox 1044 2980 1225 3028; x_wconf 86' lang='lat' dir='ltr'>dicitur</span> <span class='ocrx_word' id='word_1_363' title='bbox 1249 2979 1311 3027; x_wconf 87' lang='lat' dir='ltr'>de</span> <span class='ocrx_word' id='word_1_364' title='bbox 1335 2979 1487 3029; x_wconf 92' lang='lat' dir='ltr'>domo</span> <span class='ocrx_word' id='word_1_365' title='bbox 1515 2981 1681 3038; x_wconf 87' lang='lat' dir='ltr'>venio,</span> <span class='ocrx_word' id='word_1_366' title='bbox 1710 2981 1800 3029; x_wconf 85' lang='lat' dir='ltr'>sed</span> <span class='ocrx_word' id='word_1_367' title='bbox 1829 2981 1978 3030; x_wconf 91' lang='lat' dir='ltr'>domo</span> <span class='ocrx_word' id='word_1_368' title='bbox 2006 2980 2171 3040; x_wconf 89' lang='lat' dir='ltr'>venio,</span> <span class='ocrx_word' id='word_1_369' title='bbox 2211 2990 2266 3030; x_wconf 85' lang='lat' dir='ltr'>ut</span> <span class='ocrx_word' id='word_1_370' title='bbox 2289 2980 2554 3030; x_wconf 83' lang='lat' dir='ltr'>Terentius</span> 
     </span>
    </p>

    <p class='ocr_par' dir='ltr' id='par_1_24' title="bbox 552 3046 1659 3112">
     <span class='ocr_line' id='line_1_39' title="bbox 552 3046 1659 3112; baseline -0.005 -10"><span class='ocrx_word' id='word_1_371' title='bbox 552 3054 633 3110; x_wconf 88' lang='grc'>66,</span> <span class='ocrx_word' id='word_1_372' title='bbox 660 3055 726 3102; x_wconf 88' lang='grc'>22</span> <span class='ocrx_word' id='word_1_373' title='bbox 753 3058 803 3099; x_wconf 86' lang='lat' dir='ltr'>et</span> <span class='ocrx_word' id='word_1_374' title='bbox 827 3047 1004 3108; x_wconf 91' lang='lat' dir='ltr'>veluti,</span> <span class='ocrx_word' id='word_1_375' title='bbox 1032 3057 1086 3097; x_wconf 86' lang='lat' dir='ltr'>ut</span> <span class='ocrx_word' id='word_1_376' title='bbox 1112 3047 1294 3096; x_wconf 85' lang='lat' dir='ltr'>‘veluti</span> <span class='ocrx_word' id='word_1_377' title='bbox 1321 3046 1532 3112; x_wconf 82' lang='lat' dir='ltr'>magno&#39;</span> <span class='ocrx_word' id='word_1_378' title='bbox 1562 3056 1659 3098; x_wconf 83' lang='lat' dir='ltr'>etc.</span> 
     </span>
    </p>

    <p class='ocr_par' dir='ltr' id='par_1_25' title="bbox 552 3116 1433 3210">
     <span class='ocr_line' id='line_1_40' title="bbox 552 3116 1433 3210; baseline -0.006 -40"><span class='ocrx_word' id='word_1_379' title='bbox 552 3122 641 3210; x_wconf 45' lang='grc' dir='ltr'>67ἲ</span> <span class='ocrx_word' id='word_1_380' title='bbox 666 3125 692 3170; x_wconf 93' lang='grc'>1</span> <span class='ocrx_word' id='word_1_381' title='bbox 753 3119 795 3168; x_wconf 94' lang='lat' dir='ltr'>si</span> <span class='ocrx_word' id='word_1_382' title='bbox 823 3117 1019 3167; x_wconf 86' lang='lat' dir='ltr'>tractim</span> <span class='ocrx_word' id='word_1_383' title='bbox 1047 3124 1095 3165; x_wconf 90' lang='lat' dir='ltr'>et</span> <span class='ocrx_word' id='word_1_384' title='bbox 1120 3131 1232 3164; x_wconf 91' lang='lat' dir='ltr'>cum</span> <span class='ocrx_word' id='word_1_385' title='bbox 1262 3116 1433 3165; x_wconf 88' lang='lat' dir='ltr'>dolore</span> 
     </span>
    </p>

    <p class='ocr_par' dir='ltr' id='par_1_26' title="bbox 549 3184 1955 3247">
     <span class='ocr_line' id='line_1_41' title="bbox 549 3184 1955 3247; baseline -0.004 -8"><span class='ocrx_word' id='word_1_386' title='bbox 549 3191 632 3247; x_wconf 87' lang='grc'>68,</span> <span class='ocrx_word' id='word_1_387' title='bbox 660 3192 726 3239; x_wconf 87' lang='grc'>24</span> <span class='ocrx_word' id='word_1_388' title='bbox 753 3186 1033 3237; x_wconf 83' lang='lat' dir='ltr'>notandum</span> <span class='ocrx_word' id='word_1_389' title='bbox 1063 3195 1110 3233; x_wconf 84' lang='lat' dir='ltr'>et</span> <span class='ocrx_word' id='word_1_390' title='bbox 1138 3184 1398 3234; x_wconf 87' lang='lat' dir='ltr'>nominum</span> <span class='ocrx_word' id='word_1_391' title='bbox 1425 3185 1810 3234; x_wconf 90' lang='lat' dir='ltr'>inminutionem</span> <span class='ocrx_word' id='word_1_392' title='bbox 1840 3200 1955 3234; x_wconf 88' lang='lat' dir='ltr'>esse</span> 
     </span>
    </p>

    <p class='ocr_par' dir='ltr' id='par_1_27' title="bbox 662 3253 1859 3320">
     <span class='ocr_line' id='line_1_42' title="bbox 662 3253 1859 3320; baseline -0.007 -11"><span class='ocrx_word' id='word_1_393' title='bbox 662 3261 726 3308; x_wconf 84' lang='lat'>33</span> <span class='ocrx_word' id='word_1_394' title='bbox 754 3267 828 3320; x_wconf 88' lang='lat' dir='ltr'>ut,</span> <span class='ocrx_word' id='word_1_395' title='bbox 855 3254 1059 3319; x_wconf 83' lang='lat' dir='ltr'>qnando</span> <span class='ocrx_word' id='word_1_396' title='bbox 1084 3253 1384 3302; x_wconf 80' lang='lat' dir='ltr'>adverbium</span> <span class='ocrx_word' id='word_1_397' title='bbox 1412 3264 1500 3312; x_wconf 88' lang='lat' dir='ltr'>est,</span> <span class='ocrx_word' id='word_1_398' title='bbox 1567 3262 1736 3318; x_wconf 88' lang='lat' dir='ltr'>ropter</span> <span class='ocrx_word' id='word_1_399' title='bbox 1762 3261 1859 3303; x_wconf 78' lang='lat' dir='ltr'>etc.</span> 
     </span>
    </p>

    <p class='ocr_par' dir='ltr' id='par_1_28' title="bbox 664 3269 3141 3389">
     <span class='ocr_line' id='line_1_43' title="bbox 664 3269 3141 3389; baseline -0 -17"><span class='ocrx_word' id='word_1_400' title='bbox 664 3330 729 3377; x_wconf 79' lang='grc'>36</span> <span class='ocrx_word' id='word_1_401' title='bbox 753 3324 889 3389; x_wconf 86' lang='lat' dir='ltr'>apud</span> <span class='ocrx_word' id='word_1_402' title='bbox 924 3323 1215 3371; x_wconf 88' lang='lat' dir='ltr'>Terentium</span> <span class='ocrx_word' id='word_1_403' title='bbox 1252 3320 1476 3386; x_wconf 78' lang='lat' dir='ltr'>profecto</span> <span class='ocrx_word' id='word_1_404' title='bbox 1516 3269 1651 3388; x_wconf 58' lang='lat' dir='ltr'>ffsiue</span> <span class='ocrx_word' id='word_1_405' title='bbox 1688 3317 1865 3388; x_wconf 91' lang='lat' dir='ltr'>dubio]</span> <span class='ocrx_word' id='word_1_406' title='bbox 1905 3323 2015 3372; x_wconf 90' lang='lat' dir='ltr'>sine</span> <span class='ocrx_word' id='word_1_407' title='bbox 2050 3322 2260 3372; x_wconf 83' lang='lat' dir='ltr'>articulo</span> <span class='ocrx_word' id='word_1_408' title='bbox 2306 3323 2603 3372; x_wconf 87' lang='lat' dir='ltr'>adverbium</span> <span class='ocrx_word' id='word_1_409' title='bbox 2641 3334 2742 3380; x_wconf 84' lang='lat' dir='ltr'>est,</span> <span class='ocrx_word' id='word_1_410' title='bbox 2788 3332 2840 3373; x_wconf 85' lang='lat' dir='ltr'>ut</span> <span class='ocrx_word' id='word_1_411' title='bbox 2880 3335 2957 3372; x_wconf 87' lang='lat' dir='ltr'>est</span> <span class='ocrx_word' id='word_1_412' title='bbox 2992 3322 3141 3383; x_wconf 78' lang='lat' dir='ltr'>salso,</span> 
     </span>
    </p>

    <p class='ocr_par' dir='ltr' id='par_1_29' title="bbox 790 3393 992 3442">
     <span class='ocr_line' id='line_1_44' title="bbox 790 3393 992 3442; baseline -0.005 -1"><span class='ocrx_word' id='word_1_413' title='bbox 790 3393 873 3441; x_wconf 90' lang='lat' dir='ltr'>uia</span> <span class='ocrx_word' id='word_1_414' title='bbox 898 3397 992 3442; x_wconf 76' lang='lat' dir='ltr'>etc.</span> 
     </span>
    </p>

    <p class='ocr_par' dir='ltr' id='par_1_30' title="bbox 554 3409 3145 3645">
     <span class='ocr_line' id='line_1_45' title="bbox 554 3409 3144 3526; baseline -0.002 -13"><span class='ocrx_word' id='word_1_415' title='bbox 554 3465 636 3523; x_wconf 83' lang='grc'>69,</span> <span class='ocrx_word' id='word_1_416' title='bbox 665 3466 696 3513; x_wconf 86' lang='grc'><strong>9</strong></span> <span class='ocrx_word' id='word_1_417' title='bbox 755 3409 963 3526; x_wconf 63' lang='lat' dir='ltr'>gropter</span> <span class='ocrx_word' id='word_1_418' title='bbox 988 3458 1285 3508; x_wconf 87' lang='lat' dir='ltr'>adverbium</span> <span class='ocrx_word' id='word_1_419' title='bbox 1313 3469 1407 3518; x_wconf 87' lang='lat' dir='ltr'>est,</span> <span class='ocrx_word' id='word_1_420' title='bbox 1437 3468 1491 3508; x_wconf 90' lang='lat' dir='ltr'>ut</span> <span class='ocrx_word' id='word_1_421' title='bbox 1517 3467 1723 3524; x_wconf 88' lang='lat' dir='ltr'>propter</span> <span class='ocrx_word' id='word_1_422' title='bbox 1748 3460 1920 3516; x_wconf 87' lang='lat' dir='ltr'>sedeo,</span> <span class='ocrx_word' id='word_1_423' title='bbox 1959 3459 2288 3525; x_wconf 83' lang='lat' dir='ltr'>praepositi0‚</span> <span class='ocrx_word' id='word_1_424' title='bbox 2330 3468 2383 3506; x_wconf 90' lang='lat' dir='ltr'>ut</span> <span class='ocrx_word' id='word_1_425' title='bbox 2409 3468 2611 3523; x_wconf 85' lang='lat' dir='ltr'>propter</span> <span class='ocrx_word' id='word_1_426' title='bbox 2636 3473 2798 3520; x_wconf 89' lang='lat' dir='ltr'>aquae</span> <span class='ocrx_word' id='word_1_427' title='bbox 2824 3460 3012 3518; x_wconf 87' lang='lat' dir='ltr'>rivum,</span> <span class='ocrx_word' id='word_1_428' title='bbox 3049 3458 3144 3508; x_wconf 83' lang='lat' dir='ltr'>hoc</span> 
     </span>
     <span class='ocr_line' id='line_1_46' title="bbox 759 3528 3145 3593; baseline -0.001 -15"><span class='ocrx_word' id='word_1_429' title='bbox 759 3539 837 3578; x_wconf 88' lang='lat' dir='ltr'>est</span> <span class='ocrx_word' id='word_1_430' title='bbox 878 3530 1040 3579; x_wconf 86' lang='lat' dir='ltr'>iuxta.</span> <span class='ocrx_word' id='word_1_431' title='bbox 1092 3536 1146 3574; x_wconf 88' lang='lat' dir='ltr'>ut</span> <span class='ocrx_word' id='word_1_432' title='bbox 1189 3538 1393 3592; x_wconf 90' lang='lat' dir='ltr'>propter</span> <span class='ocrx_word' id='word_1_433' title='bbox 1435 3529 1501 3575; x_wconf 84' lang='lat' dir='ltr'>ita</span> <span class='ocrx_word' id='word_1_434' title='bbox 1543 3536 1591 3575; x_wconf 85' lang='lat' dir='ltr'>et</span> <span class='ocrx_word' id='word_1_435' title='bbox 1632 3536 1778 3588; x_wconf 80' lang='lat' dir='ltr'>ante3</span> <span class='ocrx_word' id='word_1_436' title='bbox 1823 3538 1938 3577; x_wconf 88' lang='lat' dir='ltr'>ante</span> <span class='ocrx_word' id='word_1_437' title='bbox 1973 3539 2023 3577; x_wconf 89' lang='lat' dir='ltr'>te</span> <span class='ocrx_word' id='word_1_438' title='bbox 2058 3529 2171 3576; x_wconf 87' lang='lat' dir='ltr'>veni</span> <span class='ocrx_word' id='word_1_439' title='bbox 2209 3528 2518 3593; x_wconf 89' lang='lat' dir='ltr'>praepositio</span> <span class='ocrx_word' id='word_1_440' title='bbox 2553 3538 2659 3588; x_wconf 90' lang='lat' dir='ltr'>est,</span> <span class='ocrx_word' id='word_1_441' title='bbox 2696 3537 2810 3576; x_wconf 84' lang='lat' dir='ltr'>ante</span> <span class='ocrx_word' id='word_1_442' title='bbox 2845 3528 3017 3577; x_wconf 86' lang='lat' dir='ltr'>audivi</span> <span class='ocrx_word' id='word_1_443' title='bbox 3053 3529 3145 3576; x_wconf 89' lang='lat' dir='ltr'>nd-</span> 
     </span>
     <span class='ocr_line' id='line_1_47' title="bbox 758 3597 983 3645; baseline -0.009 0"><span class='ocrx_word' id='word_1_444' title='bbox 758 3597 983 3645; x_wconf 78' lang='lat' dir='ltr'>verbium</span> 
     </span>
    </p>

    <p class='ocr_par' dir='ltr' id='par_1_31' title="bbox 665 3663 3146 3797">
     <span class='ocr_line' id='line_1_48' title="bbox 665 3663 3146 3728; baseline -0.001 -14"><span class='ocrx_word' id='word_1_445' title='bbox 665 3670 732 3718; x_wconf 81' lang='grc'><strong>24.</strong></span> <span class='ocrx_word' id='word_1_446' title='bbox 757 3665 926 3714; x_wconf 76' lang='lat' dir='ltr'>Africa</span> <span class='ocrx_word' id='word_1_447' title='bbox 962 3677 1143 3712; x_wconf 83' lang='lat' dir='ltr'>nomen</span> <span class='ocrx_word' id='word_1_448' title='bbox 1182 3673 1274 3720; x_wconf 83' lang='lat' dir='ltr'>est,</span> <span class='ocrx_word' id='word_1_449' title='bbox 1314 3679 1411 3712; x_wconf 91' lang='lat' dir='ltr'>non</span> <span class='ocrx_word' id='word_1_450' title='bbox 1447 3665 1760 3713; x_wconf 87' lang='lat' dir='ltr'>adverbium.</span> <span class='ocrx_word' id='word_1_451' title='bbox 1812 3663 2066 3728; x_wconf 84' lang='lat' dir='ltr'>significat</span> <span class='ocrx_word' id='word_1_452' title='bbox 2102 3664 2233 3712; x_wconf 90' lang='lat' dir='ltr'>euim</span> <span class='ocrx_word' id='word_1_453' title='bbox 2273 3677 2371 3712; x_wconf 90' lang='lat' dir='ltr'>nou</span> <span class='ocrx_word' id='word_1_454' title='bbox 2407 3664 2469 3711; x_wconf 84' lang='lat' dir='ltr'>de</span> <span class='ocrx_word' id='word_1_455' title='bbox 2496 3664 2697 3712; x_wconf 83' lang='lat' dir='ltr'>civitate</span> <span class='ocrx_word' id='word_1_456' title='bbox 2723 3678 2802 3712; x_wconf 88' lang='lat' dir='ltr'>me</span> <span class='ocrx_word' id='word_1_457' title='bbox 2827 3665 3022 3723; x_wconf 81' lang='lat' dir='ltr'>venire,</span> <span class='ocrx_word' id='word_1_458' title='bbox 3052 3665 3146 3712; x_wconf 87' lang='lat' dir='ltr'>sed</span> 
     </span>
     <span class='ocr_line' id='line_1_49' title="bbox 758 3732 1190 3797; baseline -0.007 -15"><span class='ocrx_word' id='word_1_459' title='bbox 758 3733 821 3782; x_wconf 88' lang='lat' dir='ltr'>de</span> <span class='ocrx_word' id='word_1_460' title='bbox 846 3734 960 3797; x_wconf 89' lang='lat' dir='ltr'>ipsa</span> <span class='ocrx_word' id='word_1_461' title='bbox 984 3732 1190 3796; x_wconf 85' lang='lat' dir='ltr'>regione</span> 
     </span>
    </p>

    <p class='ocr_par' dir='ltr' id='par_1_32' title="bbox 554 3788 3144 3936">
     <span class='ocr_line' id='line_1_50' title="bbox 554 3788 3144 3866; baseline -0.002 -11"><span class='ocrx_word' id='word_1_462' title='bbox 554 3808 636 3866; x_wconf 91' lang='grc'>70,</span> <span class='ocrx_word' id='word_1_463' title='bbox 662 3807 725 3854; x_wconf 68' lang='grc'><strong>21</strong></span> <span class='ocrx_word' id='word_1_464' title='bbox 754 3788 844 3851; x_wconf 79' lang='lat' dir='ltr'>sed</span> <span class='ocrx_word' id='word_1_465' title='bbox 879 3801 974 3848; x_wconf 84' lang='lat' dir='ltr'>hoc</span> <span class='ocrx_word' id='word_1_466' title='bbox 1010 3799 1399 3859; x_wconf 86' lang='lat' dir='ltr'>observandam,</span> <span class='ocrx_word' id='word_1_467' title='bbox 1440 3801 1534 3849; x_wconf 86' lang='lat' dir='ltr'>nisi</span> <span class='ocrx_word' id='word_1_468' title='bbox 1575 3800 1853 3849; x_wconf 87' lang='lat' dir='ltr'>secundum</span> <span class='ocrx_word' id='word_1_469' title='bbox 1892 3811 2053 3848; x_wconf 88' lang='lat' dir='ltr'>certos</span> <span class='ocrx_word' id='word_1_470' title='bbox 2080 3805 2251 3859; x_wconf 90' lang='lat' dir='ltr'>sonos,</span> <span class='ocrx_word' id='word_1_471' title='bbox 2279 3815 2407 3864; x_wconf 87' lang='lat' dir='ltr'>quos</span> <span class='ocrx_word' id='word_1_472' title='bbox 2435 3810 2615 3865; x_wconf 87' lang='lat' dir='ltr'>poetae</span> <span class='ocrx_word' id='word_1_473' title='bbox 2641 3811 2969 3865; x_wconf 85' lang='lat' dir='ltr'>usurparunt,</span> <span class='ocrx_word' id='word_1_474' title='bbox 2996 3816 3144 3865; x_wconf 84' lang='lat' dir='ltr'>prae·</span> 
     </span>
     <span class='ocr_line' id='line_1_51' title="bbox 762 3867 1570 3936; baseline -0.002 -18"><span class='ocrx_word' id='word_1_475' title='bbox 762 3869 1040 3936; x_wconf 87' lang='lat' dir='ltr'>positiones</span> <span class='ocrx_word' id='word_1_476' title='bbox 1066 3867 1185 3916; x_wconf 85' lang='lat' dir='ltr'>addi</span> <span class='ocrx_word' id='word_1_477' title='bbox 1214 3882 1311 3917; x_wconf 91' lang='lat' dir='ltr'>non</span> <span class='ocrx_word' id='word_1_478' title='bbox 1341 3879 1570 3933; x_wconf 83' lang='lat' dir='ltr'>oportere</span> 
     </span>
    </p>

    <p class='ocr_par' dir='ltr' id='par_1_33' title="bbox 557 3936 1761 4002">
     <span class='ocr_line' id='line_1_52' title="bbox 557 3936 1761 4002; baseline -0.001 -16"><span class='ocrx_word' id='word_1_479' title='bbox 557 3945 637 4000; x_wconf 83' lang='lat'>71,</span> <span class='ocrx_word' id='word_1_480' title='bbox 667 3945 690 3991; x_wconf 93' lang='lat'><strong>1</strong></span> <span class='ocrx_word' id='word_1_481' title='bbox 755 3953 855 4002; x_wconf 87' lang='lat' dir='ltr'>qua</span> <span class='ocrx_word' id='word_1_482' title='bbox 879 3936 1247 4000; x_wconf 82' lang='lat' dir='ltr'>intelleguntur</span> <span class='ocrx_word' id='word_1_483' title='bbox 1752 3969 1761 3973; x_wconf 93' lang='lat'>-</span> 
     </span>
    </p>

    <p class='ocr_par' dir='ltr' id='par_1_34' title="bbox 662 4004 3140 4124">
     <span class='ocr_line' id='line_1_53' title="bbox 662 4004 3140 4070; baseline -0.001 -12"><span class='ocrx_word' id='word_1_484' title='bbox 662 4012 694 4058; x_wconf 87' lang='lat'>4</span> <span class='ocrx_word' id='word_1_485' title='bbox 754 4006 971 4070; x_wconf 84' lang='lat' dir='ltr'>qualitas</span> <span class='ocrx_word' id='word_1_486' title='bbox 1004 4019 1169 4068; x_wconf 84' lang='lat' dir='ltr'>genus</span> <span class='ocrx_word' id='word_1_487' title='bbox 1204 4016 1298 4068; x_wconf 86' lang='lat' dir='ltr'>est,</span> <span class='ocrx_word' id='word_1_488' title='bbox 1338 4004 1637 4068; x_wconf 78' lang='lat' dir='ltr'>significatio</span> <span class='ocrx_word' id='word_1_489' title='bbox 1671 4007 1887 4070; x_wconf 83' lang='lat' dir='ltr'>species.</span> <span class='ocrx_word' id='word_1_490' title='bbox 1938 4004 2337 4070; x_wconf 85' lang='lat' dir='ltr'>significationes</span> <span class='ocrx_word' id='word_1_491' title='bbox 2375 4006 2751 4070; x_wconf 83' lang='lat' dir='ltr'>participiorum</span> <span class='ocrx_word' id='word_1_492' title='bbox 2790 4015 2839 4054; x_wconf 86' lang='lat' dir='ltr'>et</span> <span class='ocrx_word' id='word_1_493' title='bbox 2863 4006 3140 4055; x_wconf 84' lang='lat' dir='ltr'>verborum</span> 
     </span>
     <span class='ocr_line' id='line_1_54' title="bbox 760 4074 1096 4124; baseline -0.006 -1"><span class='ocrx_word' id='word_1_494' title='bbox 760 4074 951 4124; x_wconf 86' lang='lat' dir='ltr'>similes</span> <span class='ocrx_word' id='word_1_495' title='bbox 977 4083 1096 4122; x_wconf 86' lang='lat' dir='ltr'>sunt</span> 
     </span>
    </p>

    <p class='ocr_par' dir='ltr' id='par_1_35' title="bbox 665 4141 2965 4210">
     <span class='ocr_line' id='line_1_55' title="bbox 665 4141 2965 4210; baseline -0.001 -18"><span class='ocrx_word' id='word_1_496' title='bbox 665 4149 731 4196; x_wconf 85' lang='lat'>30</span> <span class='ocrx_word' id='word_1_497' title='bbox 758 4143 955 4210; x_wconf 87' lang='lat' dir='ltr'>pudens</span> <span class='ocrx_word' id='word_1_498' title='bbox 982 4141 1192 4192; x_wconf 85' lang='lat' dir='ltr'>taedens</span> <span class='ocrx_word' id='word_1_499' title='bbox 1217 4143 1483 4207; x_wconf 88' lang='lat' dir='ltr'>paenitens</span> <span class='ocrx_word' id='word_1_500' title='bbox 1511 4143 1768 4206; x_wconf 87' lang='lat' dir='ltr'>quaeritur</span> <span class='ocrx_word' id='word_1_501' title='bbox 1795 4154 1962 4191; x_wconf 85' lang='lat' dir='ltr'>utrum</span> <span class='ocrx_word' id='word_1_502' title='bbox 1991 4142 2139 4190; x_wconf 78' lang='lat' dir='ltr'>saciat</span> <span class='ocrx_word' id='word_1_503' title='bbox 2165 4143 2227 4191; x_wconf 89' lang='lat' dir='ltr'>ab</span> <span class='ocrx_word' id='word_1_504' title='bbox 2250 4142 2558 4206; x_wconf 87' lang='lat' dir='ltr'>inpersonali</span> <span class='ocrx_word' id='word_1_505' title='bbox 2592 4143 2745 4191; x_wconf 89' lang='lat' dir='ltr'>verbo</span> <span class='ocrx_word' id='word_1_506' title='bbox 2772 4157 2835 4190; x_wconf 92' lang='lat' dir='ltr'>an</span> <span class='ocrx_word' id='word_1_507' title='bbox 2867 4156 2965 4191; x_wconf 90' lang='lat' dir='ltr'>non</span> 
     </span>
    </p>

    <p class='ocr_par' dir='ltr' id='par_1_36' title="bbox 559 4210 1408 4272">
     <span class='ocr_line' id='line_1_56' title="bbox 559 4210 1408 4272; baseline -0.007 -8"><span class='ocrx_word' id='word_1_508' title='bbox 559 4217 638 4272; x_wconf 88' lang='grc'>72,</span> <span class='ocrx_word' id='word_1_509' title='bbox 667 4216 699 4263; x_wconf 85' lang='grc'>4</span> <span class='ocrx_word' id='word_1_510' title='bbox 758 4221 968 4261; x_wconf 83' lang='lat' dir='ltr'>cenatus</span> <span class='ocrx_word' id='word_1_511' title='bbox 994 4210 1196 4272; x_wconf 87' lang='lat' dir='ltr'>quidem</span> <span class='ocrx_word' id='word_1_512' title='bbox 1224 4211 1408 4259; x_wconf 89' lang='lat' dir='ltr'>dicitur</span> 
     </span>
    </p>

    <p class='ocr_par' dir='ltr' id='par_1_37' title="bbox 558 4274 2509 4346">
     <span class='ocr_line' id='line_1_57' title="bbox 558 4274 2509 4346; baseline -0.003 -14"><span class='ocrx_word' id='word_1_513' title='bbox 558 4285 638 4339; x_wconf 87' lang='grc'>76,</span> <span class='ocrx_word' id='word_1_514' title='bbox 666 4283 734 4331; x_wconf 87' lang='grc'><strong>25</strong></span> <span class='ocrx_word' id='word_1_515' title='bbox 760 4275 937 4346; x_wconf 77' lang='lat' dir='ltr'>fratra]</span> <span class='ocrx_word' id='word_1_516' title='bbox 961 4279 1190 4341; x_wconf 74' lang='lat' dir='ltr'>fortasse</span> <span class='ocrx_word' id='word_1_517' title='bbox 1216 4280 1418 4328; x_wconf 85' lang='lat' dir='ltr'>sinistra</span> <span class='ocrx_word' id='word_1_518' title='bbox 1444 4277 1534 4344; x_wconf 80' lang='lat' dir='ltr'>[cs.</span> <span class='ocrx_word' id='word_1_519' title='bbox 1565 4279 1770 4329; x_wconf 75' lang='lat' dir='ltr'>Sallust.</span> <span class='ocrx_word' id='word_1_520' title='bbox 1796 4279 1983 4343; x_wconf 67' lang='lat' dir='ltr'>fragm.</span> <span class='ocrx_word' id='word_1_521' title='bbox 2013 4280 2090 4328; x_wconf 80' lang='lat' dir='ltr'>ed.</span> <span class='ocrx_word' id='word_1_522' title='bbox 2121 4279 2341 4329; x_wconf 77' lang='lat' dir='ltr'>Dielsch.</span> <span class='ocrx_word' id='word_1_523' title='bbox 2368 4294 2424 4342; x_wconf 85' lang='lat' dir='ltr'>p.</span> <span class='ocrx_word' id='word_1_524' title='bbox 2454 4274 2509 4344; x_wconf 86' lang='lat'>6]</span> 
     </span>
    </p>

    <p class='ocr_par' dir='ltr' id='par_1_38' title="bbox 559 4346 1872 4413">
     <span class='ocr_line' id='line_1_58' title="bbox 559 4346 1872 4413; baseline -0.005 -13"><span class='ocrx_word' id='word_1_525' title='bbox 559 4352 637 4408; x_wconf 82' lang='grc'>77,</span> <span class='ocrx_word' id='word_1_526' title='bbox 665 4352 730 4398; x_wconf 89' lang='grc'><strong>25</strong></span> <span class='ocrx_word' id='word_1_527' title='bbox 758 4363 877 4413; x_wconf 83' lang='lat' dir='ltr'>ergo</span> <span class='ocrx_word' id='word_1_528' title='bbox 905 4347 1113 4395; x_wconf 84' lang='lat' dir='ltr'>mutatio</span> <span class='ocrx_word' id='word_1_529' title='bbox 1141 4347 1235 4396; x_wconf 87' lang='lat' dir='ltr'>loci</span> <span class='ocrx_word' id='word_1_530' title='bbox 1264 4347 1340 4397; x_wconf 89' lang='lat' dir='ltr'>vel</span> <span class='ocrx_word' id='word_1_531' title='bbox 1368 4348 1657 4413; x_wconf 88' lang='lat' dir='ltr'>permansio</span> <span class='ocrx_word' id='word_1_532' title='bbox 1686 4348 1735 4394; x_wconf 90' lang='lat' dir='ltr'>in</span> <span class='ocrx_word' id='word_1_533' title='bbox 1762 4346 1872 4395; x_wconf 84' lang='lat' dir='ltr'>loco</span> 
     </span>
    </p>

    <p class='ocr_par' dir='ltr' id='par_1_39' title="bbox 559 4419 1085 4478">
     <span class='ocr_line' id='line_1_59' title="bbox 559 4419 1085 4478; baseline -0.013 -9"><span class='ocrx_word' id='word_1_534' title='bbox 559 4422 638 4476; x_wconf 86' lang='grc'>78,</span> <span class='ocrx_word' id='word_1_535' title='bbox 667 4419 698 4466; x_wconf 88' lang='grc'><strong>8</strong></span> <span class='ocrx_word' id='word_1_536' title='bbox 758 4425 1085 4478; x_wconf 89' lang='lat' dir='ltr'>corrumpunt</span> 
     </span>
    </p>

    <p class='ocr_par' dir='ltr' id='par_1_40' title="bbox 669 4469 1876 4551">
     <span class='ocr_line' id='line_1_60' title="bbox 669 4469 1876 4551; baseline -0.004 -14"><span class='ocrx_word' id='word_1_537' title='bbox 669 4491 734 4537; x_wconf 83' lang='lat'>33</span> <span class='ocrx_word' id='word_1_538' title='bbox 765 4503 792 4535; x_wconf 95' lang='lat' dir='ltr'>o</span> <span class='ocrx_word' id='word_1_539' title='bbox 819 4483 1067 4551; x_wconf 87' lang='lat' dir='ltr'>particula</span> <span class='ocrx_word' id='word_1_540' title='bbox 1095 4483 1278 4533; x_wconf 86' lang='lat' dir='ltr'>multas</span> <span class='ocrx_word' id='word_1_541' title='bbox 1306 4469 1700 4548; x_wconf 69' lang='lat' dir='ltr'>significationes</span> <span class='ocrx_word' id='word_1_542' title='bbox 1727 4481 1876 4532; x_wconf 85' lang='lat' dir='ltr'>habet</span> 
     </span>
    </p>
   </div>
  </div>
 </body>
</html>
