3541 5564
607 310 735 376 216
1753 309 2057 373 POMPEI!

661 434 703 476 p.
730 421 905 463 2⁷0-72
935 420 976 461 1,.

611 500 767 563 modi
814 500 1099 562 definiunt
1142 508 1200 562 et
1242 506 1557 580 segregant
1597 518 1913 580 personas:
1968 507 2105 579 puta
2150 497 2282 577 lego
2326 499 2471 577 legis
2514 499 2674 578 legit,
2719 506 2840 560 tres
2869 504 3007 559 sunt
3051 515 3183 576 per-

609 622 789 666 sonae
835 602 1165 665 dissimiles.
1256 621 1376 663 non
1430 613 1626 664 autem
1683 604 1968 664 infinitivo
2027 602 2200 663 modo
2246 610 2367 664 tres
2410 600 2631 662 debent
2676 619 2807 662 esse
2850 600 3182 668 dissimiles,

611 707 711 768 sed
761 724 966 767 omnes
1023 713 1144 767 tres
1201 723 1315 766 una
1373 723 1533 775 esse,
1595 712 1659 765 ut
1703 712 1794 766 est
1837 705 2055 784 legere.
2145 703 2381 785 quando
2426 703 2559 765 dico
2616 704 2845 784 legere,
2893 712 2952 765 et
2994 705 3185 781 prima

610 828 864 889 persona
922 816 1009 869 est
1065 816 1123 868 et
1177 807 1432 869 secunda
1491 814 1550 868 et
1601 808 1793 868 tertia.
1884 808 1969 868 vis
2023 808 2177 867 scire
2233 825 2432 868 verum
2479 808 2642 868 esse?
2714 808 2895 884 iunge
2938 804 3186 867 verbum

612 911 767 991 quod
814 909 993 973 habet
1034 917 1371 989 segregatas
1414 928 1728 988 personaS,
1778 907 1922 971 illud
1956 907 2228 979 verbum,
2277 908 2432 989 quod
2464 908 2643 998 habet
2672 915 3008 988 segregatas
3052 926 3186 987 per·
3211 922 3237 962 5

611 1032 816 1082 sonaS,
865 1011 995 1072 volo
1029 1013 1111 1074 vis
1157 1006 1482 1094 vuit'[volo
1527 1012 1714 1091 prima
1762 1004 1908 1093 est],
1955 1012 2133 1088 iunge
2176 1012 2462 1072 infinitivo
2519 1010 2722 1080 modo,
2782 1009 2980 1088 legere
3038 1008 3186 1080 volo,

612 1115 811 1193 legere
857 1117 971 1183 viS,
1020 1112 1218 1192 legere
1264 1112 1414 1174 vuit:
1484 1114 1592 1175 ista
1648 1132 1787 1193 pars
1845 1131 1995 1195 quae
2050 1112 2257 1173 habuit
2299 1114 2923 1175 commemorationem
2971 1119 3185 1172 mutata

616 1217 714 1279 iila
762 1225 957 1278 tamen
1004 1218 1329 1296 permansit
1370 1217 1431 1276 in
1463 1216 1907 1295 significatione.
1967 1214 2123 1275 unde
2153 1223 2399 1295 apparet
2426 1216 2772 1277 infinitivum
2804 1214 2940 1275 ideo
2971 1215 3188 1275 dictum

616 1339 775 1390 esse,
823 1319 979 1397 quod
1027 1338 1143 1379 non
1192 1319 1432 1380 definiat
1475 1323 1667 1379 certas
1711 1335 2016 1397 personas·
2656 1332 2661 1339 ·

376 1428 494 1490 412,
524 1429 585 1475 1⁸2
780 1420 1179 1501 inpersonalis
1225 1420 1441 1482 dicitur
1487 1418 1729 1489 moduS,
1778 1419 1934 1500 quod
1981 1437 2099 1480 non
2146 1419 2384 1480 definiat
2429 1411 2621 1482 certas
2666 1438 2972 1499 personas.
3040 1421 3088 1480 si
3135 1427 3193 1480 et
3219 1434 3267 1472 10

379 1496 586 1557 504,15
612 1526 737 1603 ipse
792 1541 910 1584 non
969 1522 1170 1583 definit
1225 1530 1418 1584 certas
1472 1540 1787 1601 personaS,
1836 1523 2150 1583 infinitivus
2195 1532 2303 1584 est.
2391 1520 2779 1601 inpersonalis
2824 1530 2913 1583 est
2954 1522 3190 1600 legitur,

614 1632 674 1686 et
729 1627 838 1686 iste
894 1643 1010 1685 non
1069 1623 1272 1685 definit
1322 1642 1624 1704 personas
1690 1623 1855 1704 [nam
1913 1623 2127 1701 iegitur
2183 1623 2464 1685 scribitur
2507 1624 2885 1704 inpersonale
2929 1633 3019 1686 est
3060 1643 3191 1684 ver-

615 1726 803 1807 bum.]
867 1746 1008 1806 ergo
1062 1727 1112 1787 si
1168 1725 1559 1807 inpersonalis
1615 1726 1824 1788 modus
1882 1745 1999 1787 non
2056 1725 2261 1787 definit
2317 1745 2630 1806 personas,
2701 1728 3019 1788 infinitivus
3073 1746 3192 1788 non

615 1828 819 1889 definit
873 1847 1184 1908 personam,
1243 1829 1400 1890 idem
1447 1829 1569 1889 est?
1630 1847 1768 1889 non.
1861 1846 1996 1888 nam
2040 1828 2414 1909 inpersonaie
2457 1847 2644 1908 genus
2686 1829 2852 1890 verbi
2898 1836 3011 1896 est,
3058 1831 3193 1889 iun-

613 1932 768 2009 gitur
821 1930 1275 2010 pronominibus
1330 1938 1389 1991 et
1443 1933 1701 1992 secernit
1754 1949 2058 2011 personas,
2148 1929 2309 1991 vides
2367 1948 2540 2009 ergo,
2596 1939 2879 2012 quantum
2925 1931 3195 1993 dissentit
3221 1944 3273 1984 15

612 2032 987 2111 inpersonale
1034 2033 1275 2094 verbum
1332 2031 1405 2093 ab
1461 2034 1575 2093 isto
1617 2033 1925 2094 infinitivo.
2014 2033 2334 2093 infinitivus
2378 2032 2587 2095 modus
2632 2044 2748 2103 est,
2794 2032 3193 2112 inpersonalis

615 2153 732 2195 non
780 2142 868 2196 est
912 2134 1146 2205 modus,
1195 2134 1298 2194 sed
1343 2151 1531 2212 genus
1573 2133 1772 2202 verbi;
1818 2134 2138 2195 infinitivus
2158 2153 2286 2205 non
2319 2135 2534 2212 accipit
2575 2137 2946 2215 pronomina,
2993 2136 3194 2214 inper-

614 2235 815 2298 sonale
871 2234 1114 2297 verbum
1171 2237 1388 2316 accipit
1440 2237 1830 2315 pronomina;
1899 2237 2218 2297 infinitivus
2270 2256 2384 2298 nec
2439 2236 2551 2298 sub
2616 2239 2872 2315 imagine
2940 2236 3192 2315 quadam

613 2345 810 2420 potest
851 2356 1166 2399 secernere
1213 2355 1527 2415 personaS,
1589 2337 1595 2419 l
1659 2338 2039 2418 inpersonale
2084 2338 2326 2399 verbum
2372 2340 2630 2401 secernit
2671 2350 2973 2420 personas.
3061 2339 3196 2399 iun-

613 2443 772 2520 gitur
817 2440 1271 2520 pronominibus
1314 2460 1346 2501 a
1392 2459 1507 2510 me,
1555 2459 1585 2500 a
1633 2448 1716 2510 te,
1766 2440 1840 2501 ab
1884 2439 2015 2501 illo:
2062 2442 2141 2501 ita
2190 2440 2349 2506 dico.
2397 2439 2613 2520 legitur
2657 2460 2688 2502 a
2729 2460 2860 2511 me:
2906 2460 2939 2502 a
2986 2448 3073 2512 te,
3121 2439 3195 2501 ab
3224 2464 3278 2502 ευ

615 2543 747 2612 ἰΙΙο;
799 2561 937 2603 ecce
981 2544 1241 2621 suscepit
1284 2543 1634 2621 pronomina
1670 2550 1728 2603 et
1774 2542 2051 2603 discrevit
2095 2560 2399 2622 personaS.
2459 2544 2520 2603 in
2566 2544 2853 2604 infinitivo
2897 2562 3016 2603 non
3063 2562 3199 2623 pos·

617 2663 821 2706 sumus
865 2644 1065 2705 dicere
1108 2643 1310 2722 legere
1354 2664 1385 2705 a
1432 2662 1556 2713 me,
1604 2664 1635 2705 a
1683 2652 1770 2714 te,
1821 2643 1895 2705 ab
1940 2642 2071 2712 illm
2118 2662 2236 2705 non
2282 2663 2525 2725 possum
2566 2645 2651 2706 sic
2681 2645 3042 2725 coniungere
3069 2646 3197 2720 >ista

563 2763 575 2779 ·
616 2747 965 2828 pronomina
1012 2746 1323 2817 infinitivo,
1372 2763 1546 2825 quem
1593 2745 1667 2808 ad
1711 2746 1949 2808 modum
1997 2746 2410 2824 coniungimus
2453 2747 2831 2827 inpersonali.
2901 2746 3039 2810 ideo
3085 2748 3196 2810 dis·

618 2851 840 2918 serunt;
897 2856 1205 2929 praeterea
1261 2851 1537 2929 quoniam
1592 2850 1703 2910 iste
1758 2850 2076 2911 infinitivus
2134 2849 2345 2910 modus
2400 2868 2519 2909 non
2576 2851 2764 2911 currit
2816 2868 2925 2929 per
2969 2849 3194 2920 modoS,

614 2952 754 3014 illud
803 2959 996 3013 autem
1044 2950 1418 3032 inpersonale
1463 2953 1652 3012 currit
1693 2970 1802 3032 per
1847 2949 2070 3012 modos.
2147 2951 2358 3029 iegitur
2401 2949 2750 3013 indicativus
2797 2960 2915 3021 est,
2964 2951 3197 3030 legatur
3226 2974 3281 3013 ss

616 3056 999 3135 imperativus
1045 3063 1162 3124 est,
1221 3055 1444 3115 utinam
1500 3053 1800 3132 legeretur
1844 3054 2132 3133 optativus
2177 3061 2265 3114 est
2320 3053 2557 3120 modus,
2604 3072 2737 3116 cum
2785 3053 3012 3132 legatur
3057 3072 3197 3115 con-

616 3158 906 3218 iunctivus
964 3163 1049 3218 est
1105 3156 1337 3217 modus,
1429 3174 1572 3234 ergo
1626 3157 1675 3217 si
1731 3157 1923 3217 currit
1976 3174 2085 3235 per
2138 3155 2376 3224 modoS,
2435 3153 2610 3234 longe
2653 3154 2807 3216 aliud
2855 3164 2972 3225 est,
3019 3174 3199 3235 quam

618 3258 758 3319 iilud
826 3259 979 3338 quod
1052 3278 1169 3319 non
1237 3259 1423 3319 currit
1478 3277 1587 3337 per
1642 3257 1870 3319 modos.
1961 3257 2185 3318 idcirco
2240 3256 2572 3318 dubitatum
2644 3265 2730 3318 est
2788 3276 2819 3317 a
2875 3257 3197 3338 plerisque,

620 3367 817 3421 utrum
876 3360 1118 3421 verbum
1165 3360 1393 3421 dicatur
1438 3359 1551 3419 hoc
1606 3368 1705 3420 aut
1759 3358 1988 3420 modus.
2078 3358 2246 3420 multi
2290 3359 2598 3429 dixerunt,
2640 3359 2851 3421 modus
2894 3367 3015 3430 est,
3064 3361 3198 3439 quia

623 3464 883 3523 nascitur
940 3462 1014 3522 de
1071 3461 1268 3523 verbo,
1360 3481 1534 3542 quem
1592 3461 1666 3522 ad
1728 3461 1967 3522 modum
2025 3460 2261 3539 quando
2317 3460 2450 3522 dico
2496 3455 2656 3541 lego,
2716 3480 2952 3540 possum
2999 3461 3285 3528 dicereao

621 3564 782 3641 lege,
840 3582 1079 3644 possum
1139 3564 1339 3625 dicere
1395 3565 1620 3625 utinam
1676 3563 1901 3642 legam,
1958 3582 2196 3642 possum
2244 3562 2443 3624 dicere
2489 3582 2620 3624 cum
2666 3563 2885 3642 legam,
2933 3565 3021 3625 sic
3063 3583 3199 3644 pos-

620 3685 748 3727 sum
795 3664 994 3727 dicere
1041 3666 1253 3744 iegitur
1298 3685 1329 3726 a
1377 3685 1499 3735 me,
1546 3686 1579 3726 a
1624 3673 1714 3736 te,
1760 3664 1835 3726 ab
1879 3664 1999 3725 illo.
2076 3684 2214 3726 ecce
2260 3683 2291 3725 a
2337 3667 2525 3745 prima
2571 3684 2826 3745 persona
2872 3665 3198 3728 derivatum

624 3776 741 3838 est,
792 3775 849 3827 et
893 3767 1126 3829 videtur
1171 3766 1379 3828 modus
1423 3769 1509 3828 sic
1555 3784 1702 3827 esse.
1762 3767 1863 3827 sed
1913 3769 2175 3828 occurrit
2217 3765 2392 3837 illud,
2441 3771 2577 3846 quia
2620 3769 2835 3830 modus
2878 3786 3199 3846 numquam

623 3871 958 3947 currit-per
1003 3868 1149 3930 alios
1194 3869 1426 3939 modos,
1487 3868 1597 3930 hoc
1641 3876 1837 3930 autem
1894 3871 2081 3930 currit
2133 3888 2243 3949 per
2287 3869 2512 3932 modos.
2605 3889 2742 3932 ecce
2785 3870 3002 3949 legitur
3047 3870 3198 3931 indi-

624 3974 849 4052 cativus
895 3978 1010 4040 est,
1059 3970 1285 4049 legatur
1329 3973 1713 4050 imperativus
1744 3980 1864 4048 est,
1913 3973 2206 4052 optativus
2236 3973 2454 4033 utinam
2503 3972 2819 4051 legeretur,
2869 3973 3199 4033 coniuncti·
3231 3998 3288 4037 35

624 4092 731 4136 vus
796 4092 931 4134 cum
993 4072 1240 4151 legatur.
1331 4090 1472 4150 ergo
1540 4075 1587 4133 si
1654 4075 1840 4134 currit
1902 4093 2011 4154 per
2068 4072 2213 4135 alios
2272 4073 2504 4149 modoS,
2567 4093 2686 4135 non
2744 4080 2939 4154 potest
2993 4074 3205 4136 modus

624 4177 828 4238 videri.
918 4194 1115 4236 casum
1174 4177 1329 4237 enim
1386 4176 1671 4255 numquid
1728 4175 1862 4237 ideo
1918 4176 2204 4244 dicamuS,
2252 4176 2387 4255 quia
2431 4177 2617 4236 currit
2658 4194 2765 4254 per
2811 4174 2955 4236 alios
2999 4177 3202 4237 casus?

624 4282 708 4341 sic
763 4279 940 4339 etiam
998 4276 1208 4338 modus
1264 4296 1382 4338 non
1431 4275 1439 4358 Ι
1486 4285 1682 4358 potest
1726 4278 1873 4347 dici,
1932 4279 1984 4337 si
2039 4278 2224 4338 currit
2266 4296 2374 4357 per
2419 4276 2647 4339 modos,
2736 4280 2787 4339 si
2831 4296 2973 4356 ergo
3019 4280 3207 4339 currit

764 4453 797 4500 4
835 4451 993 4515 iunge
1031 4448 1240 4498 uerbum
1278 4448 1444 4498 ABG
1546 4449 1578 4500 6
1614 4448 1728 4499 volo
1768 4449 1932 4513 prima
1957 4474 2022 4483 —
2051 4447 2220 4514 legere
2257 4448 2365 4497 vult
2402 4464 2493 4501 om.
2526 4448 2570 4498 G
2669 4459 2746 4499 est
2779 4465 2870 4502 ona.
2912 4450 2978 4507 A,
3011 4449 3135 4501 add.
3170 4466 3205 4498 a

767 4521 796 4571 7
836 4519 1007 4585 iegere
1042 4517 1152 4567 uult
1181 4518 1273 4567 Ba
1312 4518 1480 4584 legere
1519 4520 1623 4569 uuit
1663 4519 1833 4585 legere
1869 4518 1919 4567 Α
2059 4534 2188 4581 quae
2226 4518 2375 4568 Boa
2401 4534 2550 4581 quam
2584 4518 2633 4566 A
2777 4520 2840 4569 12
2875 4517 3206 4585 inpersonaie

629 4599 705 4643 est
741 4590 950 4641 uerbum
993 4589 1086 4638 Ba
1136 4588 1452 4651 inpersonaie
1500 4590 1710 4638 uerbum
1750 4596 1828 4636 est
1863 4588 1925 4637 C:
1975 4590 2182 4638 verbum
2220 4604 2311 4638 om.
2342 4589 2390 4637 A
2531 4587 2598 4638 18
2642 4585 2753 4655 nec]
2797 4603 2898 4638 uon
2934 4590 2986 4639 B
3023 4604 3085 4638 ue
3123 4588 3203 4640 Cb

766 4661 829 4711 ‘21
867 4659 1081 4724 suscipit
1114 4659 1279 4709 ABG
1414 4661 1481 4710 27
1517 4661 1563 4709 si
1598 4675 1690 4711 om.
1725 4658 1801 4716 A,
1834 4659 1954 4708 add.
1990 4676 2023 4707 (ι
2159 4658 2228 4709 28
2267 4659 2400 4721 quod
2426 4673 2517 4710 om.
2554 4660 2622 4719 A,
2656 4659 2776 4709 add.
2814 4675 2847 4707 a
2987 4658 3057 4709 29
3092 4656 3198 4725 aut]

631 4747 693 4781 an
741 4733 781 4782 C
923 4729 991 4781 34
1025 4743 1117 4794 per
1155 4729 1331 4781 modos
1364 4745 1455 4783 om.
1493 4731 1559 4790 A,
1595 4730 1718 4782 add.
1758 4745 1792 4775 a
1931 4743 2044 4776 ecce
2070 4743 2162 4778 om.
2200 4727 2306 4778 BG
2458 4728 2523 4779 37
2563 4744 2711 4778 casus
2750 4730 2884 4778 enim
2922 4730 3033 4780 Ac
3064 4744 3200 4780 corr.

603 4816 802 4852 ·casum
851 4801 982 4851 enim
1023 4799 1091 4852 B.
1125 4799 1351 4864 fortasse
1385 4814 1554 4851 casum
1595 4800 1724 4848 enim
1761 4798 2001 4863 numquid
2043 4798 2094 4846 id
2132 4798 2348 4847 dicimus
2385 4798 2518 4862 quod
2559 4800 2714 4848 currit
