3541 5564
582 344 666 411 62
1700 342 2055 407 CLEDONII

633 470 675 511 p.
705 458 905 498 leis-20
933 454 977 497 P.

582 537 755 597 hinc
788 538 1169 598 facessat'.
1206 554 1277 595 ex
1309 553 1517 595 eorum
1549 535 1812 594 omnium
1844 531 2232 594 similitudine
2263 531 2513 592 aliorum
2545 530 2970 592 defectivorum
2997 549 3170 609 regu-

583 638 698 699 lam
729 641 1016 718 requires,
1043 672 1126 682 —
1150 637 1504 705 Notandum,
1530 654 1663 697 cum
1694 636 2077 715 imperativus
2107 633 2317 694 modus
2348 654 2382 694 o
2412 633 2606 694 littera
2638 635 2944 715 finituslsit,
2985 636 2994 707 Ι
3035 635 3173 694 facit

382 751 498 813 385,
526 753 557 801 5
585 750 780 801 tamen
826 740 1114 820 pluralem
1161 747 1334 801 cette.
1383 777 1469 785 —-
1513 741 1598 799 Vt
1641 738 1919 799 adsum:
1977 737 2180 797 adsum
2225 738 2287 796 in
2331 732 2640 815 conposito
2684 746 2849 796 caret
2892 738 3168 814 coniuga-

524 856 556 904 9
584 844 775 912 tione:
834 844 895 903 in
941 843 1197 923 simplici
1241 841 1503 903 secunda
1549 839 1938 918 intellegitur,
2000 840 2134 918 quia
2193 857 2322 899 sum
2381 858 2443 899 es
2500 848 2588 899 est
2631 837 2787 899 facit.
2841 871 2916 882 —
2964 837 3172 917 Liquet

582 947 758 1015 mihi,
805 944 865 1005 id
913 953 1004 1007 est
1046 947 1421 1007 manifestum
1469 951 1556 1005 est
1585 943 1759 1012 mihi,
1809 936 2190 1004 defecti‘vum:
2241 941 2381 1001 facit
2412 940 2684 1020 equidem
2716 939 2978 1019 liquebat
3006 940 3169 1009 mihi,
3195 954 3221 994 s

528 1060 558 1109 7
586 1056 856 1127 tempore
904 1056 1101 1108 tamen
1158 1048 1425 1128 perfecto
1482 1054 1672 1116 caret,
1744 1063 1862 1105 non
1922 1045 2078 1105 enim
2145 1042 2285 1103 sac-it
2340 1042 2536 1122 liquit.
2581 1078 2665 1088 —-
2726 1042 2943 1103 Soleo
3008 1043 3035 1101 f
3043 1061 3172 1102 axo

582 1148 866 1229 inpleo:
913 1149 1105 1219 soleo,
1153 1149 1353 1230 perdit
1397 1151 1553 1209 enim
1598 1156 1849 1226 tempus.
1912 1148 1974 1206 in
2021 1146 2343 1227 praeterito
2390 1146 2546 1205 enim
2594 1153 2864 1224 tempore
2898 1146 3011 1205 erit
3040 1163 3171 1224 pas-

512 1267 556 1331 ,8
581 1253 799 1321 sivum,
846 1251 1009 1312 soleo
1039 1251 1438 1330 solitusssum,
1486 1269 1620 1312 cum
1653 1252 1712 1309 in
1744 1252 2044 1328 praesenti
2074 1250 2323 1310 sormam
2354 1247 2570 1308 habeat
2599 1248 2790 1308 activi.
2825 1281 2908 1308 -τ-
2939 1246 3171 1306 Verba

584 1373 879 1436 quoque
926 1353 1448 1434 inpersonalia
1497 1372 1656 1414 cum
1701 1371 1829 1433 per
1862 1369 2113 1412 omnes
2144 1350 2395 1410 modos
2426 1349 2804 1411 declinari
2848 1350 3169 1428 possint,

585 1457 1082 1518 inveniuntur
1138 1457 1489 1536 quaedam
1549 1455 1952 1524 defectiva,
2022 1464 2098 1514 ut
2154 1452 2410 1534 liquet
2449 1454 2788 1513 miseret:
2855 1451 3173 1512 miserebat
3200 1462 3242 1499 10

585 1566 781 1638 potest
824 1560 1048 1628 facere,
1096 1578 1214 1638 quo
1246 1559 1420 1619 modo
1452 1557 1637 1638 liquet
1667 1556 1946 1637 liquebat.
2024 1574 2160 1616 nam
2191 1557 2461 1615 miseruit
2491 1574 2607 1615 non
2639 1555 2803 1623 facit,
2852 1573 2968 1633 quo
2998 1554 3173 1614 modo

587 1680 696 1721 nec
743 1662 930 1740 liquit.
1008 1659 1184 1721 verba
1229 1659 1626 1741 inpersoualia
1659 1669 1936 1739 corrupta
1967 1678 2075 1738 per
2107 1677 2313 1718 omnes
2343 1657 2550 1717 modos
2581 1655 2972 1717 declinantur.
3037 1675 3171 1716 nam

589 1763 718 1833 alii,
767 1766 868 1843 qui
915 1763 1197 1825 adserunt
1241 1782 1422 1842 nsque
1469 1764 1539 1823 ad
1589 1764 1981 1843 inperativum
2027 1759 2340 1829 declinari,
2399 1760 2407 1840 Ι
2446 1760 2792 1820 auctoritate
2837 1761 3168 1819 vincuntur.

1618 1933 1710 1994 DE
1754 1932 2129 1994 ADVERBIO

495 2063 556 2110 11
754 2052 1199 2114 Adverbium
1248 2061 1358 2113 est
1403 2072 1576 2133 pars
1622 2054 2027 2120 orationiS,
2087 2069 2278 2128 quae
2333 2049 2625 2112 adiecta
2672 2050 2895 2110 verbo
2939 2052 3243 2127 sigui-15

585 2156 1028 2217 ficationem
1064 2155 1335 2235 (adicitur
1367 2155 1546 2228 verbo
1577 2173 1816 2235 semper
1847 2153 2223 2223 adverbium,
2272 2153 2427 2215 unde
2458 2163 2516 2214 et
2547 2152 2892 2215 adverbium
2925 2151 3168 2228 dictum)

586 2260 743 2320 eius
799 2265 924 2320 aut
981 2256 1307 2334 complet
1351 2266 1472 2318 aut
1516 2258 1783 2317 minuit
1839 2255 1923 2333 (ut
1966 2264 2056 2317 est
2101 2254 2253 2315 bene
2311 2254 2473 2333 lego,
2534 2255 2686 2315 male
2732 2254 3049 2334 describo),
3097 2262 3175 2315 ut

588 2362 808 2421 etiam
873 2361 1141 2420 faciam
1189 2359 1300 2419 vel
1357 2379 1499 2420 non
1559 2361 1844 2420 faciam.
1933 2357 2283 2418 adverbia
2343 2366 2464 2418 aut
2511 2350 2550 2418 'a
2608 2377 2684 2419 se
2730 2365 3169 2418 nascuntur:

586 2465 1080 2541 significationem
1126 2471 1267 2522 tunc
1322 2461 1607 2542 complet,
1669 2459 1791 2540 [ut]
1842 2480 1975 2521 cum
2022 2459 2269 2523 dicimus
2314 2464 2334 2493 ‘
2349 2461 2608 2539 pessime
2654 2461 2873 2520 recito'
2921 2463 3173 2539 ‘optime

588 2566 866 2644 peroro'.
931 2584 969 2619 a
1026 2567 1322 2643 integrum
1371 2573 1476 2625 est.
1535 2567 1584 2624 si
1617 2562 1748 2624 dico
1794 2563 1947 2622 ‘iam
1993 2564 2257 2631 saciam',
2306 2565 2529 2623 firmavi
2557 2556 2730 2643 ’quod
2780 2563 3073 2643 disposui:
3123 2565 3244 2623 sisu

588 2668 718 2727 dico
764 2669 923 2727 ‘non
972 2669 1239 2737 faciam'‚
1294 2668 1609 2736 infirmavi,
1659 2664 1819 2743 quod
1867 2683 1984 2725 non
2032 2664 2171 2727 dixi.
2245 2684 2277 2725 a
2320 2685 2385 2726 se
2431 2668 2717 2744 originem
2765 2666 3008 2737 ducunt,
3057 2685 3171 2726 non

501 2790 562 2836 15
590 2771 743 2831 enim
803 2769 1026 2831 habent
1086 2770 1406 2846 originem,
1476 2768 1635 2829 unde
1691 2775 2029 2829 nascantur.
2093 2803 2161 2811 -
2231 2771 2276 2828 Α
2336 2766 2722 2839 vocabulo,
2771 2776 2848 2830 ut
2902 2771 3172 2831 ostium

589 2875 953 2940 ostiatim:
1013 2891 1042 2931 a
1106 2873 1574 2952 pronomine,
1637 2878 1713 2930 ut
1779 2872 2073 2932 meatim
2130 2873 2429 2932 tuatim:
2487 2873 2745 2932 ostiatim
2790 2892 2900 2951 per
2945 2872 3172 2950 singula

506 2994 564 3042 16
592 2977 771 3045 ostia,
820 2976 1058 3034 meatim
1106 2993 1240 3035 meo
1286 2992 1482 3046 more,
1534 2976 1735 3034 tuatim
1785 2981 1882 3032 tuo
1929 2992 2115 3033 more.
2167 3007 2240 3017 —
2285 2972 2859 3053 pedetemptim:
2907 2974 3004 3036 hic
3050 2995 3171 3054 peS,

589 3078 853 3157 temptim
900 3085 1100 3136 teneo:
1151 3094 1291 3153 ergo
1324 3077 1489 3152 quasi
1522 3074 1683 3136 dicas
1711 3075 1927 3155 pedem
1961 3083 2151 3136 teneo.
2203 3110 2277 3118 --
2325 3075 2612 3135 Adverbia
2645 3075 2720 3135 ab
2751 3075 3115 3156 appellativis
3161 3077 3167 3156 Ι
3196 3098 3242 3137 25

591 3180 679 3240 vel
726 3180 983 3257 propriis
1028 3176 1367 3239 nominibus
1413 3197 1561 3256 quae
1607 3179 1851 3238 veniunt
1893 3197 2131 3258 semper
2177 3179 2238 3237 in
2287 3197 2318 3237 e
2362 3178 2713 3257 productam
2760 3187 3003 3248 exeunt,
3061 3180 3170 3237 ista

591 3290 786 3342 tamen
832 3299 982 3359 quae
1027 3299 1058 3340 a
1105 3288 1265 3340 recta
1311 3281 1739 3357 significatione
1797 3280 2187 3341 descendunt.
2278 3299 2411 3340 nam
2470 3279 2625 3340 hene
2673 3287 2730 3340 et
2774 3279 2926 3340 male
2974 3280 3171 3339 brevia

500 3404 563 3451 15
587 3392 754 3452 sunt,
804 3392 861 3443 et
905 3382 1003 3442 illa
1049 3384 1227 3442 etiam
1261 3359 1421 3461 ⁸quae
1468 3384 1759 3459 originem
1804 3401 1922 3442 non
1967 3382 2216 3451 babent,
2265 3391 2331 3441 ut
2360 3384 2472 3442 rite
2503 3400 2701 3461 saepe.
2740 3418 2810 3426 —
2845 3385 2888 3443 A
2922 3381 3170 3446 verbo.

587 3493 663 3546 ut
707 3487 985 3547 cursim
1033 3486 1398 3545 strictim:
1447 3484 1724 3545 adverbia
1772 3503 1924 3567 quae
1970 3484 2045 3544 ab
2091 3484 2220 3544 aliis
2265 3485 2509 3544 veniunt
2553 3503 2622 3544 ex
2670 3484 2761 3545 his
2808 3483 2996 3544 tribus
3041 3502 3172 3563 par·

502 3608 562 3654 1ss
590 3589 742 3648 tibus
788 3590 937 3648 liunt
979 3593 1235 3656 tantum,
1286 3606 1356 3647 ex
1405 3588 1643 3647 nomine
1688 3588 2040 3665 pronomine
2077 3586 2276 3646 verbo.
2331 3621 2399 3629 —
2452 3586 2900 3665 Participio,
2946 3593 3023 3645 ut
3064 3588 3244 3645 in-ao

590 3688 900 3767 dulgens
945 3688 1451 3766 indulgenter.
1502 3708 1532 3748 a
1581 3690 1879 3749 nomine
1923 3689 2307 3749 venientia
2352 3689 2587 3749 autin
2635 3707 2664 3748 a
2715 3696 3054 3749 exeunt*
3101 3691 3169 3747 in

587 3799 935 3870 correpta
991 3799 1066 3851 ut
1119 3792 1291 3851 rite:
1351 3790 1449 3851 hic
1494 3794 1713 3852 erravit
1754 3791 2035 3852 DonatuS.
2125 3809 2258 3850 nam
2305 3789 2463 3851 nulla
2507 3787 2852 3873 particillpia
2898 3790 3173 3852 adverbia

588 3914 658 3954 ex
715 3912 779 3954 se
836 3895 1072 3954 faciunt.
1164 3912 1300 3955 nam
1357 3895 1415 3952 in
1475 3901 1703 3954 tantum
1746 3892 2062 3971 indulgens
2108 3911 2324 3954 nomen
2369 3902 2486 3962 est,
2538 3901 2601 3954 ut
2644 3894 2895 3972 recipiat
2937 3911 3170 3973 compa-

586 3998 908 4065 rationem,
955 3995 1270 4074 indulgens
1313 3995 1715 4075 indulgentior
1758 3996 2337 4074 indulgeutissimus,
2387 3995 2543 4056 unde
2588 3999 2653 4056 fit
2696 4004 2759 4057 ut
2802 4016 2920 4057 non
2967 3997 3170 4058 creda·

727 4187 849 4239 Cod.
889 4185 1047 4234 Bern.
1090 4185 1137 4234 X
1175 4184 1373 4233 8-X1
1414 4182 1491 4235 1*.
1636 4184 1660 4234 1
1701 4184 2033 4235 similitudine
2139 4182 2468 4234 defectiorum
2592 4185 2626 4234 2
2661 4184 2908 4253 requires]
2951 4187 3171 4250 sequerit

722 4257 755 4306 3
797 4267 846 4304 ut
883 4259 934 4314 (a
975 4271 1085 4303 sum
1122 4255 1245 4307 add.
1285 4257 1354 4305 al.
1392 4255 1549 4316 man.)
1581 4257 1762 4303 adsum
1804 4256 1963 4304 adnnt
2001 4255 2050 4301 in
2092 4254 2357 4319 conposito
2490 4258 2521 4306 5
2560 4256 2778 4306 desectio
2931 4257 2990 4307 11
3029 4264 3169 4321 potes

730 4326 793 4376 12
829 4340 921 4373 nee
960 4326 1099 4374 licuit
1240 4335 1470 4389 correpta
1613 4324 1676 4375 13
1714 4325 1816 4373 alia
1854 4326 1940 4387 qui
1981 4325 2288 4373 adseruntur
2428 4326 2693 4376 autoritate
2729 4327 2958 4376 uincatur
2993 4328 3169 4376 aduer-

586 4396 726 4445 bium
769 4404 846 4445 est
883 4396 1182 4444 aduerbium
1219 4404 1295 4443 est
1333 4409 1451 4457 pars
1596 4395 1661 4445 15
1711 4411 1840 4457 quae
1886 4410 1979 4444 om.
2125 4395 2282 4442 uerba
2323 4395 2701 4461 significatione
2844 4397 2908 4447 16
2944 4394 3164 4462 semper]

588 4481 696 4514 sem
842 4466 901 4514 17
940 4466 1162 4515 discribo
1308 4465 1372 4513 15)
1411 4465 1655 4513 discimus
1681 4469 1848 4528 (corr.
1892 4466 2138 4525 dicimus)
2176 4465 2372 4529 primae
2407 4469 2560 4515 recito
2594 4469 2815 4531 optimae
2851 4483 3035 4532 peroro

586 4536 650 4586 21
692 4537 866 4585 dicunt
890 4551 1028 4589 corr.
1066 4539 1135 4585 al.
1173 4552 1301 4585 man.
1338 4535 1529 4584 ducunt
1669 4538 1735 4585 22
1775 4532 1931 4600 enim]
1977 4546 2143 4585 tamen
2296 4537 2361 4584 25
2394 4552 2517 4602 ergo
2552 4538 2735 4602 pedem
2772 4547 2917 4586 teneo
2955 4539 2998 4587 si
3033 4538 3168 4586 dicas

723 4605 791 4656 26
826 4608 1071 4672 producta
1213 4606 1282 4656 28
1306 4603 1483 4670 saepe]
1523 4620 1725 4670 semper
1866 4606 1933 4657 33
1966 4622 2028 4656 ex
2060 4621 2116 4656 se
2151 4604 2361 4670 faciunt]
2404 4616 2591 4654 exeunt
2730 4608 2798 4658 34
2836 4617 3035 4658 creatur

726 4779 796 4829 20
836 4781 1087 4846 integrum
1135 4787 1215 4829 est
1246 4753 1321 4828 aei
1351 4779 1675 4839 definitionem
1714 4778 1943 4830 adverbii
1979 4781 2242 4844 pertinere
2275 4779 2497 4845 videtur,
2537 4784 2768 4844 quoniam
2799 4782 2994 4832 verbum
3030 4783 3171 4832 etiam

591 4864 689 4901 non
726 4850 898 4901 addito
925 4852 1164 4902 adverbio
1199 4852 1439 4916 integrum
1476 4860 1566 4902 ese.
1604 4853 1775 4916 itaque
1810 4853 2036 4900 lacunam
2070 4851 2292 4901 indicavi
