3541 5564
1594 363 1739 428 ARS
2883 357 2960 421 11

2567 481 2611 524 p.
2641 470 2755 511 1862.
2783 470 2835 510 63
2860 467 2908 509 Ρ.

381 552 593 631 gradus
618 571 854 633 semper
887 555 1126 633 generis
1159 554 1489 615 communis
1525 559 1633 614 est.
1662 586 1742 599 —
1767 551 2132 615 Ablativo:
2164 551 2355 613 tribus
2378 549 2614 612 casibus
2645 552 2841 620 servit,
2883 547 2943 609 id
2969 556 3085 619 355,
3119 557 3180 605 12

382 663 466 715 est
492 653 760 725 ablativo,
800 657 1055 735 septimo
1093 658 1270 726 casui.
1304 664 1361 716 et
1391 657 1746 717 nominativo
1781 654 2005 716 adiecta
2040 673 2216 734 quam
2238 652 2546 734 particula.
2574 653 2955 732 -Super-
2991 668 3053 718 13

378 757 650 818 lativus
673 759 1021 836 genetivo
1052 766 1326 819 tantum
1354 757 1658 837 plurali:
1696 758 2011 818 dicimus
2043 758 2234 817 enim
2262 755 2742 817 doctissimus
2777 757 2955 816 ami·

379 878 657 920 corum:
692 867 748 919 et
777 868 922 921 tunc
951 860 1067 921 boc
1099 861 1368 930 dicimuS,
1402 860 1637 940 quando
1669 858 1923 939 aliquem
1958 860 2031 920 de
2062 865 2264 921 nostro
2296 876 2515 937 genere
2547 866 2648 919 aut
2671 858 2744 919 de
2768 856 2960 938 aliqua

331 984 356 1025 5
381 961 741 1041 professione
771 963 1186 1040 significamus,
1248 962 1606 1040 singularem
1639 970 1838 1024 autem
1869 979 2182 1022 numerum
2213 964 2292 1023 ita
2324 960 2604 1031 admittit,
2637 962 2687 1021 si
2716 962 2960 1040 positio·

376 1082 508 1125 nem
542 1063 754 1125 babeat
786 1063 1163 1142 singularem,
1201 1064 1567 1125 intellectum
1602 1062 1911 1145 pluralem,
1950 1071 2015 1125 ut
2036 1064 2401 1125 fortissimus
2430 1062 2670 1124 Troiani
2699 1063 2955 1142 generis.

375 1198 455 1211 —-
476 1165 597 1227 Est
627 1168 1076 1246 epicoenon:
1108 1168 1264 1227 inter
1298 1168 1625 1246 epicoenon
1657 1174 1716 1227 et
1745 1183 2059 1227 commune
2091 1165 2203 1226 hoc
2233 1168 2501 1227 interest.
2550 1184 2863 1226 commune
2894 1167 2955 1226 in
2984 1182 3044 1231 17
3087 1232 3098 1241 ,

375 1266 634 1328 articulis
679 1267 796 1328 duo
842 1285 1061 1346 genera
1099 1266 1110 1350 1
1150 1268 1630 1349 comprehendit:
1689 1268 1942 1329 dicimus
1998 1269 2156 1327 enim
2215 1267 2309 1328 hic
2356 1275 2414 1327 et
2456 1267 2604 1328 haec
2647 1267 2958 1328 sacerdos:

376 1373 699 1449 epicoenon
731 1388 947 1438 unum:
982 1369 1231 1431 dicimus
1263 1372 1421 1433 enim
1451 1370 1549 1431 hic
1577 1388 1783 1450 passer
1814 1378 1872 1431 et
1903 1368 2048 1431 baec
2073 1369 2284 1450 aquila.
2314 1403 2383 1413 -
2414 1368 2693 1441 Quibus
2723 1368 2955 1430 modis
2979 1384 3041 1434 21

304 1496 351 1536 ιο
378 1475 663 1534 nomina
709 1474 1273 1551 conponuntur?
1316 1473 1469 1534 1111.
1517 1490 1601 1533 ex
1630 1471 1919 1534 duobus
1949 1473 2365 1552 corruptis:
2397 1472 2520 1552 ipsa
2553 1473 2790 1533 nomina
2822 1473 2961 1532 sim·

374 1574 544 1655 plicia
578 1583 717 1636 sunt
745 1591 901 1651 quae
932 1592 1002 1634 ex
1034 1573 1261 1635 duobus
1292 1576 1591 1654 corruptis
1634 1581 1937 1643 constant:
1987 1593 2139 1654 quae
2186 1593 2257 1634 ex
2302 1582 2582 1653 corrupto
2626 1581 2685 1635 et
2728 1575 2961 1652 integro

374 1675 464 1737 vel
508 1696 580 1737 ex
626 1678 861 1755 integro
906 1683 965 1737 et
1007 1685 1287 1756 corrupto
1333 1675 1425 1737 vel
1468 1696 1538 1737 ex
1580 1675 1810 1737 duobus
1851 1678 2098 1756 integris
2141 1677 2389 1745 luerint,
2438 1678 2763 1756 composita
2795 1684 2949 1739 sunt.
2978 1693 3042 1740 22

374 1813 453 1823 —-
492 1782 575 1840 Vt
605 1779 910 1841 el'l'icax:
961 1797 1067 1859 pro
1100 1780 1390 1849 efficienS,
1438 1779 1754 1845 adfacienS.
1788 1814 1871 1822 —
1913 1780 1996 1839 vt
2040 1777 2562 1857 nugigerulus:
2612 1798 2719 1859 pro
2751 1796 2953 1857 nugas.
2981 1794 3046 1843 24

538 1884 583 1943 Α
611 1881 717 1942 vel
742 1900 806 1951 o,
834 1890 1072 1962 praeter
1096 1882 1317 1944 deabus
1334 1881 1624 1943 mimabus
1647 1879 1919 1942 mulabus
1942 1879 2219 1942 asinabus
2244 1880 2506 1960 equabus
2530 1880 2777 1949 filiabus,
2805 1899 2954 1961 quae
2978 1897 3096 1958 356,
3123 1898 3185 1946 31

307 2005 351 2044 ιε
379 2002 550 2046 causa
584 2002 763 2044 sexus
794 1983 1060 2045 anomala
1105 1990 1271 2053 sunt,
1320 1983 1606 2045 suerint
1653 1985 2088 2052 terminata,
2135 1990 2197 2043 ut
2239 1983 2399 2043 Musa
2429 1982 2727 2045 Musarum
2759 1984 2959 2054 Musis,

377 2087 799 2164 genetivum
831 2085 1195 2165 pluralem
1228 2088 1300 2146 in
1332 2104 1486 2147 rum
1518 2087 1845 2154 mittunt,
1880 2084 2210 2146 dativum
2245 2092 2312 2145 et
2341 2084 2742 2145 ablativum
2776 2087 2846 2146 in
2878 2087 2958 2146 is.

373 2188 773 2267 intellegimus
805 2190 998 2258 etiam,
1032 2188 1269 2268 quando
1301 2195 1596 2267 correpta,
1630 2186 1867 2267 quando
1897 2185 2188 2266 producta
2220 2188 2295 2248 sit
2325 2205 2358 2247 ε
2400 2186 2596 2248 littera
2617 2188 2675 2247 in
2711 2186 2961 2259 ablativo

372 2289 682 2370 singulari:
743 2297 1020 2370 correpta
1067 2299 1184 2361 est,
1233 2292 1282 2352 si
1328 2308 1457 2351 eam
1506 2292 1518 2365 1
1556 2291 1615 2349 iu
1661 2289 1935 2367 genetivo
1966 2286 2179 2367 plurali
2211 2307 2329 2349 non
2363 2288 2599 2357 reddat,
2650 2296 2716 2349 ut
2745 2287 2819 2349 ab
2850 2289 2982 2351 hoc

373 2411 627 2473 corpore
693 2410 1041 2472 corporum,
1113 2390 1360 2453 muliere
1427 2390 1770 2459 mulierum:
1832 2392 1882 2451 si
1952 2397 2150 2451 autem
2219 2409 2288 2451 ex
2361 2389 2612 2451 ablativo
2676 2390 2964 2469 singulari

299 2516 349 2556 zo
373 2513 438 2556 se
481 2497 545 2555 in
588 2496 860 2573 genetivo
903 2493 1122 2574 plurali
1153 2494 1501 2562 detinuerit,
1549 2492 1836 2573 producta
1870 2499 1986 2564 est,
2033 2500 2098 2553 ut
2127 2491 2201 2553 ab
2235 2491 2346 2552 hac
2374 2493 2571 2571 specie
2603 2494 2960 2573 specierum,

373 2596 448 2658 ab
478 2596 590 2658 hac
617 2614 685 2657 re
711 2613 931 2657 rerum.
967 2631 1036 2641 —
1072 2597 1142 2657 Si
1167 2616 1201 2658 e
1231 2604 1610 2675 correpta:
1646 2614 1679 2656 e
1710 2582 2046 2675 correptam
2077 2595 2217 2656 hinc
2248 2594 2537 2665 advertes,
2566 2596 2618 2655 si
2648 2597 2955 2674 genetivus
2980 2614 3045 2663 34

374 2700 424 2759 is
457 2698 636 2760 fuerit
663 2699 1042 2767 terminatus,
1078 2707 1143 2760 ut
1172 2697 1347 2759 huius
1377 2698 1649 2778 parietis;
1684 2700 1733 2758 si
1763 2705 1962 2760 autem
1993 2699 2055 2758 in
2088 2698 2144 2758 ei
2184 2697 2431 2766 miserit,
2467 2716 2499 2756 ε
2528 2697 2814 2777 producta
2851 2704 2957 2768 est,

374 2801 550 2862 huius
579 2800 695 2861 diei
725 2800 939 2861 harum
968 2801 1229 2869 dierum,
1277 2808 1335 2861 et
1363 2802 1529 2881 siqua
1559 2800 1713 2861 talia.
1755 2835 1824 2845 -—-
1877 2801 1947 2862 Si
1978 2800 2156 2881 prod
2175 2807 2370 2862 ucta:
2405 2807 2471 2860 ut
2499 2801 2728 2880 species
2758 2802 2952 2880 speci·
2979 2819 3046 2869 35

376 2921 561 2964 erum.
601 2936 672 2946 —-
708 2903 1084 2964 Geminata
1114 2922 1153 2964 u
1184 2902 1480 2964 littera:
1516 2910 1582 2964 ut
1611 2921 1799 2964 cornu
1833 2922 2140 2965 cornuum.
2181 2938 2250 2982 -,-
2289 2904 2515 2964 Casus
2546 2904 2950 2964 nominum:
2978 2923 3095 2984 355,
3123 2923 3189 2972 25

300 3027 351 3067 ετ»
377 3023 547 3066 casus
589 3024 622 3066 a
666 3005 933 3066 cadendo
981 3004 1148 3077 dicti,
1206 3005 1362 3085 quod
1408 3004 1585 3066 alium
1632 3023 1830 3066 casum
1878 3005 2308 3066 demonstrent.
2349 3003 2656 3086 [quartae
2700 3004 2960 3066 declina-

374 3105 579 3188 tionis]
623 3108 928 3187 genetivus
957 3106 1273 3186 singularis
1304 3109 1353 3167 si
1384 3106 1594 3169 similis
1626 3107 1802 3168 fuerit
1858 3109 2244 3178 nominativo,
2295 3115 2352 3168 et
2395 3107 2720 3169 vocativum
2753 3124 2958 3186 parem

375 3208 642 3278 habebit,
690 3210 1024 3287 genetivum
1068 3208 1358 3289 pluralem
1406 3209 1465 3269 in
1511 3227 1650 3269 uum
1697 3211 1905 3277 mittit,
1952 3209 2207 3271 dativum
2257 3217 2315 3271 et
2369 3209 2683 3271 ablativum
2726 3212 2790 3270 in
2833 3211 2959 3284 bttS,

375 3310 471 3370 hic
515 3310 729 3373 fluctus
772 3311 946 3371 huius
991 3311 1198 3371 fluctus
1242 3310 1453 3372 horum
1487 3311 1767 3372 fluctuum
1809 3307 1818 3391 Ι
1859 3309 1950 3371 his
1986 3320 2045 3371 et
2087 3311 2161 3373 ab
2193 3312 2284 3373 his
2313 3311 2605 3373 fluctibus.
2683 3313 2732 3373 si
2763 3321 2957 3374 autem

377 3410 679 3473 dissimilis
723 3413 903 3473 suerit
944 3413 1248 3491 genetivus
1293 3431 1324 3474 a
1371 3414 1757 3482 nominativo,
1807 3414 2130 3474 vocativum
2178 3415 2238 3474 in
2284 3433 2316 3475 e
2363 3414 2571 3484 mittit,
2619 3415 2956 3491 genetivum

303 3539 353 3578 3⁰
381 3513 667 3593 pluralem
712 3515 772 3574 in
817 3533 970 3584 rum,
1020 3514 1273 3574 dativum
1306 3522 1366 3575 et
1409 3514 1723 3576 ablativum
1754 3517 1815 3575 in
1862 3517 1940 3586 is,
1990 3515 2147 3575 docti
2179 3515 2389 3577 horum
2424 3515 2732 3577 doctorum
2764 3514 2854 3576 his
2900 3525 2958 3578 et

379 3614 451 3675 ab
495 3614 584 3675 his
629 3615 833 3676 doctis
910 3616 1013 3676 sed
1059 3624 1118 3676 et
1162 3617 1356 3677 varius
1398 3603 1713 3676 interdum'
1743 3619 2066 3678 vocativum
2110 3619 2171 3678 in
2217 3619 2237 3677 i
2284 3619 2489 3687 mittit,
2547 3619 2682 3697 quia
2740 3636 2954 3679 secun·-

379 3716 489 3775 ‹lae
532 3715 972 3789 declinationiS,
1021 3727 1086 3779 ut
1132 3717 1380 3786 Salusti;
1430 3718 1657 3797 antiqui
1701 3720 1761 3778 in
1809 3738 1904 3785 us,
1954 3726 2019 3779 ut
2057 3719 2332 3797 Virgilius

515 3955 636 4005 Cod.
676 3956 836 4006 Bern.
882 3955 896 4002 1
935 3954 1136 4009 3*-5.
1281 3957 1306 4006 1
1346 3957 1584 4006 ablatibis
1622 3957 1783 4006 tribus
1920 3958 2078 4014 seruit
2116 3966 2164 4008 et
2203 3958 2419 4008 ablatibo
2561 3962 2592 4009 5
2642 3960 2954 4026 singularem

377 4034 542 4074 autem
588 4025 813 4074 itamittis
861 4027 903 4076 si
1044 4027 1074 4075 7
1119 4032 1195 4073 est
1241 4028 1538 4090 epicoenum
1564 4027 1749 4080 .(corr.
1790 4026 1909 4088 —ou)
1949 4028 2079 4076 inter
2123 4029 2422 4093 epicoenum
2467 4027 2624 4093 (corr.
2666 4032 2783 4092 -on)
2923 4031 2957 4081 9

378 4097 671 4160 epicoenum
708 4110 846 4146 corr.
884 4111 973 4143 -on
1120 4095 1178 4144 ll
1228 4103 1346 4145 sunt
1381 4113 1445 4145 ex
1590 4097 1652 4146 17
1699 4096 2044 4162 intellegimus
2080 4105 2128 4147 et
2164 4099 2210 4148 si
2246 4099 2449 4160 quando
2589 4098 2677 4164 sit]
2716 4101 2818 4149 sint

379 4165 446 4213 20
483 4165 761 4215 detenuerit
897 4167 961 4216 21
1012 4181 1064 4213 re
1102 4180 1193 4216 om.
1339 4168 1385 4214 si
1434 4182 1461 4214 e
1499 4179 1728 4230 correpta
1765 4184 1793 4215 e
1829 4177 2064 4232 correpta
2098 4168 2217 4218 hinc
2253 4170 2524 4218 aduertens
2664 4172 2731 4219 22
2768 4166 2833 4233 is]
2875 4168 2956 4220 his

513 4236 579 4284 23
612 4232 812 4300 harum]
852 4249 992 4285 arum
1134 4236 1200 4284 24
1231 4238 1487 4301 geminata
1522 4237 1569 4284 ai
1607 4235 1773 4286 littera
1881 4239 1949 4288 25
1982 4238 2147 4287 dictus
2266 4239 2332 4288 26
2370 4240 2736 4288 nominatiuum
2770 4249 2818 4288 et

379 4305 444 4354 ‘27
481 4305 530 4352 in
572 4307 661 4354 bus
690 4321 781 4357 om.
927 4304 994 4355 28
1025 4304 1107 4354 hic
1141 4306 1287 4354 lletus
1321 4322 1459 4359 corr.
1500 4305 1583 4354 hic
1620 4307 1802 4356 {luctus
1939 4307 2008 4357 29
2041 4309 2305 4358 uoratiuus
2445 4309 2715 4374 genetiuus
2746 4309 2957 4373 pluralis

517 4374 585 4424 30
620 4376 819 4424 datiuus
854 4383 903 4424 et
938 4375 1193 4424 ablatiuus
1229 4376 1279 4424 in
1315 4375 1395 4426 his
1422 4376 1584 4426 doctis
1611 4376 1788 4426 horum
1931 4375 1994 4427 31
2037 4377 2149 4444 sed]
2180 4380 2254 4427 sic
2398 4379 2658 4428 uocatiuus

522 4580 583 4631 13
609 4581 832 4643 sortasse
873 4591 925 4630 ut
960 4580 1144 4630 efficax
1182 4597 1273 4646 pro
1312 4581 1556 4644 efficiens,
1596 4591 1650 4631 ut
1684 4583 2019 4649 nugigerulus
2055 4599 2147 4648 pro
2177 4599 2340 4651 nugas
2375 4584 2612 4633 adferens
2715 4585 2776 4635 14
2802 4587 2958 4637 verba

379 4651 675 4711 perturbata
719 4658 769 4701 el
795 4667 828 4700 a
861 4667 951 4701 suo
980 4654 1088 4701 loco
1125 4659 1315 4702 remota
1352 4653 1403 4700 in
1431 4655 1605 4701 iustum
1638 4653 1859 4702 ordinem
1888 4656 1960 4703 ita
1988 4656 2217 4706 videntur
2251 4655 2561 4705 restituenda
2588 4670 2715 4719 esse,
2747 4671 2777 4704 a
2813 4660 2890 4707 vel
2926 4673 2955 4706 o

386 4719 569 4768 luerint
601 4721 896 4783 terminata,
933 4725 1224 4786 genetivum
1264 4721 1511 4787 pluralem
1550 4722 1598 4771 iu
1638 4737 1746 4770 runi
1799 4724 2024 4785 mittunt,
2060 4725 2284 4774 dativum
2323 4734 2370 4773 et
2403 4725 2674 4774 ablativum
2713 4727 2761 4774 in
2798 4728 2860 4785 is,
2905 4738 2956 4776 ut

383 4787 526 4838 Musa
572 4788 821 4839 Musarum
870 4790 1056 4848 Musis,
1105 4802 1305 4857 praeter
1347 4791 1540 4840 deabus
1588 4792 1839 4842 mimabus
1890 4793 2123 4845 mulabus
2168 4795 2410 4844 asinabus
2459 4795 2687 4857 equabus
2733 4795 2952 4861 filiabus,

384 4872 514 4921 quae
549 4874 699 4909 causa
729 4875 883 4910 sexus
918 4863 1150 4912 anomala
1184 4870 1318 4910 sunt.
1362 4861 1479 4909 hinc
1517 4860 1864 4928 intellegimus
2005 4864 2071 4915 32
2109 4861 2383 4932 Virgilius]
2419 4863 2548 4914 Aen.
2584 4865 2701 4914 wll
2740 4866 2805 4915 77
