3541 5564
1390 363 1861 427 COMMENTVM
2806 362 2926 427 183

2556 488 2598 527 p.
2631 477 2803 516 issss-ssss
2831 474 2876 514 I,-

339 555 509 616 ‘tulit
564 554 637 615 ab
691 552 826 614 illo’
886 553 1018 614 dico
1083 553 1291 623 latine,
1361 552 1527 613 ‘tulit
1580 553 1654 615 ab
1711 551 1899 614 illius’
1959 553 2162 614 dicunt
2217 535 2448 615 Graeci.
2538 554 2683 616 baec
2729 561 2922 615 autem

339 658 618 718 discretio
675 675 790 717 non
850 666 938 716 est
992 657 1049 717 in
1109 675 1275 726 casu,
1334 655 1434 715 sed
1495 662 1585 716 est
1641 658 1700 715 in
1745 673 1918 717 sensu
1964 663 2191 717 tantum
2240 656 2432 717 modo.
2523 659 2674 717 scire
2730 665 2924 717 antem

342 759 626 820 debemus
671 761 948 840 qnoniam
997 759 1108 819 hoc
1154 759 1413 819 officium
1459 757 1780 820 auferentis
1812 757 1997 839 [quod
2043 758 2368 820 auferentis
2414 758 2527 839 est]
2575 757 2924 820 translatum

340 870 427 923 est
470 881 502 922 a
550 860 562 943 Ι
610 864 881 940 genetivo
936 863 995 921 in
1052 859 1397 936 ablativum,
1459 860 1613 941 quod
1672 861 1884 922 Graeci
1941 860 2053 922 hoc
2108 880 2215 940 per
2271 863 2605 940 genetivum
2655 855 2968 923 utunturs

286 964 566 1026 sdativus
623 963 815 1025 dictus
871 970 960 1024 est
1015 962 1089 1024 ab
1150 982 1249 1033 eo,
1312 963 1465 1041 quod
1523 983 1632 1043 per
1676 965 1870 1043 ipsum
1918 963 2298 1025 ostendamus
2344 983 2450 1024 nos
2494 963 2708 1043 aliquid
2758 963 2918 1032 dare,

335 1074 472 1146 puta
521 1066 634 1126 ‘da
679 1065 820 1134 illi’,
884 1065 994 1125 ‘da
1047 1064 1260 1126 mibi':
1335 1065 1471 1125 ideo
1530 1065 1758 1126 dativus
1815 1065 2006 1126 dictus
2053 1074 2167 1136 est,
2228 1066 2382 1146 quod
2429 1084 2537 1147 per
2583 1069 2772 1147 ipsum
2819 1067 2922 1126 de-

334 1187 491 1236 mus,
554 1176 695 1247 puta
744 1166 850 1227 ‘da
908 1169 1183 1239 oratori',
1234 1167 1342 1228 ‘da
1389 1170 1830 1246 grammatico'.
1905 1170 2294 1238 accusativus,
2344 1168 2497 1245 quod
2561 1187 2669 1248 per
2725 1170 2922 1248 ipsum

331 1287 709 1339 accusemuS,
768 1277 909 1349 puta
954 1275 1201 1332 ‘accuso
1271 1269 1491 1331 illum'.
1584 1272 1906 1340 vocativus,
1977 1270 2133 1350 quod
2201 1288 2308 1349 per
2362 1272 2557 1350 ipsum
2625 1289 2915 1340 vocemus,

330 1392 365 1432 o
412 1373 654 1441 Cicero,
704 1391 738 1431 o
786 1379 1004 1432 orator.
1094 1372 1382 1434 ablativus
1426 1372 1618 1434 dictus
1664 1379 1778 1444 est,
1827 1371 1982 1452 quod
2028 1390 2137 1451 per
2181 1373 2370 1453 ipsum
2419 1372 2638 1450 aliquid
2686 1373 2916 1434 aufera-

252 1494 302 1531 ιο
330 1495 491 1545 ιιιιιε,
542 1474 781 1535 ‘aufero
826 1494 857 1535 a
903 1474 1245 1539 Cicerone’.

502 1578 801 1655 Septimus
846 1584 933 1638 est
977 1576 1208 1639 ablativi
1258 1576 1493 1639 similis:
1542 1578 1698 1638 idem
1748 1579 2195 1657 estseptimuS,
2248 1579 2350 1655 qui
2395 1584 2454 1638 et
2498 1576 2810 1648 ablativuS‚
2857 1579 2917 1638 in
2944 1586 3065 1649 433,
3095 1586 3157 1634 16
3203 1571 3378 1628 Ἐκ,

328 1679 637 1760 plerisque
682 1676 1133 1740 elocutionibus,
1199 1699 1335 1740 nam
1384 1699 1525 1740 ecce
1570 1678 1688 1740 tale
1733 1687 1853 1748 est,
1899 1681 1947 1739 si
1994 1680 2157 1738 dicas
2204 1678 2469 1741 ‘doctior
2513 1678 2587 1740 ab
2633 1682 2915 1750 oratore’,

255 1834 259 1838 ,
325 1800 506 1859 quem
540 1781 611 1841 ad
645 1781 883 1842 modum
926 1783 975 1841 si
1021 1781 1180 1842 dicas
1225 1782 1490 1843 ‘doctior
1522 1784 1826 1842 oratore’:
1869 1782 2132 1842 ‘doctior
2164 1788 2431 1842 oratore’
2480 1785 2765 1862 septimus
2811 1792 2916 1855 est,

322 1884 596 1945 ‘doctior
640 1882 713 1944 ab
758 1889 1026 1945 oratore’
1074 1883 1362 1946 ablativus
1410 1891 1514 1945 est.
1604 1884 1760 1945 idem
1807 1887 1919 1946 erit
1973 1883 2285 1953 ablativuS,
2341 1886 2441 1964 qui
2489 1892 2578 1945 est
2634 1893 2694 1946 et
2736 1888 2917 1965 septi-

248 2007 296 2044 ιε
324 2005 495 2054 ιιιιιε;
556 1986 661 2046 sed
703 1987 764 2046 in
812 1984 1110 2066 plerisque
1166 1986 1627 2056 elocutionibuS,
1687 2005 1805 2047 non
1852 1989 1913 2047 in
1958 1986 2248 2048 omnibus.
2339 1989 2715 2049 inveniuntur
2760 1990 2916 2049 enim

321 2088 725 2158 elocutiones,
787 2088 887 2149 ubi
944 2089 1118 2168 longe
1174 2089 1344 2151 aliter
1399 2091 1473 2150 sit
1528 2088 1846 2159 ablativus,
1904 2108 2080 2169 quam
2126 2091 2429 2170 septimus.
2519 2091 2580 2150 in
2624 2092 2918 2170 principio

317 2192 481 2251 scire
540 2190 826 2251 debemus
884 2193 1161 2270 quoniam
1219 2193 1376 2252 inter
1432 2190 1748 2253 ablativum
1808 2200 1866 2252 et
1923 2193 2234 2271 septimum
2293 2190 2436 2252 nibil
2492 2194 2740 2254 interest
2805 2195 2916 2254 nisi

317 2291 447 2354 sola
496 2294 885 2372 praepositio:
926 2295 1214 2372 septimus
1260 2302 1349 2355 est
1393 2293 1660 2355 ‘doctior
1690 2295 1978 2364 oratore',
2026 2292 2310 2354 ablativus
2354 2292 2619 2355 ‘doctior
2665 2294 2739 2355 ab
2783 2315 2914 2356 ora·
3023 2277 3027 2281 Δ

318 2397 524 2463 tore';
585 2397 700 2456 erit
757 2396 1044 2474 septimus
1101 2394 1361 2458 detracta
1419 2397 1875 2477 praepositione.
1968 2395 2072 2456 sed
2120 2414 2236 2473 quo
2283 2396 2598 2457 differunt?
2643 2397 2912 2477 plerique

239 2497 535 2559 sedicunt
580 2494 724 2557 nibil
770 2496 1011 2580 differre
1056 2505 1374 2576 utrumque
1420 2518 1640 2567 casum,
1690 2497 1794 2558 sed
1841 2516 2024 2558 unum
2070 2496 2292 2558 habere
2337 2516 2596 2560 sensum.
2668 2519 2804 2560 nam
2850 2519 2915 2560 re

314 2619 457 2660 vera
507 2598 667 2658 idem
714 2605 805 2659 est
850 2597 1165 2671 ablativus,
1212 2601 1312 2680 qui
1350 2598 1359 2682 Ι
1411 2609 1498 2661 εει
1544 2608 1602 2660 ει
1646 2602 1964 2680 εεριίιιιιιε,
2023 2601 2325 2662 invenitur
2382 2609 2579 2662 tamen
2638 2600 2910 2672 elocutio,

316 2702 422 2764 ubi
471 2700 631 2761 aliud
678 2702 966 2778 significet
1010 2700 1302 2763 ablativus
1349 2711 1407 2763 et
1449 2701 1605 2763 aliud
1652 2705 1967 2782 septimus,
2030 2704 2078 2763 si
2135 2705 2210 2763 ita
2258 2701 2520 2784 loquaris
2566 2702 2698 2763 ‘illo
2742 2723 2913 2785 prae-

312 2812 493 2866 sente
540 2805 829 2883 suscepi'.
923 2804 1156 2884 quando
1213 2804 1345 2866 dico
1402 2804 1540 2866 ‘illo
1594 2797 1934 2886 praesente·
1964 2808 2250 2887 suscepi',
2297 2809 2585 2886 septimus
2631 2814 2745 2876 est,
2795 2826 2911 2868 non

313 2906 509 2968 habet
564 2907 1097 2986 praepositionem;
1156 2908 1393 2987 quando
1449 2907 1579 2968 dico
1637 2907 1744 2969 ‘ab
1789 2907 1891 2968 illo
1936 2917 2249 2988 praesente
2295 2911 2526 2990 suscepi
2544 2914 2581 2979 ',
2629 2907 2913 2970 ablativus

235 3032 287 3073 25
314 3017 437 3077 est;
490 3016 552 3069 et
596 3007 769 3085 longe
815 3007 972 3068 aliud
1022 3015 1111 3069 est
1155 3009 1259 3070 ‘ab
1305 3008 1405 3070 illo
1449 3020 1765 3090 praesente
1811 3012 2083 3091 suscepi’
2132 3021 2191 3071 et
2234 3010 2389 3071 aliud
2436 3010 2572 3070 ‘illo
2602 3019 2913 3090 praesente

311 3111 619 3189 suscepi’.
684 3108 919 3185 quando
966 3110 1099 3172 dico
1147 3110 1284 3171 ‘illo
1329 3121 1641 3191 praesente
1685 3115 1974 3195 suscepi',
2036 3131 2151 3173 non
2200 3120 2289 3173 est
2332 3112 2389 3172 id
2449 3112 2606 3191 quod
2654 3112 2763 3173 ‘ab
2808 3113 2911 3175 illo

312 3218 639 3294 praesente
687 3214 972 3291 suscepi’.
1046 3215 1097 3272 si
1144 3214 1298 3289 enim
1347 3214 1535 3274 dicam
1581 3215 1717 3276 ‘illo
1761 3224 2075 3296 praesente
2103 3216 2409 3297 „suscepiss
2457 3223 2578 3276 tres
2623 3234 2911 3294 personae

311 3324 491 3385 sunt,
543 3312 646 3373 illo
689 3323 1002 3393 praesente
1050 3334 1158 3407 ego
1203 3317 1437 3395 susc-epi
1483 3316 1557 3377 ab
1603 3317 1735 3383 illo:
1783 3320 1831 3378 si
1876 3317 2065 3378 dicam
2112 3317 2221 3377 ‘ab
2267 3316 2371 3378 illo
2416 3325 2734 3397 praesente
2781 3338 2910 3379 sus·

312 3419 511 3497 cepi',
561 3414 714 3476 duae
758 3435 1050 3495 personae
1096 3425 1260 3489 sunt,
1309 3436 1419 3497 ego
1465 3422 1698 3499 suscepi
1744 3419 1819 3479 ab
1862 3419 1963 3479 illo
2010 3422 2107 3496 qui
2154 3439 2436 3501 praesens
2481 3420 2690 3481 luerat.
2768 3439 2908 3498 ergo

234 3519 485 3583 aovides
547 3515 899 3595 aliquotiens
957 3521 1207 3581 inveniri
1266 3520 1688 3597 elocutionem,
1747 3520 1846 3582 ubi
1892 3524 2261 3583 consentiant
2305 3522 2388 3583 illi
2435 3541 2636 3593 casus,
2684 3523 2906 3602 aliquo·

310 3625 474 3683 tiens
521 3621 778 3681 inveniri
823 3620 925 3681 ubi
970 3621 1260 3682 differant.

488 3723 771 3801 Legimus
824 3724 884 3783 in
943 3723 1295 3802 quibusdam
1354 3724 1579 3786 artibus
1636 3744 1749 3786 non
1813 3726 2045 3806 quidem
2093 3727 2481 3805 frequentatis
2528 3729 2703 3788 etiam
2751 3735 3143 3798 octa-433,‘23

310 3846 451 3887 vum
501 3844 634 3885 esse
681 3843 905 3885 casum.
999 3826 1166 3887 multi
1211 3826 1414 3889 dicunt
1455 3847 1557 3888 sex
1605 3835 1826 3890 tantum
1874 3848 2043 3889 casus
2090 3847 2249 3898 esse,
2300 3828 2467 3889 multi
2513 3828 2735 3891 addunt
2777 3849 2909 3911 sep-

312 3932 561 3996 timum;
623 3925 844 3987 addunt
901 3924 1402 4015 pleriquetetiam
1460 3937 1763 4013 octavum,
1824 3939 1886 3991 ut
1932 3933 2029 3990 ‘it
2074 3929 2347 3992 clamor
2393 3930 2654 4001 caelo’,
2704 3931 2906 3992 ‘sub-

235 4051 285 4093 35
312 4038 500 4091 eunt
558 4033 821 4090 muro’.
909 4028 1077 4090 multi
1135 4031 1338 4092 dicunt
1395 4027 1663 4093 octavum
1712 4051 1840 4093 esse
1884 4051 2112 4101 casum,
2162 4032 2328 4093 multi
2373 4052 2564 4112 genus
2610 4052 2740 4094 esse
2787 4032 2904 4093 elo-

311 4134 595 4195 cutionis,
659 4130 760 4191 sed
808 4132 1240 4202 animadverte,
1289 4141 1348 4195 et
1389 4136 1504 4195 iam
1548 4153 1659 4214 pro
1704 4134 1953 4195 arbitrio
1987 4142 2085 4195 tuo
2129 4142 2245 4205 est,
2291 4138 2411 4196 sive
2459 4142 2522 4195 ut
2566 4134 2680 4196 hoc
2724 4135 2904 4207 dicaS,

310 4229 594 4297 ‘octavus
640 4240 731 4296 est
767 4239 777 4308 Ι
816 4237 1041 4303 casus',
1089 4235 1209 4295 sive
1239 4244 1302 4297 ut
1332 4236 1490 4297 dicas
1533 4253 1720 4316 genus
1765 4256 1896 4298 esse
1943 4236 2304 4313 elocutionis.
2367 4237 2603 4299 interim
2646 4237 2901 4309 adverte,

457 4458 483 4508 l
533 4456 649 4506 tulit
693 4456 754 4506 ab
794 4456 883 4506 illo
923 4458 1036 4507 dico
1086 4456 1240 4508 latine
1287 4458 1401 4508 tulit
1448 4460 1510 4508 ab
1548 4458 1685 4510 illius
1722 4459 1893 4509 dicunt
1929 4460 2097 4525 graeci
2138 4460 2185 4508 A
2223 4458 2337 4508 tulit
2373 4460 2436 4508 ab
2475 4460 2562 4511 illo
2598 4461 2710 4510 dico
2747 4461 2903 4512 latine

310 4527 386 4577 illi
424 4542 531 4576 non
586 4526 760 4577 dicunt
808 4527 878 4575 ita
929 4528 1020 4577 sed
1057 4527 1230 4579 dicunt
1266 4528 1376 4577 tulit
1414 4530 1476 4577 ab
1514 4527 1649 4579 illius
1686 4529 1835 4579 BCa
2013 4529 2044 4580 3
2082 4532 2216 4593 quod
2254 4529 2532 4582 auferentis
2573 4540 2647 4580 εει
2678 4531 2726 4580 Α
2766 4533 2904 4595 quod

309 4596 572 4648 auferenti
607 4606 687 4646 est
723 4596 867 4648 BCa
1005 4598 1035 4646 4
1074 4614 1174 4662 quo
1213 4600 1385 4665 graeci
1421 4598 1526 4649 BG
1660 4599 1694 4650 8
1733 4613 1916 4649 accusa
1956 4600 2094 4649 illum
2125 4600 2227 4650 BC
2360 4601 2430 4649 22
2464 4602 2716 4669 significet
2754 4603 2901 4653 BCa

311 4667 580 4734 siguificat
614 4667 666 4716 A
770 4667 836 4716 25
873 4675 924 4717 et
959 4667 1099 4718 aliud
1137 4670 1280 4721 BGa
1318 4678 1364 4717 et
1402 4668 1526 4719 illud
1560 4670 1607 4719 A
1746 4668 1809 4719 31
1847 4668 2078 4719 deferant
2114 4686 2147 4718 a
2173 4669 2407 4720 deferunt
2443 4671 2491 4720 Α
2530 4672 2763 4722 differunt
2799 4673 2904 4723 Bc

450 4738 524 4789 33
563 4745 766 4786 textum
794 4750 907 4785 esse
943 4737 1109 4789 ABG
1212 4740 1279 4792 34
1319 4740 1355 4788 it
1392 4737 1600 4806 clamor]
1643 4740 1800 4803 Ver-9.
1831 4738 1960 4788 Aen.
2000 4742 2044 4789 V
2081 4742 2174 4791 451
2287 4740 2524 4807 subeunt]
2577 4744 2732 4806 Very.
2767 4742 2896 4792 Aen.

315 4807 403 4856 Vll
449 4807 551 4859 161
594 4821 840 4869 muroque
888 4807 1126 4859 subibant
1267 4809 1331 4861 37
1379 4816 1585 4858 octavus
1623 4816 1699 4859 est
1736 4823 1884 4858 casus
1926 4811 2034 4860 sive
2071 4820 2124 4860 ut
2159 4808 2300 4860 dicas
2337 4824 2429 4866 om,
2462 4814 2538 4871 A,
2576 4812 2699 4866 add.
2729 4830 2762 4864 a

312 4893 481 4944 genus
513 4886 595 4927 est
632 4876 969 4940 eloquutionis
997 4879 1037 4929 0
1384 4876 1395 4882 ’
