3541 5564
1400 319 1870 383 COMMENTVM
2813 315 2929 379 141

2567 438 2607 479 p.
2635 427 2811 467 99—101
2841 426 2884 465 L.

347 508 458 569 tibi
519 527 848 587 cognomen
909 510 1032 569 est?
1086 509 1384 578 ridemur,
1444 510 1494 569 si
1537 509 1649 569 hoc
1706 508 2048 568 dixerimus,
2136 514 2331 566 tamen
2377 505 2700 566 secundum
2747 514 2934 566 artem

349 610 465 670 boc
518 610 799 680 dicimuS‚
860 620 922 671 ut
979 613 1217 671 nomina
1277 611 1543 672 dicamus
1611 609 1893 678 familiae,
1953 611 2302 686 cognomina
2359 608 2624 670 dicamus
2689 611 2933 688 propria

350 714 611 773 nomina.
673 731 893 773 nomen
941 720 1030 773 est
1075 732 1218 792 crgo
1251 712 1409 791 quod
1457 719 1545 773 est
1589 730 1904 772 commune
1950 710 2233 779 familiae:
2283 729 2609 790 cognomen
2658 710 2932 790 estquod

349 821 438 874 est
494 816 806 894 proprium
863 816 1038 875 unius
1094 817 1377 894 cuiusque
1434 808 1679 884 nom'en,
1737 821 1802 874 nt
1857 821 1993 893 puta
2051 813 2251 892 Scipio
2296 813 2552 873 Servius.
2642 830 2933 892 agnomen

296 935 321 973 5
350 924 441 976 est
487 917 644 994 quod
693 918 1060 978 extrinsecus
1105 918 1280 977 venit.
1372 920 1530 977 venit
1572 923 1767 977 autem
1800 915 1875 976 ab
1921 916 2113 995 aliqua
2159 917 2410 975 ratione.
2495 922 2636 994 puta
2674 920 2685 988 Ι
2733 916 2935 975 nescio

348 1020 448 1097 qui
502 1020 739 1080 sortiter
792 1019 961 1087 fecit,
1018 1020 1274 1080 Asi-icam
1333 1021 1495 1088 vicit,
1556 1018 1748 1079 dictus
1804 1026 1893 1078 est
1945 1018 2283 1084 Africanum
2353 1034 2526 1076 nares
2582 1019 2781 1077 nescio
2839 1018 2935 1096 qui

349 1122 610 1181 maiores
656 1120 888 1190 habuit,
950 1120 1141 1181 dictus
1198 1128 1284 1181 est
1329 1121 1569 1188 Nasica:
1617 1119 1764 1180 alter
1812 1122 2067 1180 maiores
2111 1119 2316 1178 hahnit
2360 1137 2555 1186 suras,
2613 1119 2806 1179 dictus
2852 1125 2939 1178 est

348 1222 598 1284 Publius
652 1222 937 1283 Lentulus
993 1205 1160 1283 S'ura.
1244 1240 1395 1301 ,ergo
1451 1223 1557 1282 ista
1616 1221 1931 1283 trahuntur
1988 1229 2088 1281 aut
2131 1240 2161 1282 a
2210 1220 2517 1281 virtutibus
2562 1230 2662 1281 aut
2705 1241 2736 1280 a
2782 1222 2937 1281 vitiis

346 1326 683 1403 agnomina.

277 1446 326 1482 ιο
525 1426 598 1487 Et
642 1429 885 1487 omnino
935 1427 1020 1486 sic
1065 1426 1367 1487 definitum
1417 1436 1522 1488 est.
1582 1426 1720 1506 quid
1768 1435 1856 1486 est
1901 1419 2300 1506 praenomen?
2374 1426 2510 1505 quid
2559 1434 2646 1486 est
2689 1427 2941 1487 nomen?

350 1529 492 1608 quid
563 1537 652 1588 est
717 1530 1086 1607 cognomen?
1155 1529 1291 1608 qu'nl
1352 1537 1439 1590 est
1494 1534 1824 1609 agnomen?
1891 1531 1975 1589 sic
2028 1528 2386 1589 definierunt
2430 1511 2684 1589 maiores
2729 1529 2936 1594 nostri,

351 1630 535 1691 habes
591 1633 679 1708 in,
712 1633 968 1711 antiquis
1025 1630 1276 1692 artibus:
1345 1650 1707 1711 praenomen
1768 1639 1860 1692 est
1914 1631 2070 1710 quod
2130 1632 2201 1691 ad
2255 1631 2599 1709 dignitatem
2661 1631 2933 1709 pertinet.

352 1732 549 1793 nullus
607 1735 768 1793 enim
825 1752 1032 1794 servus
1078 1732 1256 1793 habet
1299 1752 1692 1811 praenomen:
1765 1751 1882 1793 non
1930 1732 2095 1800 licet,
2162 1752 2279 1793 non
2326 1739 2518 1812 potest
2561 1734 2707 1792 [ieri.
2798 1739 2936 1810 puta

348 1834 716 1896 Gaudentius
771 1837 1013 1896 omnino
1070 1854 1188 1895 non
1246 1844 1440 1914 potest
1497 1835 1718 1896 habere
1775 1854 2171 1915 praenomen;
2238 1854 2384 1914 ergo
2438 1837 2636 1895 omnia
2683 1853 2938 1913 praeno-

275 1954 325 1992 15
352 1939 509 1997 mina
545 1936 890 2015 dignitatem
938 1944 1157 1998 tenent.
1216 1939 1410 1999 omnia
1457 1939 1807 2015 cognomina
1853 1938 2152 2018 propriam
2198 1956 2325 1996 rem
2374 1944 2604 2024 tenent;
2652 1956 2682 1996 a
2730 1944 2937 1998 natura

353 2040 624 2108 veniunt,
673 2039 732 2098 id
781 2047 868 2099 est
913 2046 1083 2100 natus
1130 2023 1220 2099 est
1262 2041 1486 2107 infanS,
1544 2041 1737 2100 statim
1784 2039 1897 2099 hoc
1941 2039 2175 2099 (licitur.
2267 2040 2460 2099 omnia
2508 2041 2818 2117 agnomina
2866 2038 2939 2099 ab

350 2140 579 2200 actibus
636 2142 897 2201 veniunt.
990 2143 1048 2202 in
1105 2160 1294 2221 puero
1351 2141 1640 2202 infantulo
1687 2160 1802 2202 non
1852 2143 2075 2220 poteris
2118 2142 2383 2200 invenire
2428 2159 2740 2218 agnomen.
2828 2159 2938 2219 qna

351 2244 623 2302 ratione?
671 2244 804 2322 quia
853 2244 901 2303 si
947 2262 1237 2321 agnomen
1288 2245 1443 2304 venit
1472 2263 1503 2304 a
1535 2243 1715 2304 rebus
1760 2245 1968 2320 gestiS,
2016 2263 2047 2302 a
2080 2261 2251 2303 causa
2298 2245 2452 2322 ipsa,
2501 2244 2695 2302 statim
2743 2250 2937 2301 autem

351 2363 503 2423 puer
560 2353 731 2405 natus
789 2364 908 2404 non
964 2345 1144 2406 hahet
1201 2365 1299 2406 res
1353 2354 1548 2424 gestas
1593 2353 1695 2405 aut
1737 2363 1945 2404 causas
1989 2344 2243 2423 aliqum,
2290 2345 2448 2404 unde
2492 2345 2675 2423 possit
2720 2342 2940 2404 habere

272 2464 326 2502 20
355 2464 677 2524 agnomen,
728 2446 861 2507 ideo
907 2448 1021 2507 hoc
1068 2448 1125 2507 in
1172 2446 1462 2508 infantulo
1511 2466 1627 2507 non
1659 2456 1853 2526 potest
1895 2449 2165 2508 inveniri.
2229 2463 2373 2523 ergo
2404 2448 2714 2524 agnomina
2746 2447 2940 2506 omnia

355 2567 387 2608 a
445 2547 628 2609 rebus
684 2549 926 2609 veniunt
983 2552 1190 2627 gestis:
1261 2551 1612 2627 cognomina
1658 2551 1824 2628 quasi
1870 2547 2156 2609 naturalia
2205 2561 2370 2618 sunt,
2421 2547 2729 2608 nobiscum
2777 2549 2940 2624 quasi

355 2658 707 2717 nascuntur:
754 2653 948 2711 statim
996 2653 1154 2711 enim
1200 2651 1416 2713 dantur
1460 2650 1660 2720 nobiS,
1715 2652 1951 2731 quando
1998 2652 2118 2711 nati
2165 2652 2475 2712 fuerimus:
2525 2651 2759 2710 nomina
2807 2656 2943 2709 sunt

353 2770 506 2833 quae
554 2758 695 2813 sunt
739 2755 1073 2835 communia
1120 2753 1401 2814 familiae:
1443 2765 1451 2827 Ι
1492 2756 1876 2834 praenomina
1924 2761 2063 2815 sunt
2094 2771 2242 2833 quae
2289 2755 2589 2832 pertinent
2633 2751 2703 2811 ad
2752 2751 2940 2830 digni-

352 2862 565 2921 tatem,
610 2864 849 2916 servant
893 2858 1051 2916 enim
1097 2857 1547 2934 ingenuitatem..
1607 2856 1804 2917 nullus
1849 2858 2005 2917 enim
2052 2875 2259 2915 servus
2303 2864 2497 2934 potest
2542 2854 2762 2915 babere
2807 2854 2939 2914 hoc.

276 2978 329 3016 25
356 2958 462 3017 sed
511 2976 627 3017 non
680 2966 737 3017 te
783 2957 1040 3037 decipiat
1083 2960 1191 3019 ista
1236 2977 1337 3020 res
1369 2978 1478 3019 nec
1526 2958 1707 3020 fallat.
1783 2957 2129 3038 plerumque
2175 2960 2503 3017 invenimus
2549 2960 2658 3017 ista
2707 2964 2941 3017 mutata.

355 3077 564 3119 servus
621 3078 792 3120 meus
850 3059 980 3120 volo
1039 3068 1104 3120 ut
1159 3071 1395 3132 vocetur
1453 3043 1694 3130 Lucius;
1758 3061 1872 3121 hoc
1927 3059 2088 3129 volo,
2159 3059 2270 3119 hoc
2329 3060 2470 3119 mihi
2529 3059 2738 3138 piacet.
2828 3061 2940 3118 iam

357 3159 571 3220 Lucius
627 3162 782 3221 forte
842 3161 985 3221 mihi
1043 3164 1155 3222 erit
1214 3181 1598 3242 praenomen.
1677 3162 1820 3222 mihi
1880 3162 2117 3239 quidem
2175 3179 2540 3241 praenomen
2599 3171 2716 3228 est,
2773 3179 2944 3220 servo

356 3270 553 3323 autem
600 3281 720 3322 non
770 3270 856 3322 est
899 3281 1292 3342 praenomen,
1342 3265 1444 3326 sed
1494 3272 1585 3325 est
1627 3283 1980 3342 cognomen.
2045 3270 2177 3344 puta
2229 3266 2523 3324 notarium
2569 3281 2766 3323 meum
2815 3263 2944 3321 volo

356 3381 567 3424 vocare
623 3365 983 3426 Africanum.
1061 3368 1113 3426 si
1167 3365 1279 3426 hoc
1327 3385 1543 3427 nomen
1589 3369 1845 3445 accepit,
1906 3366 2139 3446 qnando
2187 3373 2356 3426 natus
2401 3374 2520 3434 est,
2568 3365 2743 3425 modo
2787 3367 2940 3426 Afri-

273 3484 540 3528 socanus
596 3466 756 3546 quod
813 3467 1053 3534 dicitnr.
1112 3469 1226 3528 iam
1287 3487 1405 3528 non
1464 3470 1578 3528 erit
1633 3487 1954 3546 agnomen,
2013 3467 2118 3527 sed
2165 3468 2279 3527 erit
2329 3486 2677 3546 cognomen.
2766 3466 2867 3528 ille
2913 3486 2942 3527 a

354 3568 512 3627 sacto
566 3568 759 3628 (lictus
815 3579 904 3629 est
957 3570 1295 3640 AfricanuS,
1349 3570 1509 3650 quod
1558 3572 1694 3630 vicit
1734 3571 2022 3639 Africam,
2079 3568 2178 3629 ille
2224 3575 2416 3629 antem
2466 3567 2681 3649 [qnod]
2729 3571 2942 3638 statim,

356 3670 595 3748 qnando
654 3679 826 3731 natus
882 3679 998 3743 est,
1060 3671 1171 3732 hoc
1228 3670 1557 3753 appellatus
1614 3679 1720 3733 est.
1812 3671 1974 3732 vides
2019 3689 2162 3750 ergo
2207 3668 2485 3751 quoniam
2530 3673 2644 3731 ista
2690 3689 2809 3732 non
2852 3689 2943 3731 se-

356 3772 621 3832 cundum
680 3783 951 3834 naturam
1012 3781 1178 3843 sunt,
1236 3774 1339 3834 sed
1397 3773 1725 3834 secundnm
1785 3772 2118 3833 lectionem.
2193 3772 2460 3833 dicamus
2517 3772 2659 3834 illud
2717 3774 2942 3834 fortius.

359 3877 563 3935 nescio
621 3877 720 3954 'qui
779 3874 877 3935 dat
931 3875 1075 3935 mihi
1134 3876 1447 3936 lectionem
1503 3875 1788 3955 aliquam,
1849 3883 1908 3936 et
1960 3876 2196 3936 invenio
2254 3883 2388 3955 puta
2436 3874 2678 3936 Publius
2733 3875 2948 3936 Lucins

281 3975 692 4038 &Sallustius
783 3975 897 4037 hoc
943 3979 1197 4039 invenio.
1287 3981 1614 4057 interrogat
1671 3997 1764 4038 me
1822 3978 1954 4038 ‘dic
1999 3978 2173 4046 mihi,
2231 3976 2384 4057 qnod
2442 3983 2530 4037 est
2583 3983 2947 4055 cognomen?

357 4080 496 4157 qnia
543 4086 602 4137 et
646 4078 895 4140 Publius
941 4081 1156 4141 dicitur
1200 4081 1430 4159 Scipio,
1478 4080 1756 4160 quoniam
1803 4098 2166 4159 praenomen
2216 4087 2342 4147 est,
2393 4087 2451 4139 et
2481 4079 2697 4140 Lucius
2727 4081 2944 4159 Scipio,

498 4338 531 4386 2
568 4344 622 4385 ut
663 4338 868 4386 nomina
901 4337 1043 4386 dicas
1080 4336 1244 4386 ABG
1382 4339 1413 4387 4
1450 4338 1650 4387 sernius
1691 4338 1817 4389 oab
1850 4353 2031 4386 seruus
2067 4336 2114 4386 B
2149 4352 2266 4386 ser.
2295 4374 2308 4386 .
2333 4372 2344 4383 .
2369 4373 2380 4383 .
2423 4336 2472 4385 A
2613 4337 2645 4387 5
2683 4346 2806 4403 puta
2845 4334 2947 4386 t'or-

362 4408 475 4455 titer
518 4407 694 4456 nescio
727 4408 813 4471 qni
854 4407 1050 4457 sortiter
1096 4407 1212 4456 fecit
1257 4406 1463 4456 africam
1502 4410 1623 4457 uicit
1665 4412 1713 4455 A
1762 4417 1881 4473 puta
1925 4409 2095 4456 nescio
2139 4408 2226 4470 qui
2277 4406 2470 4456 fortiter
2509 4405 2717 4455 africam
2757 4408 2879 4456 uicit
2911 4407 2952 4455 G

362 4485 483 4540 puta
515 4477 643 4527 torte
685 4478 855 4527 nescio
892 4479 977 4540 qni
1013 4477 1223 4526 africam
1254 4478 1373 4526 uicit
1410 4478 1472 4526 b.-
1504 4489 1625 4542 puta
1656 4477 1852 4527 fortiter
1889 4481 2057 4526 nescio
2097 4478 2183 4539 qui
2216 4478 2434 4526 maiores
2473 4476 2644 4526 babuit
2673 4476 2724 4525 B
2759 4479 2949 4526 omissis

361 4549 598 4612 reliquis,
641 4563 773 4613 quae
819 4547 939 4598 add.
978 4548 1008 4597 b
1186 4549 1217 4597 7
1258 4548 1428 4597 nasica
1471 4548 1571 4598 BG
1601 4557 1673 4610 et,
1712 4556 1766 4597 nt
1800 4548 2026 4610 videtur,
2064 4547 2113 4595 A
2153 4562 2274 4596 naso
2305 4564 2340 4595 a
2516 4547 2580 4596 12
2618 4548 2812 4595 artibus
2853 4546 2952 4595 Bc

366 4618 592 4680 partibus
632 4618 682 4665 A
826 4617 888 4667 17
926 4619 1117 4682 poteris
1151 4628 1205 4668 ut
1237 4618 1433 4669 videtur
1461 4618 1511 4665 A
1546 4626 1710 4681 potest
1742 4617 1917 4667 Rea*
2059 4619 2289 4666 inuenire
2316 4615 2483 4666 ABG
2516 4618 2733 4665 inueniri
2772 4615 2840 4664 a*

369 4686 430 4736 18
463 4688 583 4750 qnia
619 4684 690 4752 si]
733 4688 877 4748 quasi
908 4687 957 4736 A
1095 4689 1159 4737 24
1215 4696 1422 4738 seruant
1470 4689 1600 4737 enim
1646 4688 2009 4753 ingenuitatem
2058 4702 2150 4740 om.
2195 4688 2260 4746 G,
2293 4688 2416 4737 add.
2446 4702 2474 4735 c
2510 4694 2777 4735 seruantur
2814 4689 2946 4736 enini

364 4758 761 4875 iugefflmmsimB
932 4760 993 4808 31
1044 4759 1127 4821 qni
1179 4760 1347 4807 statim
1390 4758 1437 4806 B
1608 4757 1675 4807 36
1717 4769 1765 4807 et
1805 4758 1991 4806 Lucius
2038 4756 2212 4823 Scipio
2246 4758 2483 4821 qnoniam
2529 4772 2835 4821 praenomen
2872 4767 2950 4806 est

359 4841 447 4875 om.
549 4867 560 4889 ,
603 4842 636 4875 a
714 4865 727 4878 .
766 4845 798 4877 (ι
