3541 5564
1123 349 1521 411 EXCERPTA
1567 349 1917 411 PARISINA
1962 349 2035 409 11.
2084 348 2164 410 111
2813 343 2929 407 601

2538 468 2579 508 p.
2610 456 2727 496 2780.
2759 455 2807 494 81
2837 452 2882 497 P.

355 532 839 620 παρασύνθετα
893 556 1043 619 quae
1102 556 1171 598 ex
1218 532 1603 618 συνθέτοις,
1649 539 1708 597 id
1767 544 1858 617 est
1914 556 1984 597 ex
2041 537 2395 621 conpositiS,
2452 538 2714 595 veniunt,
2801 553 2936 596 nam

356 634 664 720 άβλεπτῶ
722 659 837 701 non
898 632 1033 699 άπὸ
1079 639 1201 700 τοῦ
1254 636 1480 719 βλέπω
1535 641 1864 701 derivatum
1923 647 2010 699 est
2078 636 2361 718 (ceterum
2406 658 2440 698 τ
2488 657 2601 698 non
2647 636 2936 717 haberet),

311 729 324 740 ⁴
357 742 460 802 sed
506 735 637 803 άπὸ
682 743 804 802 τοῦ
849 735 1198 821 ἄβλεπτος.
1285 750 1489 803 contra
1544 741 1917 821 χειροκοπῶ
1975 759 2090 801 non
2137 733 2266 801 άπὸ
2312 740 2435 800 τοῦ
2480 735 2723 811 κόπτω,
2751 738 2938 820 (cete-

358 862 490 903 rum
535 864 571 904 τ
616 839 915 925 haberet),
964 843 1065 904 sed
1100 836 1230 904 άπὸ
1276 844 1398 904 τοῦ
1443 839 1856 923 χειροκόπος.
1944 844 2101 904 unde
2158 842 2305 903 haec
2359 844 2594 903 nomina
2642 836 2940 902 σύνθετα

306 951 569 1005 svoeant
628 953 686 1005 et
732 945 910 1006 verba
957 965 1025 1005 ex
1073 947 1223 1024 ipsis
1266 947 1418 1006 sacta
1466 939 1972 1025 παρασύνθετα.
2064 953 2203 1006 sunt
2268 945 2378 1005 alia
2434 946 2740 1023 conposita
2787 960 2939 1022 quae

359 1048 504 1107 soris
557 1047 959 1116 declinantur,
1031 1045 1395 1130 κιθαρῳδοῦ
1454 1042 1958 1129 ἐκιθαρῴδουν,
2028 1044 2384 1127 δημηγορῶ
2452 1040 2941 1127 ἐδημηγόρουν,

359 1145 763 1228 παιδαγωγῶ
820 1143 1359 1228 ἐπαιδαγώγουν,
1418 1145 1742 1229 δυσφορῶ
1806 1143 2259 1228 ἐδυσφόρουν.
2351 1150 2511 1209 intus
2555 1165 2694 1207 vero
2761 1146 2942 1207 decli-

360 1257 577 1311 nantur
642 1245 1049 1330 καταγράφω
1117 1246 1574 1330 κατέγραφον,
1635 1246 2000 1331 περιτρέχω
2067 1248 2529 1330 περιέτρεχον,
2598 1243 2940 1327 διαβάλλει)

360 1338 752 1431 διέβαλλον,
817 1371 967 1432 quae
1034 1354 1382 1434 imperativo
1436 1353 1659 1413 faciunt
1706 1348 2095 1431 κατάγραφε
2155 1352 2501 1432 περίτρεχε
2545 1346 2886 1429 διάβαλλε.
2933 1364 2940 1446 1

291 1477 339 1515 ιο
366 1460 646 1514 accentus
702 1460 899 1515 antem
955 1454 1027 1514 de
1082 1453 1266 1515 verbo
1322 1472 1438 1514 non
1499 1454 1835 1524 tolleretur,
1896 1456 2012 1515 nisi
2071 1456 2126 1514 ei
2193 1454 2644 1533 praecedentem
2713 1459 2942 1532 partem

360 1556 646 1615 orationis
688 1558 1018 1636 conpositio
1062 1557 1506 1634 agglutinasset.
1596 1557 1750 1637 quod
1809 1559 2007 1616 evenit
2051 1565 2109 1616 et
2153 1557 2211 1616 in
2260 1556 2393 1616 aliis
2441 1555 2658 1639 verbis,
2707 1557 2768 1615 in
2813 1556 2944 1634 qui-

363 1655 475 1717 hus
520 1656 692 1716 modo
738 1657 896 1735 longi
944 1661 1230 1737 temporis
1276 1658 1505 1738 pondus
1550 1661 1811 1739 priorem
1852 1660 2074 1718 retinet
2103 1667 2430 1727 accentum,
2477 1658 2651 1718 modo
2682 1657 2946 1735 correpti

363 1758 571 1818 levitas
624 1776 858 1819 sursum
904 1759 1169 1839 repellit:
1229 1756 1484 1840 ἐνῆσαν
1528 1759 1798 1821 ἔνεσαν·
1860 1756 2133 1820 επολλοὶ
2175 1752 2230 1819 δ’
2277 1757 2517 1820 ἔνεσαν
2561 1754 2948 1830 στονόεντες

363 1853 582 1920 ὀϊστοί
591 1863 644 1892 ’·
701 1855 978 1921 άνεῖσαν
1022 1854 1302 1929 ἄνεσαν,
1360 1856 1537 1921 ’ἄλλ’
1582 1853 1691 1923 ὅτε
1741 1858 1941 1942 δῆριν
1984 1855 2328 1922 άνεῖσαν’·
2388 1867 2647 1940 κατεῖχε
2689 1855 2947 1939 κάτεχε,
3035 1915 3048 1927 ,

292 1953 523 2033 ιε’νύξ
568 1957 641 2021 δὲ
685 1958 863 2042 μάλα
909 1956 1208 2043 δνοφερὴ
1253 1956 1467 2042 κάτεχ’
1497 1956 1865 2043 ούρανόν’;
1913 1964 2054 2023 item
2086 1963 2356 2043 συνῆψα
2403 1957 2735 2041 σύναψον,
2782 1975 2949 2022 συν-

360 2058 485 2143 ἥξα
543 2058 872 2143 σύναξον,
929 2064 1247 2125 συνεῖλον
1292 2060 1559 2144 σύνελε,
1605 2064 1958 2143 συνῆλθον
2003 2059 2326 2125 σύνελθε·
2378 2057 2591 2136 οὕτως
2635 2060 2746 2124 καὶ
2780 2082 2951 2143 προ-

368 2170 559 2224 εῖπον
602 2160 902 2244 πρόειπε.
994 2168 1337 2229 memineris
1381 2167 1601 2228 nullam
1668 2169 1795 2227 sere
1850 2168 2105 2227 inveniri
2161 2166 2316 2247 apud
2360 2166 2602 2227 Latinos
2646 2169 2951 2246 praeposi-

367 2267 590 2326 tionem
635 2285 785 2345 quae
831 2266 978 2327 nihil
1027 2268 1204 2329 addat
1246 2271 1466 2337 sensui,
1515 2272 1670 2328 sicut
1701 2268 1856 2347 apud
1889 2267 2144 2328 Graecos
2188 2285 2362 2346 saepe
2408 2269 2770 2347 praepositio
2820 2268 2951 2328 nul-

368 2367 485 2427 lam
540 2386 751 2428 sensus
827 2369 967 2429 facit
1029 2372 1553 2448 permutationem:
1620 2371 1730 2431 hoe
1789 2377 1880 2430 est
1937 2372 2095 2430 enim
2163 2363 2340 2430 εὕδω
2396 2370 2551 2449 quod
2609 2365 2950 2449 καθεύδω,

292 2493 344 2531 20
371 2469 480 2529 hoe
534 2465 756 2551 ἕξομαι
812 2470 966 2550 quod
1024 2465 1413 2553 καθέζομαι,
1463 2472 1572 2532 hoc
1616 2468 1765 2552 μύω
1821 2472 1976 2551 quod
2033 2467 2336 2552 καμμύω.
2416 2474 2503 2532 sic
2544 2478 2604 2531 et
2660 2489 2838 2550 surgo
2894 2479 2956 2531 et

371 2589 681 2649 consurgo.
2322 2614 2337 2647 ‚

1278 2756 1373 2804 DE
1419 2756 1581 2804 com
1591 2756 2016 2805 VGATIONIBV
2026 2757 2060 2805 S

550 2863 716 2941 Apud
763 2863 1021 2923 Graecos
1080 2881 1285 2923 eorum
1344 2863 1678 2934 verborum,
1725 2867 1789 2925 in
1835 2882 2085 2943 quorum
2132 2865 2325 2942 prima
2370 2864 2657 2942 positione
2703 2867 2956 2956 circum-

376 2965 564 3024 flexus
620 2971 897 3024 accentus
943 2963 1206 3025 ultimam
1253 2965 1538 3044 syllabam
1585 2974 1779 3035 tenet,
1851 2975 1973 3026 tres
2017 2973 2155 3026 sunt
2198 2967 2673 3043 coniugationes,
2741 2966 2958 3046 quibus

299 3087 351 3126 25
378 3066 799 3126 discretionem
855 3067 997 3126 facit
1040 3066 1296 3126 secunda
1342 3086 1627 3146 persona,
1687 3085 1863 3147 quam
1907 3069 2095 3146 prima
2141 3068 2474 3144 coniugatio
2534 3067 2712 3128 habet
2758 3070 2818 3128 in
2867 3087 2960 3142 εις

379 3168 805 3247 diphthongum
852 3168 1239 3239 desinentem,
1287 3177 1354 3228 ut
1399 3168 1646 3248 λαλεῖς,
1694 3169 1954 3230 secunda
2001 3171 2061 3229 in
2094 3189 2193 3251 ᾳς,
2241 3170 2337 3228 cui
2370 3169 2688 3230 ascribitur
2717 3170 2958 3250 quidem

378 3290 425 3348 ι,
474 3270 574 3330 sed
633 3269 783 3329 nihil
828 3288 971 3329 sono
1016 3271 1276 3338 confert,
1324 3279 1389 3329 ut
1446 3290 1670 3352 τιμας,
1728 3273 1903 3332 tertia
1959 3273 2018 3330 in
2066 3290 2165 3342 οις
2208 3271 2653 3350 diphthongum,
2702 3281 2766 3332 ut
2809 3285 2961 3333 στε-

382 3377 642 3450 φανοῖς.
734 3390 937 3431 eorum
994 3390 1135 3431 vero
1190 3372 1540 3441 verborum,
1597 3374 1656 3432 in
1714 3391 1965 3453 quornm
2024 3374 2212 3452 prima
2272 3375 2562 3451 positione
2621 3376 2818 3451 gravis
2862 3392 2959 3434 ae-

383 3481 592 3534 centus
638 3472 1057 3551 paenultimam
1102 3471 1381 3552 syllabam
1428 3477 1652 3552 signat,
1721 3493 1825 3534 sex
1881 3482 2020 3535 sunt
2064 3476 2526 3552 coniugationeS.
2614 3476 2716 3536 sed
2763 3478 2824 3536 in
2870 3476 2965 3536 his

305 3600 358 3639 30
388 3593 505 3636 non
553 3574 809 3635 secunda
856 3593 1109 3654 persona
1156 3574 1575 3637 discretionem
1622 3578 1794 3647 facit,
1842 3578 2061 3657 quippe
2107 3595 2240 3637 cum
2283 3578 2344 3637 in
2391 3577 2666 3638 omnibus
2706 3578 2963 3639 secunda

557 3798 589 3845 2
627 3809 724 3844 non
765 3786 881 3846 άπό
916 3813 955 3861 ρ
994 3810 1108 3844 nam
1143 3811 1258 3846 απο
1282 3797 1332 3845 Ρ
1507 3797 1568 3848 13
1604 3792 1823 3862 πολλοὶ]
1869 3796 2008 3849 Ηοηι.
2052 3795 2147 3848 Od.
2188 3795 2236 3845 Φ
2268 3798 2349 3850 12.
2391 3797 2460 3847 60
2627 3800 2688 3850 14
2727 3788 2966 3849 άνεῖσαν

383 3878 597 3917 ανεσαν
623 3864 781 3915 Ianus
815 3879 1056 3915 ανεισαν
1080 3878 1304 3929 ανησαν
1338 3867 1388 3914 Ι’
1490 3867 1689 3918 αλλοτε
1715 3861 1881 3930 δηριν
1906 3880 2120 3916 ανεσαν
2151 3868 2196 3915 P
2231 3855 2427 3916 ἄλλοτε
2454 3864 2623 3931 δῆριν
2646 3859 2870 3933 α’νῆσαν
2890 3882 2964 3930 p:

385 3936 515 3984 unde
550 3935 705 3985 verba
734 3937 890 3996 petita
926 3936 1027 3983 sint
1060 3949 1155 3982 non
1198 3944 1400 3986 constat
1541 3937 1603 3986 15
1640 3927 1768 4000 νύξ]
1819 3936 1963 3987 Hom.
2006 3934 2099 3984 011.
2138 3934 2199 3985 N
2224 3933 2327 3983 269
2463 3950 2722 4002 ανοφερη
2758 3951 2966 4000 καταιχ

387 4007 433 4055 Ρ
569 4000 825 4069 συνῆψα]
855 4010 1118 4068 συνῆψας
1160 4003 1205 4050 Ρ
1341 4001 1584 4071 συνῆξα]
1614 4002 1863 4069 συνηξας
1901 4006 1945 4053 Ρ
2077 4004 2144 4054 20
2179 4005 2308 4053 sicut
2335 4018 2490 4068 surgo
2529 4005 2577 4053 P
2714 4003 2781 4054 23
2813 4004 2964 4067 Apud

380 4075 599 4123 Gmeeos
631 4099 698 4108 -
732 4073 871 4134 602,
910 4072 972 4120 21
1012 4071 1222 4138 recedit]
1260 4075 1527 4138 adscripta
1573 4083 1651 4123 est
1687 4075 2034 4138 discrepantia
2076 4074 2262 4123 codicis
2298 4073 2567 4123 Bohi'enst's
2601 4089 2729 4123 nunc
2772 4074 2963 4122 Vindo-

386 4146 617 4196 bonensis
659 4141 725 4193 16
762 4141 890 4203 (B).
942 4142 1083 4190 cuius
1121 4151 1373 4208 excerpta
1415 4143 1552 4193 edita
1584 4152 1703 4193 stent
1734 4143 1875 4203 infra
1904 4161 1960 4207 p.
1996 4143 2096 4195 631
2144 4159 2254 4207 sqq.
2312 4151 2587 4203 praeterea
2628 4145 2792 4205 prima
2834 4146 2964 4192 eius-

386 4216 493 4264 dem
540 4219 792 4262 tractatus
838 4209 994 4260 verba
1044 4212 1093 4259 in
1141 4212 1308 4263 eodem
1351 4214 1523 4264 codice
1558 4214 1602 4274 f.
1645 4213 1738 4263 111
1780 4216 1998 4275 repetita
2043 4220 2186 4275 sunt,
2221 4210 2538 4262 Theodosius
2577 4212 2859 4262 Macrobius
2903 4212 2966 4261 de

388 4284 585 4351 graecis
625 4285 792 4346 (corr.
826 4282 1154 4345 graecorum)
1184 4283 1626 4349 coniugationibus
1665 4284 1739 4330 sic
1777 4283 1874 4341 ait,
1912 4290 2036 4347 aput
2071 4295 2285 4347 graecos
2327 4283 2392 4330 ΙΙΙ
2434 4291 2551 4330 sunt
2581 4282 2965 4346 coniugationes

393 4356 678 4414 uerborum,
722 4365 934 4415 qnorum
974 4351 1137 4414 prima
1172 4354 1422 4418 positione
1468 4352 1824 4402 circumflexus
1863 4362 2102 4402 accentus
2126 4352 2350 4400 nltimam
2379 4351 2625 4414 syllabam
2665 4359 2817 4413 tenet,
2856 4352 2965 4414 qni-

393 4424 487 4473 bus
522 4423 876 4472 discretionem
920 4418 1035 4469 facit
1072 4422 1292 4472 secunda
1326 4437 1562 4489 persona,
1595 4437 1741 4485 qnam
1780 4423 1942 4486 prima
1974 4422 2268 4487 coniugatio
2308 4419 2457 4470 habet
2493 4421 2542 4468 in
2566 4438 2659 4486 ηις
2681 4421 2965 4487 diptongon

390 4494 653 4546 desinens.
696 4500 747 4541 ut
778 4505 974 4555 τατηις
1002 4499 1050 4539 et
1089 4491 1294 4553 reliqua.
1347 4508 1522 4543 eorum
1564 4508 1683 4542 uero
1722 4494 1989 4540 uerborum
2028 4492 2075 4539 in
2115 4490 2327 4553 quoium
2363 4492 2524 4556 prima
2562 4491 2812 4554 positione
2849 4507 2966 4556 gra·

392 4563 472 4611 uis
508 4569 743 4612 accentus
781 4559 1107 4625 penultimam
1156 4561 1402 4625 syllabam
1449 4564 1617 4627 signat
1662 4563 1727 4610 Vl
1768 4572 1885 4610 sunt
1922 4562 2306 4626 coniugatione-s
2347 4571 2396 4609 et
2442 4560 2492 4608 in
2540 4561 2702 4625 prima
2751 4576 2968 4625 persona

395 4630 701 4682 deferentiae
749 4632 798 4679 in
853 4628 933 4677 his
980 4628 1446 4695 deprehenduntnr.
1521 4633 1777 4694 quaeritur
1822 4632 1954 4680 enim
2006 4631 2055 4679 in
2109 4631 2269 4695 prima
2316 4631 2564 4695 positione
2607 4633 2970 4694 cuiuscumque

395 4702 534 4750 uerbi
589 4715 718 4764 qnae
765 4700 958 4748 litterae
1002 4702 1306 4765 praecedant
1344 4702 1541 4750 finalem
1681 4703 1748 4751 25
1788 4717 1935 4765 qnam
1979 4701 2140 4767 prima
2182 4700 2228 4749 B
2269 4702 2382 4764 quin
2426 4700 2586 4765 prima
2632 4703 2676 4750 Ι)
2809 4701 2877 4751 26
2920 4711 2972 4750 ut

394 4770 586 4830 καλεις
624 4770 675 4820 Β
768 4769 837 4820 28
868 4772 1045 4834 gravis
1086 4769 1344 4838 occentus]
1384 4772 1524 4823 immo
1551 4780 1748 4822 acutus.
1781 4772 1875 4821 sed
1903 4774 2093 4822 nomine
2124 4770 2480 4835 berytonormn
2515 4771 2772 4821 verborum
2804 4787 2971 4836 yram·

393 4842 603 4889 nanticus
636 4841 686 4888 in
722 4855 945 4889 errorem
970 4840 1171 4890 videtur·
1205 4843 1437 4892 inductus
1476 4857 1585 4892 esse

499 4928 853 4972 unanimum
882 4929 1065 4972 ιΑτιΝι
1094 4930 1149 4978 ν.
2486 4923 2569 4990 39
