3541 5564
1349 330 1821 445 connssnrvm
2749 373 2870 439 169

2503 497 2544 539 p.
2574 487 2750 528 165—67
2777 485 2820 525 1„

1376 601 1468 646 DE
1514 600 1773 647 FIGVRA

461 710 674 788 Figura
732 716 831 769 aut
887 708 1172 769 naturalis
1219 716 1337 776 est,
1396 715 1496 768 ant
1538 725 1609 767 ex
1654 715 1780 766 arte
1826 704 2151 765 descendit.
2242 722 2392 784 quae
2440 712 2528 765 est
2573 703 2872 773 naturalis,

292 812 540 892 simplex
591 819 856 880 vocatur;
905 821 1055 887 quae·
1103 829 1171 871 ex
1221 818 1346 872 arte
1392 808 1725 877 descendit,
1775 810 2098 887 conposita.
2162 826 2295 867 nam
2344 807 2579 886 quando
2627 806 2876 866 dicimus

292 915 526 984 (loctuS,
573 914 669 974 hic
714 912 860 973 nihil
906 931 1003 973 ars
1052 911 1221 981 valet,
1269 911 1371 972 sed
1417 914 1541 991 ipsa
1574 912 1789 990 positio
1824 909 2075 989 simplex
2110 916 2198 969 est
2243 911 2587 976 constituta;
2637 908 2873 989 quando

243 1025 482 1077 sautem
532 1016 780 1078 dicimus
822 1016 1121 1085 indoctus,
1172 1032 1244 1073 ex
1288 1019 1415 1075 arte
1461 1012 1786 1074 descendit.
1878 1019 1936 1071 et
1978 1010 2074 1071 illa
2121 1030 2270 1091 quae
2317 1010 2566 1089 simplex
2612 1018 2700 1071 est
2744 1010 2876 1070 nul-

289 1118 400 1178 lam
446 1119 626 1179 habet
669 1120 1104 1198 quaestionem;
1163 1115 1262 1176 illa
1309 1134 1450 1176 vero
1509 1133 1657 1193 quae
1704 1116 2008 1194 conposita
2056 1121 2147 1174 est
2188 1132 2298 1192 per
2344 1121 2621 1192 quattuor
2668 1112 2874 1172 dividi·

289 1230 384 1281 tur
428 1229 649 1300 partes.
739 1223 896 1281 nosti
955 1223 1110 1280 enim
1168 1220 1445 1298 quoniam
1501 1225 1594 1278 aut
1656 1223 1904 1296 utraque
1962 1223 2132 1296 parte
2177 1216 2534 1295 conponitur
2578 1217 2875 1293 integrum

289 1331 387 1382 aut
432 1328 683 1402 utraque
743 1303 1120 1402 corruptum,
1180 1328 1281 1381 aut
1335 1322 1527 1398 prima
1585 1329 1751 1398 parte
1808 1321 2038 1396 integra
2098 1328 2154 1380 et
2199 1320 2530 1398 posteriore
2578 1325 2874 1396 corrupta,

288 1433 386 1484 aut
430 1430 600 1503 parte
646 1427 983 1503 posteriore
1022 1426 1254 1501 integra
1304 1432 1362 1482 et
1405 1424 1605 1501 priore
1652 1430 1952 1499 corrupta.
2041 1421 2152 1481 hoc
2199 1427 2403 1480 notum
2465 1427 2577 1487 est,
2639 1418 2876 1496 quando

221 1543 264 1580 10
290 1525 470 1586 habet
518 1526 665 1586 duas
710 1534 907 1604 partes
966 1527 1254 1603 integras,
1312 1532 1378 1586 ut
1419 1526 1468 1584 si
1514 1523 1674 1584 dicas
1718 1522 2153 1591 suburbanum;
2218 1522 2386 1582 duas·
2422 1528 2757 1600 corruptas,
2817 1531 2880 1581 ut

289 1630 530 1697 efficax;
591 1630 886 1706 integrum
944 1630 1134 1707 prima
1190 1639 1357 1705 parte
1412 1633 1471 1685 et
1525 1626 1855 1704 posteriore
1912 1633 2285 1704 corruptum,
2346 1631 2410 1684 ut
2466 1624 2749 1691 insulsus;
2809 1642 2878 1682 ex

287 1740 577 1810 corrupto
625 1739 684 1790 et
726 1732 980 1808 integr0,
1029 1738 1093 1789 ut
1138 1727 1542 1807 nugigerulus⁸
1604 1727 1712 1788 alia
1761 1726 1968 1789 Probi:
2016 1726 2115 1786 ille
2161 1728 2243 1786 ait
2286 1725 2399 1786 hoc
2443 1725 2684 1795 dictum,
2733 1743 2879 1802 quo·

284 1836 441 1893 niam
494 1834 501 1914 Ι
553 1833 740 1910 figura
798 1839 897 1892 aut
952 1831 1131 1892 rebus
1177 1840 1407 1892 constat
1452 1831 1629 1890 certis
1674 1837 1776 1889 aut
1819 1827 2002 1889 rebus
2043 1829 2314 1888 incertis:
2377 1830 2456 1887 ait
2501 1830 2585 1887 sic
2630 1826 2876 1897 ProbuS,

285 1935 608 2016 ‘pleraque
667 1952 816 2014 quae
872 1942 1011 1994 sunt
1065 1936 1126 1994 in
1186 1935 1371 2011 figura
1429 1939 1720 2013 apparent
1765 1950 1894 1992 esse
1938 1933 2198 2007 integra,
2248 1929 2530 2009 pleraque
2576 1938 2877 2009 corrupta,

219 2053 263 2092 15
287 2038 575 2117 pleraque
619 2038 747 2097 sine
792 2042 1021 2096 sensu’.
1114 2044 1173 2095 et
1228 2038 1278 2096 si
1334 2035 1446 2095 hoc
1504 2033 1762 2094 volueris
1818 2035 2013 2113 sequi,
2063 2032 2288 2093 nullum
2335 2051 2552 2093 nomen
2597 2033 2878 2100 invenieS,

289 2140 441 2220 quod
504 2158 627 2199 non
687 2140 1058 2218 conpositum
1114 2139 1205 2198 sit.
1294 2156 1428 2198 nam
1476 2136 1710 2216 qnando
1756 2136 1888 2195 dico
1935 2151 2074 2212 ego,
2133 2153 2242 2194 nec
2290 2153 2320 2193 e
2365 2153 2476 2194 nec
2521 2151 2594 2211 go
2639 2151 2879 2192 sensum

292 2241 502 2309 habet;
555 2259 697 2319 ergo
742 2242 1115 2320 conpositum
1163 2246 1268 2299 est.
1339 2238 1574 2318 quando
1622 2238 1753 2298 (lico
1801 2237 2009 2304 homo,
2061 2255 2169 2295 nec
2216 2236 2293 2296 ho
2339 2255 2451 2296 nec
2495 2255 2592 2296 mo
2638 2253 2878 2296 sensum

288 2342 493 2413 haben
561 2362 704 2420 ergo
761 2345 1131 2422 conpositum
1190 2349 1294 2402 est.
1386 2359 1530 2418 ergo
1584 2341 1803 2419 poterit
1859 2338 2183 2399 secundum
2240 2337 2399 2398 illius
2457 2338 2878 2405 deffinitionem,

287 2449 335 2506 si
380 2463 710 2523 sequamur
770 2463 902 2504 eum
961 2467 999 2501 κ
1054 2443 1114 2502 id
1172 2451 1261 2503 est
1316 2445 1366 2503 si
1422 2442 1608 2502 secuti
1667 2441 1952 2501 fuerimus
1998 2442 2121 2500 eius
2165 2440 2609 2509 auctoritatem,
2659 2437 2881 2499 nullum

218 2566 514 2609 nonomen
573 2545 823 2624 simplex
878 2547 1195 2606 invenitur.
1288 2544 1394 2605 sed
1449 2543 1660 2604 salsum
1719 2550 1808 2603 est
1863 2542 1976 2603 hoc
2033 2544 2247 2621 ipsum.
2342 2561 2477 2602 nam
2535 2561 2606 2601 ex
2653 2540 2882 2601 duobus

286 2652 593 2730 corruptis
640 2649 1011 2727 conpositum
1057 2655 1250 2726 potest
1292 2649 1438 2708 sieri.
1501 2644 1646 2706 illud
1693 2653 1889 2705 autem
1922 2644 2135 2704 dicitur
2181 2663 2249 2704 ex
2297 2643 2530 2706 (luobus
2575 2662 2705 2703 esse
2751 2662 2881 2703 cor-

286 2753 516 2833 ruptis,
578 2749 737 2831 quod
794 2748 1122 2812 resolutum
1182 2758 1373 2829 potest
1428 2750 1557 2810 lieri
1615 2750 1943 2827 integrum,
2002 2746 2059 2807 id
2119 2754 2207 2808 est
2264 2746 2541 2826 quotiens
2596 2747 2718 2825 ipsa
2768 2744 2883 2806 (luo

287 2862 577 2934 corrupta
633 2852 1004 2914 resolvuntur
1063 2860 1121 2913 et
1176 2859 1424 2933 possunt
1479 2870 1608 2911 esse
1665 2853 1912 2928 integra.
2004 2857 2068 2910 ut
2111 2858 2250 2928 puta
2297 2849 2492 2928 opifex
2538 2848 2766 2908 videtur
2814 2866 2885 2906 ex

286 2956 529 3017 duobus
585 2957 882 3036 corruptis
941 2973 1093 3015 esse:
1154 2974 1288 3015 nam
1347 2972 1526 3033 opera
1587 2960 1646 3012 et
1690 2952 1939 3021 faciens,
1988 2959 2306 3031 utrumqne
2349 2952 2648 3028 integrum
2694 2959 2785 3010 est
2830 2957 2888 3009 et

217 3059 430 3120 miecit
477 3077 667 3119 unum
714 3066 1057 3136 corruptum
1103 3058 1321 3137 opifex.
1385 3056 1689 3133 municeps
1736 3061 1795 3114 et
1839 3053 1951 3113 hoc
1994 3052 2302 3122 similitem
2331 3070 2576 3112 munera
2623 3053 2881 3130 capiens,

290 3180 433 3240 ergo
483 3169 625 3221 tunc
670 3167 864 3239 potest
908 3178 977 3218 ex
1026 3157 1256 3218 duobus
1293 3161 1586 3237 corruptis
1618 3176 1835 3218 nomen
1883 3175 2040 3223 esse,
2089 3156 2363 3234 quotiens
2408 3156 2533 3233 ipsa
2581 3156 2886 3233 corruptio

286 3263 618 3324 resolvitur
664 3271 723 3323 et
767 3262 904 3322 lacit
952 3254 959 3335 Ι
1007 3262 1305 3338 integrum
1351 3278 1586 3321 nomen.

460 3366 780 3426 Praeterea
838 3364 993 3423 scire
1055 3362 1340 3423 debemus
1396 3381 1526 3424 esse
1583 3362 1774 3442 aliqua
1823 3362 2058 3421 nomina
2106 3378 2257 3439 quae
2304 3377 2375 3420 ex
2421 3356 2653 3418 dnobus
2697 3359 2885 3418 nomi-

291 3468 505 3527 nativis
553 3467 713 3526 [iunt.
806 3464 1158 3544 plerumque
1217 3466 1505 3541 contingit
1560 3467 1716 3524 enim
1777 3474 1840 3524 ut
1897 3481 2078 3524 unum
2139 3480 2354 3521 nomen
2399 3461 2499 3548 fiat
2541 3460 2614 3519 do
2659 3458 2888 3520 dnobus

219 3590 267 3627 30
293 3569 712 3636 nominativis,
761 3577 818 3627 et
863 3569 1135 3647 quotiens
1180 3568 1259 3626 ita
1308 3567 1648 3644 contigerit,
1698 3573 1950 3643 utraque
1995 3571 2164 3644 parte
2210 3562 2564 3631 declinatur,
2630 3567 2693 3620 ut
2747 3570 2884 3641 puta

292 3679 541 3751 praetor
586 3669 863 3730 urbanus,
950 3671 1304 3745 contingunt
1346 3671 1486 3728 item
1534 3669 1773 3729 nomina
1833 3687 1981 3748 quae
2026 3668 2216 3746 prima
2264 3672 2433 3743 parte
2479 3661 2736 3724 habeant
2780 3683 2885 3723 no-

292 3774 642 3833 minativum
690 3781 746 3831 et
789 3772 1120 3851 posteriore
1167 3789 1316 3841 non,
1368 3773 1585 3839 etiam
1631 3789 1768 3849 pars
1815 3771 2002 3849 prima
2052 3774 2281 3827 tantum
2327 3765 2675 3827 declinatur.
2748 3785 2888 3826 con-

294 3996 445 4045 etiam
488 3995 686 4043 nomini
726 4008 964 4042 numerus
1009 4007 1063 4054 p.
1108 3993 1204 4044 177
1247 3994 1325 4046 ed.
1369 3992 1520 4043 Lind.
1561 4019 1625 4028 —
1660 4007 1714 4054 p.
1764 3991 1864 4042 186
1914 3992 2111 4040 uariant
2147 3990 2220 4039 illi
2260 4006 2322 4039 οε
2360 4003 2544 4040 riona».
2581 3989 2769 4054 Figura
2804 3997 2891 4036 aut

296 4065 545 4114 naturalis
575 4080 631 4127 p.
675 4064 775 4115 165
813 4090 880 4099 --
907 4080 958 4128 p.
999 4063 1100 4114 168
1136 4078 1425 4129 conponere
1461 4069 1556 4123 (os
1595 4078 1776 4113 mouns
1812 4063 1931 4111 add.
1964 4061 2034 4123 B)
2071 4061 2256 4126 Figura
2295 4061 2343 4107 in
2386 4059 2675 4107 nominibus
2703 4074 2761 4121 p.
2791 4058 2891 4108 186

296 4162 359 4170 -
393 4152 449 4198 p,
493 4134 596 4185 194
631 4134 777 4183 aliter
812 4147 910 4182 non
950 4133 1068 4182 licet
1103 4148 1169 4181 nn
1207 4148 1410 4184 castaus
1447 4133 1608 4183 Casus
1648 4134 1764 4182 dicei
1793 4142 1910 4181 sunt
1934 4147 1989 4194 p.
2026 4131 2123 4181 169
2155 4159 2223 4166 —-
2249 4147 2301 4194 p.
2344 4130 2440 4180 177
2481 4128 2695 4178 cladium
2733 4128 2886 4191 (ιι-ΕΜ

293 4206 413 4258 add.
456 4205 525 4268 C)
566 4219 630 4254 1>ss
669 4219 873 4255 emens
910 4202 1056 4251 Greci
1093 4217 1243 4254 casus
1278 4203 1466 4253 liabent
1500 4218 1551 4264 p.
1594 4203 1689 4253 194
1724 4212 1832 4266 sqq.
1876 4202 1989 4254 BC.
2042 4218 2155 4251 nam
2190 4216 2252 4250 ea
2289 4216 2417 4263 quae
2447 4201 2511 4248 de
2545 4201 2787 4253 numeria,
2828 4200 2890 4246 de

287 4277 502 4339 fimum,
541 4276 605 4325 de
636 4274 840 4324 casibus
872 4274 1046 4322 itervm
1083 4275 1275 4336 scripta
1305 4281 1356 4322 el
1387 4289 1445 4324 eo
1477 4274 1588 4323 Ioco
1616 4290 1712 4339 quo
1749 4278 1985 4336 quuneur
2024 4274 2074 4321 in
2111 4271 2158 4319 Α
2195 4272 2335 4320 edita
2369 4278 2485 4321 sunt
2523 4271 2663 4333 infra
2696 4284 2751 4330 p·
2792 4269 2889 4317 177

295 4361 404 4410 sqq.
448 4345 533 4394 ed.
578 4346 730 4395 Lind.
781 4351 963 4392 mutato
1002 4342 1180 4393 ordine
1218 4345 1268 4393 in
1302 4342 1406 4394 BC
1435 4344 1693 4405 prioribus·
1741 4342 2041 4393 tractatibus
2091 4342 2153 4390 de
2199 4341 2371 4390 iisdem
2409 4341 2560 4389 rebus
2595 4339 2891 4401 interposita

294 4424 409 4465 sunt
555 4415 581 4465 1
624 4415 686 4464 de
726 4413 904 4477 liguris
940 4411 988 4460 A
1131 4414 1198 4465 10
1235 4415 1460 4478 integras
1493 4414 1535 4462 si
1572 4414 1713 4463 dicas
1751 4412 1924 4463 Bca*
1965 4412 2190 4478 integras
2223 4452 2236 4463 .
2264 4452 2276 4463 .
2307 4451 2318 4462 .
2354 4425 2438 4459 cas
2477 4412 2523 4457 Α
2626 4418 2891 4472 corruptas

298 4495 353 4532 ut
388 4484 576 4535 efficax
617 4480 799 4533 BCa*
836 4491 1099 4547 corruptas
1137 4492 1255 4533 sunt
1302 4484 1483 4533 efficax
1522 4483 1570 4531 Α
1714 4484 1778 4534 12
1816 4480 2145 4546 nugigerolus
2184 4480 2352 4530 ABG
2482 4480 2707 4541 soi-tasse
2744 4479 2890 4527 aliter

300 4554 497 4605 Probus
537 4555 616 4604 vel
649 4553 750 4602 alia
788 4552 942 4602 babes
984 4554 1032 4601 in
1073 4563 1177 4603 arte
1214 4554 1391 4603 Probi:
1439 4554 1507 4614 cs.
1546 4554 1684 4610 infra
1727 4568 1786 4615 p.
1826 4551 1924 4601 187
1966 4551 2046 4602 ed.
2088 4552 2242 4601 Lina.
2283 4550 2443 4613 Proh.
2488 4551 2646 4601 instit.
2687 4556 2792 4599 art.
2830 4563 2886 4610 p.

300 4624 384 4682 53,
428 4621 494 4673 18
603 4622 669 4674 19
705 4627 889 4672 lacuna
914 4640 1058 4688 quam
1084 4625 1304 4675 indicavi
1336 4625 1461 4673 haec
1489 4625 1604 4685 fere
1638 4623 1890 4672 excidisse
1917 4621 2165 4684 videntur,
2200 4621 2393 4669 nullum
2433 4635 2611 4668 nomen
2653 4619 2886 4677 inveniri,

301 4694 436 4754 quod
466 4707 566 4742 non
599 4695 665 4742 sit
700 4695 1022 4758 conpositum
1126 4695 1423 4744 anctoritate
1462 4693 1510 4742 B
1630 4693 1697 4743 20
1736 4691 2023 4741 inuenietur
2060 4691 2101 4741 C
2238 4691 2306 4741 :29
2338 4691 2460 4739 liunt
2497 4689 2607 4738 AB
2645 4692 2765 4738 liant
2803 4690 2890 4738 Ga

300 4764 370 4814 30
404 4763 505 4811 ista
549 4764 859 4830 contingerit
894 4773 1105 4827 utraque
1154 4774 1299 4831 parte
1347 4763 1627 4814 dec-linatur
1674 4764 1774 4813 nisi
1821 4770 2030 4823 utraque
2067 4770 2211 4826 parte
2250 4759 2400 4810 fuerit
2450 4760 2802 4808 nominatiuus
2840 4769 2894 4807 ut

304 4842 425 4896 puta
465 4832 511 4881 A
652 4833 715 4884 31
762 4830 902 4899 item]
957 4846 1125 4883 autem
1164 4834 1336 4883 ABG
1473 4832 1539 4883 32
1579 4847 1697 4897 pars
1743 4828 1932 4899 primu]
1978 4845 2100 4895 pars
2139 4831 2300 4895 prima
2338 4840 2513 4879 natura
2551 4828 2613 4878 a*
2650 4830 2700 4878 in
2736 4831 2893 4879 litura

302 4902 468 4953 decem
495 4902 614 4966 sere
650 4905 927 4954 litterarum

2901 712 3019 774 408,
3045 713 3111 762 20

2902 783 3020 844 494,
3044 781 3110 830 34
