3541 5564
591 373 716 437 444
1693 374 2059 436 EVTYCIIIS

591 560 657 622 in
711 557 1026 644 exemplis
1079 567 1378 623 veterum
1437 558 1827 644 scriptorum
1886 581 1926 623 a
1979 557 2401 642 grammatico
2457 558 2675 622 citatis
2733 558 2828 621 ita
2890 556 3167 621 adhibiti

591 669 772 743 sunt,
817 670 894 725 ut
937 668 1196 745 praeter
1238 668 1497 745 apertos
1543 660 1958 724 librariorum
1989 683 2241 724 errores
2272 659 2433 724 nihil
2478 660 2648 745 quod
2695 658 2883 723 aliter
2924 660 2993 722 in
3038 657 3167 721 illis

590 771 785 848 atque
831 762 896 824 in
941 761 1227 847 antiquis
1275 760 1528 826 duobus
1577 764 1893 848 scriptum
1951 773 2050 827 est
2092 763 2522 827 omitteretur.
2613 771 2952 847 praeterea
2995 761 3167 847 prin-

591 864 755 949 cipis
801 863 1105 928 editionis
1154 864 1481 950 scriptura
1526 865 1616 950 (ς)
1663 866 1889 952 paucis
1936 864 2097 930 locis
2142 864 2429 929 indicata
2473 873 2592 927 est.

760 965 868 1028 Ex
927 964 1195 1052 reliquis
1252 965 1570 1051 Eutychis
1629 966 1846 1048 libris,
1902 989 2062 1054 quos
2119 965 2384 1052 quidem
2441 964 2580 1029 vidi
2646 975 2712 1029 et
2773 963 3167 1044 examinavi,

591 1066 874 1130 maxime
934 1066 1388 1132 memorabiles
1447 1078 1600 1133 sunt
1652 1068 1741 1132 hi.
1830 1068 2044 1134 codex
2098 1068 2433 1133 Parisinus
2493 1066 2658 1130 7499
2715 1064 2865 1130 olim
2911 1064 3170 1130 Claudii

593 1170 865 1233 Puteani
910 1191 1076 1234 saec.
1110 1168 1237 1251 XI,
1284 1169 1332 1233 f.
1365 1170 1446 1233 72
1474 1208 1557 1217 —
1588 1172 1634 1233 f.
1668 1171 1744 1233 91
1794 1177 2089 1251 incipiunt
2130 1176 2403 1250 capitula
2444 1173 2593 1232 libri
2630 1174 2840 1232 euticis
2869 1174 2945 1232 de
2986 1172 3172 1232 uerbo

592 1270 624 1333 I
671 1276 760 1333 De
810 1264 1339 1351 coniuyationibus
1389 1293 1710 1351 qrecorum
1767 1283 1889 1337 etc.
1987 1277 2129 1336 Cum
2183 1293 2416 1351 semper
2457 1309 2540 1318 —
2584 1276 2834 1350 explicit
2878 1275 3173 1350 prolapus

583 1375 874 1448 feliciter.
951 1379 1167 1454 incipit
1207 1378 1359 1437 liber
1402 1378 1439 1437 I
1479 1381 1686 1438 euticii
1726 1380 1802 1438 de
1845 1379 2029 1438 uerbo
2071 1385 2129 1437 et
2173 1379 2248 1437 de
2288 1378 2813 1451 coniuqationibus
2850 1392 3170 1450 arecorum

591 1486 650 1537 et
694 1481 770 1538 cle
813 1481 1198 1539 dissimilibus
1241 1497 1317 1540 ac
1344 1481 1631 1540 similibus
1659 1483 1887 1555 reptilis
1914 1497 2118 1540 eorum
2150 1497 2225 1539 ac
2253 1482 2575 1539 latinorum
2616 1486 2675 1538 et
2719 1481 2795 1538 cle
2835 1480 3173 1551 coqnitione

592 1583 1081 1655 coniuyationum
1124 1599 1206 1641 ex
1237 1584 1442 1657 prima
1476 1600 1745 1658 persona
1789 1591 1847 1642 et
1890 1585 1966 1642 de
2009 1583 2305 1642 anomalis
2348 1582 2565 1641 uerbis.
2635 1580 2780 1639 Tres
2822 1581 3059 1655 quidem
3096 1612 3164 1621 —

595 1684 885 1742 uindicat.
974 1679 1043 1742 in
1099 1679 1313 1765 priore
1369 1678 1536 1745 libro
1593 1679 1799 1745 multa
1855 1677 2099 1744 scholia
2155 1680 2221 1742 in
2276 1678 2568 1763 margine
2623 1678 2955 1763 adscripta
2998 1685 3168 1741 sunt.

594 1802 679 1844 ex
724 1780 844 1845 hoc
888 1779 1113 1845 codice
1157 1781 1472 1866 capitula,
1520 1804 1686 1869 quae
1730 1783 1801 1846 in
1845 1781 2070 1848 codice
2100 1781 2399 1845 Parisino
2443 1780 2607 1844 7498
2653 1802 2910 1867 quoque
2955 1801 3172 1843 nume-

595 1882 683 1945 ris
730 1882 797 1944 in
853 1882 1256 1967 marginibus
1301 1882 1647 1969 adscriptis
1679 1883 1969 1948 indicata
1998 1892 2182 1966 sunt,
2228 1883 2297 1946 in
2340 1882 2468 1945 fine
2514 1880 2662 1946 libri
2707 1880 2905 1945 edidi.
2963 1879 3173 1945 codex

597 1983 929 2048 Parisinus
977 1983 1189 2071 suppl.
1240 1985 1323 2049 69
1367 2006 1534 2049 saec.
1581 1983 1684 2048 XI
1731 1986 1779 2050 f.
1824 1985 1945 2050 39*
1979 2025 2046 2033 —-
2086 1986 2135 2051 f.
2180 1985 2263 2049 72
2318 1990 2532 2064 incipit
2573 2005 2679 2047 ars
2721 1989 2929 2047 euticii
2964 2003 3170 2061 qram-

595 2092 821 2150 matici.
919 2091 1062 2152 Cum
1105 2107 1337 2167 semper
1380 2125 1465 2133 —
1508 2093 1782 2152 uindicat
1821 2093 1951 2152 sibi.
2028 2088 2236 2151 codex
2281 2085 2782 2170 Bambergensis
2826 2084 2919 2148 M.
2964 2083 3047 2147 V.
3096 2083 3173 2147 18

598 2210 768 2253 saec.
817 2188 883 2251 X
930 2188 978 2253 f.
1011 2189 1262 2253 71-85
1305 2195 1522 2270 incipit
1564 2210 1670 2254 ars
1711 2196 1922 2254 euticii
1961 2197 2037 2254 de
2080 2195 2280 2254 uerbo.
2333 2193 2475 2253 Cum
2504 2208 2737 2268 semper
2764 2225 2850 2235 --
2877 2192 3170 2251 uindicat.

595 2296 850 2371 explicit
893 2312 1000 2353 ars
1043 2297 1251 2355 euticii
1290 2297 1367 2354 de
1407 2296 1612 2357 uerbo.
1702 2290 1914 2357 codex
1956 2291 2366 2355 Monacensis
2411 2291 2574 2355 6411
2621 2289 2789 2354 Fris.
2834 2288 2955 2351 211
3004 2309 3174 2352 saec.

600 2392 706 2457 XI
750 2391 855 2458 vel
901 2392 967 2455 X
1012 2391 1060 2456 f.
1124 2392 1353 2457 1—28
1397 2399 1498 2472 epi
1540 2392 1630 2479 (?)
1672 2415 1956 2472 qramma
1988 2443 2003 2458 .
2039 2443 2055 2458 .
2092 2443 2108 2458 .
2155 2399 2371 2457 euticii.
2445 2398 2587 2456 Cum
2629 2410 2864 2472 semper
2903 2428 2988 2437 —-
3032 2411 3174 2454 uen-

599 2500 784 2559 dicat.
876 2493 1083 2558 codex
1138 2494 1550 2559 Monacensis
1608 2495 1772 2560 6417
1829 2495 1996 2560 Fris.
2043 2496 2165 2558 217
2223 2516 2392 2560 saec.
2448 2493 2590 2558 XII
2646 2495 2694 2557 f.
2746 2493 2976 2557 1—30
3030 2497 3173 2555 Cum

597 2618 830 2677 semper
865 2634 931 2642 —-
969 2617 1095 2660 esse
1137 2609 1542 2662 monstratum.
1604 2603 1744 2674 finit
1786 2604 1996 2662 euticis
2036 2602 2138 2660 lib.
2172 2601 2263 2681 ΙΙ,
2287 2603 2362 2660 de
2402 2599 2920 2673 coniuyationibus
2963 2600 3174 2658 dister-

604 2703 835 2763 nendis.
927 2697 1135 2761 codex
1179 2697 1516 2763 Leidensis
1562 2697 1755 2763 Voss.
1803 2700 1909 2762 41.
1955 2698 1994 2761 8
2051 2719 2215 2762 saec.
2266 2698 2332 2761 X
2388 2697 2436 2761 f.
2489 2700 2521 2760 1
2569 2721 2710 2785 sqq.
2769 2701 2982 2776 incipit
3022 2699 3177 2759 liber

601 2807 753 2866 eutic
786 2850 799 2864 .
836 2849 850 2863 .
893 2806 1286 2879 qrammatici
1325 2807 1401 2864 de
1445 2806 1648 2865 uerbo.
1708 2806 1852 2866 Cum
1894 2822 2128 2882 semper
2171 2838 2252 2849 -
2298 2822 2425 2865 esse
2465 2811 2877 2865 monstratum.
2922 2803 3177 2878 explicit

598 2909 754 2968 liber
807 2909 1032 2967 euticis,
1123 2912 1462 2989 praeterea
1516 2903 1889 2987 ffagmenta
1942 2926 2071 2967 non
2125 2902 2304 2968 nulla
2354 2902 2693 2988 utriusque
2737 2901 2887 2966 libri
2932 2900 3179 2985 scripta

603 3014 757 3069 sunt
800 3006 867 3068 in
912 3003 1012 3068 his
1059 3004 1419 3087 codicibus,
1465 3004 1535 3069 in
1565 3003 2110 3090 Sangermanensi
2158 3005 2317 3069 1188
2363 3027 2534 3069 saec.
2568 3005 2670 3069 IX
2715 3003 2837 3067 hac
2881 3003 3179 3067 subiecta

603 3106 1114 3192 subscriptione,
1170 3112 1423 3187 explicit
1477 3128 1582 3172 ars
1634 3113 1844 3172 euticii
1894 3106 1974 3172 de
2018 3107 2221 3172 verbo
2234 3154 2253 3188 ,
2310 3107 2379 3171 in
2434 3105 3007 3193 Montepessulano
3051 3104 3177 3168 358

605 3230 771 3273 saec.
817 3208 916 3290 X,
977 3214 1191 3289 incipit
1242 3230 1349 3273 ars
1391 3215 1596 3274 euticii
1634 3215 1711 3272 de
1751 3214 1961 3287 verbo,
2004 3210 2072 3274 in
2117 3206 2525 3294 Sangallensi
2571 3208 2696 3272 822
2740 3229 2906 3272 saec.
2953 3206 3053 3288 X,
3109 3207 3176 3269 in

603 3333 729 3397 quo
773 3310 978 3397 priori
1020 3309 1187 3376 libro
1234 3310 1608 3398 subscripta
1652 3321 1805 3376 sunt
1845 3311 2038 3393 haec,
2080 3316 2332 3391 explicit
2365 3316 2603 3389 primus
2642 3315 2795 3374 liber
2837 3315 3050 3388 incipit
3091 3329 3178 3370 se-

602 3419 836 3478 cundus
878 3418 1090 3478 euticis
1129 3420 1523 3491 qrammatici
1562 3420 1638 3477 de
1680 3419 2095 3478 discernendis
2136 3417 2674 3490 coniuqationibus.

771 3513 1026 3579 Nomen
1055 3515 1462 3600 grammatici
1493 3525 1559 3581 et
1602 3515 1670 3578 in
1713 3514 2084 3596 codicibUS,
2117 3536 2391 3600 quorum
2420 3513 2873 3599 inscriptiones
2919 3523 2986 3578 et
3029 3511 3175 3576 sub-

604 3617 986 3702 scriptiones
1034 3639 1234 3703 supra
1275 3618 1529 3703 positae
1572 3628 1748 3700 sunt,
1808 3628 1873 3682 et
1916 3639 1955 3681 a
2006 3616 2478 3681 recentioribus
2532 3614 3007 3700 grammaticis,
3066 3616 3177 3700 qui

603 3718 742 3782 eius
785 3716 971 3782 libris
1016 3719 1120 3783 usi
1165 3728 1349 3801 sunt,
1407 3719 1668 3785 diverso
1726 3718 1919 3784 modo
1978 3718 2289 3805 scriptum
2347 3727 2469 3783 est.
2558 3719 2626 3781 in
2668 3717 2962 3805 plurimis
3008 3717 3179 3779 enim

604 3820 788 3884 libris
833 3818 1074 3905 legitur
1118 3825 1361 3902 Euticii‚
1405 3824 1474 3885 in
1519 3821 1665 3885 aliis
1712 3827 1961 3886 EuticiS.
2046 3819 2220 3884 unde
2275 3819 2567 3907 plerique
2620 3818 2953 3884 Euticium
2999 3817 3179 3882 dixe-

603 3930 795 4005 runt,
842 3944 972 4008 qua
1013 3921 1228 3987 forma
1268 3924 1371 3986 usi
1415 3931 1569 3987 sunt
1610 3921 1929 3987 Alcuinus
1974 3923 2042 3985 in
2098 3922 2397 3987 versibus
2444 3920 2526 3986 de
2568 3920 2965 3987 bibliotheca
3007 3919 3181 3984 Ebo-

604 4022 858 4089 racensi
904 4023 1065 4108 (vol.
1112 4023 1147 4087 1
1190 4025 1396 4111 praef.
1444 4047 1508 4111 p.
1555 4022 1839 4106 XXIII,
1886 4022 2016 4089 vol.
2066 4023 2134 4088 ΙΙ
2178 4025 2385 4111 praef.
2432 4046 2497 4110 p.
2542 4022 2714 4108 IX),
2770 4026 3015 4088 Servius
3060 4027 3178 4086 Eu-

604 4132 780 4191 ticius
808 4131 1123 4207 Pompeius
1153 4132 1622 4206 Comminianus,
1672 4136 1737 4191 et
1767 4123 2069 4190 Clemens
2100 4125 2168 4189 in
2199 4126 2523 4211 excerptis
2570 4124 2812 4191 codicis
2842 4123 3180 4189 Leidensis

604 4228 793 4292 Voss.
823 4227 928 4293 33.
957 4228 1001 4290 4
1043 4228 1091 4292 f.
1128 4229 1308 4311 161*‚
1352 4234 1464 4292 sed
1504 4234 1723 4293 uticius
1767 4228 1961 4313 (corr.
2008 4228 2288 4313 euticius)
2335 4233 2483 4292 dicit
2526 4233 2692 4307 quod
2723 4231 2910 4304 seruo
2954 4233 3016 4291 in
3059 4237 3180 4289 ter-

604 4336 691 4394 tia
744 4336 1170 4410 coniuqatione
1224 4342 1282 4395 et
1324 4335 1544 4407 ferueo
1598 4337 1660 4395 in
1714 4336 2013 4412 secunda,
2069 4336 2159 4394 ita
2214 4336 2516 4409 inquiens,
2577 4351 2611 4392 e
2662 4341 2860 4393 autem
2903 4335 3181 4394 carentia

602 4438 818 4497 tertiae
857 4445 998 4498 sunt
1037 4439 1499 4513 coniuqationis,
1547 4443 1614 4498 ut
1647 4435 1871 4510 serueo
1906 4435 2122 4510 fernes
2164 4442 2223 4496 et
2256 4434 2440 4509 seruo
2478 4434 2707 4513 seruis,
2753 4436 2913 4495 unde
2954 4442 3012 4494 et
3054 4437 3179 4496 uir-

600 4541 784 4613 qilius
827 4542 890 4600 in
945 4547 1161 4600 octauo
1213 4540 1370 4599 libro
1415 4538 1669 4610 seruere·
1722 4540 2000 4600 leucaten
2057 4540 2223 4600 dicit.
2312 4532 2422 4598 alii
2478 4556 2561 4598 ex
2603 4534 2908 4618 genetivo
2955 4538 3182 4598 Euticis

604 4637 1080 4703 nominativum
1133 4637 1465 4701 finxerunt
1521 4641 1721 4701 Eutex
1741 4685 1759 4718 ,
1818 4659 2010 4724 quem
2060 4659 2192 4701 una
2245 4658 2394 4700 cum
2448 4636 2781 4721 superiore
2825 4644 3182 4722 posuerunt

605 4738 1012 4821 grammatici
1077 4736 1186 4824 qui
1252 4738 1490 4824 ineptis
1556 4738 1967 4824 etymologiis
2037 4762 2270 4804 nomen
2324 4738 2737 4823 interpretari
2793 4738 3181 4802 studuerunt

608 4838 675 4902 in
719 4839 942 4905 codice
986 4829 1285 4903 Parisino
1332 4839 1499 4903 7499
1542 4848 1607 4903 et
1648 4842 1716 4904 in
1761 4840 1986 4905 codice
2016 4839 2509 4925 Bambergensi.
2569 4860 2723 4902 nam
2767 4839 2833 4904 in
2881 4838 3179 4902 Parisino
