3541 5564
556 233 676 299 104
1685 233 1967 295 POMPEI

603 358 645 398 p.
675 345 826 385 18—20
856 343 897 383 L.

552 424 712 485 illam
767 423 837 484 ad
898 422 1071 484 aliam
1127 422 1416 493 litteram,
1476 429 1535 483 et
1580 421 1708 482 vide
1754 424 1891 502 quia
1935 439 2053 482 non
2100 424 2187 482 sic
2231 432 2430 494 sonat,
2479 422 2582 484 sed
2627 425 2903 503 pinguius
2946 434 3135 495 sonat,

552 524 765 587 vulnus
820 542 1020 586 vanuS.
1114 524 1394 604 numquid
1452 526 1538 584 sic
1596 532 1768 585 sonat
1823 542 2005 595 nnuS,
2070 526 2075 606 1
2125 525 2360 602 quando
2405 545 2442 586 u
2488 526 2611 586 sola
2658 531 2782 586 est?
2840 545 2988 597 non,
3035 526 3140 587 sed

561 629 816 689 tenuiter
871 636 1057 688 sonat.
1147 645 1330 689 vanus
1385 626 1619 707 quando
1677 626 1841 694 dico,
1899 628 2173 706 pinguior
2230 647 2409 688 sonus
2465 636 2573 689 est.
2662 628 2945 708 numquid
2993 627 3142 689 dicis

553 752 592 792 u
637 750 669 790 a
716 733 859 791 nus?
916 748 1060 808 ergo
1119 729 1282 789 vides
1344 732 1510 808 quia,
1568 731 1618 789 si
1662 737 1964 808 ponantur
2006 729 2194 800 solae,
2252 738 2488 792 tenuem
2536 749 2747 792 sonum
2791 730 3041 801 habent,
3091 733 3140 791 si

555 835 877 910 iungantur
923 832 996 892 ad
1040 831 1183 893 alias
1226 830 1482 900 litteraS,
1529 834 1782 911 pingues
1826 840 2056 920 sonant.
2102 831 2373 892 similiter
2419 841 2475 893 et
2516 835 2536 893 i
2583 835 2669 894 sic
2711 835 2950 913 patitur.
2998 837 3137 902 itur.
3168 855 3194 894 5

555 954 694 996 ecce
741 936 977 994 tenuius
1023 941 1221 1002 sonat;
1268 933 1317 993 si
1365 933 1525 993 dicas
1571 933 1788 1004 Titius,
1837 936 2116 1013 pinguius
2160 943 2329 995 sonat
2376 943 2432 995 et
2475 935 2673 1014 perdit
2714 955 2926 997 sonum
2971 955 3141 999 suum

557 1044 616 1096 et
671 1037 889 1115 accipit
945 1035 1202 1096 sibilum.
1294 1053 1436 1115 ergo
1494 1054 1609 1115 quo
1667 1035 1844 1096 modo
1903 1034 2087 1103 dixit,
2141 1046 2352 1097 sonant
2409 1037 2665 1106 mediae,
2725 1038 2782 1098 id
2841 1047 2929 1099 est
2986 1038 3143 1117 quod

555 1138 715 1200 solae
759 1138 929 1199 aliter
973 1144 1213 1205 sonant,
1263 1135 1432 1197 aliter
1479 1140 1744 1203 iunctae,
1794 1138 2015 1199 idcirco
2064 1137 2340 1200 dicuntur
2387 1140 2643 1209 mediae.
2692 1142 2970 1220 quoniam
3016 1159 3143 1201 me-

557 1242 719 1304 dium
783 1240 1004 1301 habent
1061 1258 1303 1309 sonum,
1349 1257 1460 1300 nec
1507 1239 1837 1301 naturalem
1884 1258 1994 1300 nec
2040 1244 2366 1320 proprium.
2457 1251 2597 1302 sunt
2642 1244 2815 1302 etiam
2863 1260 3016 1320 quae
3060 1241 3145 1302 di-

558 1352 771 1404 cuntur
826 1343 1135 1410 idiomata,
1196 1360 1344 1421 quae
1401 1350 1587 1403 artem
1646 1361 1764 1403 non
1812 1343 2061 1413 habent,
2109 1343 2214 1403 sed
2259 1363 2366 1404 usu
2412 1344 2817 1423 proferuntur.
2906 1353 3048 1424 puta
3095 1346 3144 1405 si
3176 1364 3224 1400 ιο

559 1445 720 1506 dicas
768 1446 962 1505 ‘venit
1019 1444 1257 1522 quidam
1315 1445 1456 1512 vir',
1507 1442 1770 1524 [quando
1828 1443 2001 1525 dicis]
2060 1444 2195 1505 illae
2250 1444 2482 1506 litterae
2527 1465 2646 1507 non
2691 1454 2919 1507 sonant.
3013 1466 3147 1507 nam

560 1545 888 1608 naturalem
935 1544 1156 1607 habent
1199 1563 1430 1606 sonum.
1494 1563 1628 1607 nam
1676 1548 1725 1607 si
1770 1555 2053 1607 sonarent
2096 1549 2258 1627 ipsae
2303 1546 2564 1619 litterae,
2615 1568 2652 1608 u
2697 1550 2751 1608 ir
2796 1548 3146 1619 diceremuS,

562 1658 620 1709 et
666 1657 822 1709 esset
867 1647 994 1708 vilis
1049 1666 1247 1709 sonus,
1336 1647 1557 1709 habent
1614 1648 1872 1708 medium
1930 1650 2223 1728 quendam
2269 1668 2509 1719 sonum,
2561 1669 2677 1711 non
2724 1648 2889 1711 illum
2935 1670 3146 1711 sonum

561 1768 738 1829 quem
760 1749 1024 1816 .l]abent.

254 1913 257 1914 ⁷
324 1861 442 1920 421,
470 1861 533 1909 33
728 1853 842 1913 ista
888 1854 1223 1913 communia
1271 1862 1410 1914 sunt
1451 1855 1609 1914 inter
1654 1862 1962 1931 utramque
2008 1853 2280 1915 litteram.
2372 1855 2487 1914 iam
2534 1853 2861 1925 videamuS,
2911 1855 3148 1933 quando
3176 1873 3227 1911 ιε,

323 1928 535 2057 ἓζῗζὲὅ
562 1955 775 2015 accidit
829 1974 866 2015 ιι
923 1953 1154 2034 litterae
1211 1964 1274 2016 nt
1330 1957 1574 2017 omnino
1633 1955 1779 2016 nihil
1822 1957 1914 2016 sit.
2005 1954 2240 2035 quando
2287 1976 2324 2017 u
2372 1955 2515 2016 nibil
2564 1959 2687 2017 est?
2732 1965 2871 2018 tunc
2916 1977 2957 2020 u
3003 1956 3148 2017 nihil

564 2059 702 2125 erit,
761 2057 891 2117 vide
948 2076 1062 2136 qua
1121 2056 1441 2118 subtilitate
1498 2056 1640 2117 nibil
1702 2060 1845 2126 erit,
1906 2059 1953 2117 si
2014 2058 2173 2118 dicas
2233 2059 2618 2134 ‘quoniam’z
2689 2079 2728 2138 q
2772 2079 2811 2119 u
2859 2067 2916 2119 ct
2961 2079 2995 2119 o
3042 2067 3147 2120 est.

563 2162 672 2220 ista
718 2179 755 2220 u
801 2159 959 2244 quid·
1000 2161 1146 2219 erit?
1200 2159 1454 2221 vocalis?
1518 2177 1634 2220 non
1693 2167 1904 2239 potest.
1997 2178 2133 2220 nam
2189 2169 2330 2220 tunc
2387 2169 2609 2221 tantum
2670 2160 2890 2222 vocalis
2937 2170 3052 2230 est,
3100 2164 3176 2220 si·

564 2259 684 2321 sola
735 2260 937 2321 suerit:
997 2260 1173 2321 modo
1219 2259 1388 2322 alteri
1435 2261 1619 2322 vocali
1663 2263 1863 2322 iuncta
1910 2271 2013 2322 est.
2103 2279 2246 2339 ergo
2291 2261 2425 2322 ideo
2470 2281 2587 2323 non
2635 2270 2831 2341 potest
2875 2281 3006 2323 esse
3054 2280 3150 2323 vo-

565 2362 739 2434 calis,
788 2365 923 2439 quia
970 2361 1146 2422 habet
1192 2372 1324 2442 post
1366 2383 1428 2424 se
1475 2362 1772 2440 vocajlem.
1852 2382 1993 2424 num
2038 2364 2192 2424 sorte
2238 2383 2568 2424 consonans
2614 2366 2734 2424 est?
2782 2382 2892 2424 nec
2938 2383 3152 2425 conso·
3179 2385 3232 2422 20

567 2483 713 2526 nans
760 2472 865 2525 est.
930 2465 1150 2544 quare?
1197 2466 1333 2541 quia
1379 2484 1498 2525 non
1546 2473 1635 2525 cst
1679 2467 1860 2543 prior.
1925 2483 2068 2544 ergo
2101 2475 2311 2526 utnon
2344 2468 2421 2526 sit
2462 2465 2678 2527 vocalis
2722 2465 2819 2525 illa
2864 2485 2961 2525 res
2991 2467 3152 2536 facit,

566 2569 699 2647 qnia
745 2566 940 2626 iuncta
988 2574 1078 2625 est
1122 2550 1293 2626 alteri
1336 2565 1554 2636 vocali:
1603 2576 1670 2627 ut
1714 2586 1830 2627 non
1877 2570 1953 2628 sit
1995 2586 2325 2628 consonans
2368 2568 2463 2629 illa
2512 2588 2607 2628 res
2650 2568 2805 2638 facit,
2855 2570 2989 2647 quia
3033 2587 3155 2629 non

568 2677 659 2730 est
702 2669 887 2750 prior.
974 2668 1052 2728 ita
1108 2669 1174 2728 fit
1226 2676 1291 2728 ut
1344 2686 1455 2729 nec
1513 2668 1726 2731 vocalis
1782 2671 1857 2729 sit
1903 2689 2012 2732 nec
2055 2689 2406 2732 consonans
2499 2688 2641 2748 ergo
2686 2669 2832 2731 nibil
2879 2672 3014 2731 erit.
3106 2673 3157 2730 si

568 2771 713 2832 nihil
761 2770 899 2838 erit,
948 2769 1085 2850 quid
1133 2768 1312 2831 habet
1358 2773 1527 2832 esse?
1572 2770 1736 2832 nihil.
1798 2790 1979 2850 quare
2026 2791 2168 2851 ergo
2213 2770 2299 2833 ibi
2343 2760 2659 2833 scribitur?
2702 2779 2947 2853 propter
2991 2771 3154 2833 illam

569 2891 834 2940 causam,
883 2873 1018 2950 quia
1065 2891 1201 2952 pars
1248 2880 1335 2933 est
1379 2871 1608 2934 litterae
1652 2874 2081 2952 praecedentis
2141 2893 2177 2934 u
2225 2874 2419 2935 littera
2463 2892 2604 2952 ergo
2648 2874 3001 2954 aliquotiens
3045 2892 3156 2934 nec
3182 2898 3234 2935 25

572 2992 906 3036 consonans
964 2982 1052 3034 est
1107 2994 1218 3035 nec
1264 2973 1509 3045 vocalis,
1565 2984 1706 3036 tunc
1753 2975 1987 3056 quando
2033 2978 2271 3056 ponitur
2316 2978 2377 3035 in
2424 2976 2618 3037 medio
2663 2996 2700 3055 q
2744 2975 3157 3055 praecedentis

573 3088 632 3140 et
675 3080 1117 3156 cuiuscumque.
1155 3078 1369 3138 vocalis
1422 3081 1751 3158 sequentis,
1815 3086 1880 3138 ut
1922 3079 1972 3138 si
2016 3077 2177 3138 dicas
2235 3080 2534 3158 quoniam.
2624 3077 2861 3159 quando
2908 3077 3157 3138 dicimus

573 3183 882 3276 quoniam·
939 3200 976 3260 q
1021 3199 1059 3240 u
1105 3186 1242 3255 eto
1288 3188 1394 3241 est.
1485 3201 1524 3241 u
1572 3182 1750 3257 ‘istam
1808 3179 1946 3260 quid
1992 3179 2292 3240 dicemus?
2350 3178 2609 3241 vocalem
2655 3199 2775 3241 non
2818 3199 3153 3259 possumus,

575 3286 710 3362 quia
755 3285 1024 3363 sequitur
1081 3281 1326 3352 vocaliS,
1377 3289 1435 3342 et
1477 3283 1747 3361 quotiens
1787 3281 2005 3343 vocalis
2049 3284 2347 3359 sequitur.
2397 3284 2607 3343 transit
2662 3285 2722 3343 in
2779 3285 3160 3343 consonantis

573 3393 946 3466 potestatem.
1035 3402 1146 3444 nec
1192 3402 1527 3445 consonans
1574 3394 1679 3454 est,
1727 3386 1866 3465 quia
1910 3391 2053 3445 tunc
2098 3394 2189 3445 est
2232 3403 2584 3454 consonanS,
2632 3383 2867 3465 quando
2913 3403 3157 3464 praece·
3186 3409 3236 3447 30

577 3489 679 3549 dit.
745 3505 887 3565 ergo
935 3504 1045 3546 nec
1088 3484 1306 3547 vocalis
1354 3493 1440 3546 est
1484 3505 1596 3548 nec
1642 3504 2001 3556 consonanS,
2050 3488 2329 3566 quoniam
2377 3495 2436 3547 et
2478 3486 2657 3547 habet
2699 3495 2832 3566 post
2874 3505 2936 3547 se
2983 3485 3157 3547 aliam

577 3591 690 3653 sibi
735 3587 999 3649 vocalem
1042 3590 1300 3650 iunctam
1347 3590 1410 3649 et'
1450 3607 1569 3649 non
1613 3589 1736 3668 ipsa
1785 3587 2107 3668 praecedit.
2171 3588 2311 3668 quid
2360 3605 2501 3667 ergo
2547 3588 2847 3649 dicemus?
2894 3588 3160 3649 dicemus

578 3711 710 3754 eam
765 3689 931 3751 nibil.
1018 3691 1168 3751 dicis
1223 3689 1402 3759 nihil;
1465 3689 1570 3750 sed
1626 3698 1823 3750 tamen
1869 3697 1957 3750 est
2001 3689 2210 3751 littera.
2302 3691 2444 3770 quid
2492 3692 2601 3751 erit
2645 3691 2789 3751 ista?
2862 3710 3000 3770 pars
3045 3694 3162 3751 erit

578 3795 808 3856 litterae
852 3792 1282 3874 praecedentis,
1343 3794 1563 3853 etenim
1605 3794 1796 3872 ipsam
1839 3791 2094 3853 litteram
2140 3794 2598 3872 praecedentem
2641 3800 2830 3854 sonat.
2906 3801 2964 3853 et
3006 3793 3158 3863 vide,

580 3915 757 3976 quem
811 3896 883 3957 ad
938 3895 1182 3956 modum
1225 3903 1424 3966 sonat,
1483 3902 1542 3954 et
1594 3894 1860 3954 invenies
1917 3896 2199 3972 quoniam
2244 3894 2574 3958 naturalem
2621 3913 2833 3956 sonum
2879 3894 3060 3956 habet
3104 3904 3239 3956 etas

586 4002 851 4061 istarum.
918 3997 1154 4076 quando
1201 3996 1348 4058 dicis
1392 4015 1537 4074 que,
1586 3995 1725 4076 quid
1770 4004 1941 4057 sonat
1985 3998 2094 4057 nisi
2140 4014 2177 4073 q
2221 4005 2278 4057 et
2324 4000 2389 4059 e?
2435 4015 2577 4076 ergo
2622 3998 2759 4058 inde
2805 3999 3102 4058 invenitur
3150 3998 3178 4079 Ι·

721 4188 746 4238 1
788 4186 1032 4254 pinguius
1069 4184 1222 4235 BLa
1268 4185 1477 4251 pinguis
1509 4184 1617 4235 Ao
1752 4186 1783 4235 7
1822 4200 1947 4250 ergo
1984 4200 2097 4234 cum
2138 4185 2234 4234 hoc
2275 4185 2406 4234 dixit
2437 4185 2486 4235 L
2630 4185 2688 4237 11
2731 4198 2848 4233 nam
2881 4186 3159 4235 naturalem

585 4257 697 4307 AL
732 4272 881 4321 quem
918 4256 1196 4306 naturalem
1233 4254 1402 4306 Bac.-
1438 4269 1553 4303 nam
1596 4269 1686 4307 om.
1726 4255 1768 4305 0
1874 4254 1938 4306 15
1976 4255 2103 4304 inter
2138 4265 2402 4319 utramque
2438 4253 2654 4305 litteram
2686 4255 2772 4305 Ca
2806 4256 2856 4304 in
2895 4265 3160 4319 utramque

584 4329 800 4377 litteram
831 4327 947 4376 AB
984 4327 1213 4389 intraque
1249 4324 1464 4374 litteram
1507 4325 1555 4373 L
1697 4325 1758 4377 17
1792 4339 1888 4387 qua
1921 4326 2195 4374 subtilitate
2224 4325 2448 4376 intulerit
2478 4326 2867 4377 Lindemannus.
2906 4327 3163 4376 excidisse

584 4399 778 4449 videtur
820 4399 900 4448 vel
941 4397 1162 4460 definitio
1202 4397 1281 4445 vel
1315 4397 1586 4461 exemplum
1622 4412 1654 4445 u
1699 4397 1901 4445 litterae
1937 4411 2027 4444 nec
2074 4399 2262 4446 vocalis
2300 4411 2391 4447 nec
2435 4398 2756 4446 consonantis
2787 4397 2895 4444 loco
2943 4398 3160 4458 positae,

585 4480 703 4517 tunc
744 4484 777 4517 u
825 4467 949 4517 nihil
987 4468 1109 4526 erit,
1157 4465 1360 4530 quando
1400 4465 1527 4514 dicis
1563 4466 1886 4529 ‘qnoniam’.
1945 4473 1994 4514 et
2030 4466 2147 4514 vide
2184 4480 2279 4530 qua
2318 4466 2593 4516 subtilitate
2623 4463 2749 4515 nihil
2782 4466 2894 4526 erit,
2938 4468 2983 4514 si
3021 4465 3160 4515 dicas

583 4547 676 4589 etc.
724 4589 731 4595 ,
784 4552 826 4601 ᾳ,
852 4553 886 4586 ιι
923 4545 972 4586 et
1003 4552 1031 4587 o
1067 4538 1165 4586 ista
1196 4552 1230 4585 u
1256 4533 1358 4585 BC
1390 4551 1546 4599 quero
1580 4536 1676 4585 ista
1713 4553 1744 4585 u
1775 4536 1820 4584 A
1842 4534 1976 4599 (?)L
2086 4535 2150 4586 18
2188 4550 2284 4584 non
2313 4544 2478 4601 potest
2505 4551 2618 4585 esse
2649 4550 2765 4584 nam
2792 4543 2982 4585 tantum
3009 4537 3059 4585 A

586 4607 654 4658 20
691 4622 754 4657 ne
790 4608 917 4658 forte
961 4620 1249 4657 consonans
1283 4615 1359 4656 est
1393 4605 1539 4656 BGa
1577 4621 1639 4656 ne
1671 4606 1800 4656 sorte
1843 4620 2129 4655 consonans
2156 4614 2291 4655 esset
2327 4606 2377 4654 A
2515 4606 2584 4656 29
2621 4607 2850 4668 sequitur
2879 4606 3162 4671 posteriore

584 4681 692 4730 Ioco
729 4694 820 4728 om.
852 4680 899 4728 A
910 4677 953 4729 C
1044 4678 1369 4726 consonantis
1395 4676 1490 4726 Ba
1520 4676 1902 4727 consonantium
1936 4676 2042 4726 Ao
2142 4675 2210 4725 34
2244 4676 2409 4741 ipsam
2435 4675 2651 4725 litteram
2676 4677 2808 4739 AL,
2844 4692 2979 4730 corr.
3014 4678 3160 4726 istam

587 4749 637 4799 B
671 4750 816 4798 istam
850 4751 891 4801 C
1003 4746 1069 4799 36
1102 4744 1221 4814 qne]
1263 4762 1393 4811 quae
1423 4746 1647 4798 ABCL
1787 4746 1886 4796 nisi
1924 4763 1954 4810 q
1992 4754 2041 4795 et
2077 4761 2106 4795 e
2131 4744 2240 4796 BG
2272 4744 2371 4795 nisi
2405 4760 2470 4796 ue
2504 4746 2554 4794 A
2589 4747 2642 4795 ni
2680 4762 2744 4797 ne
2780 4746 2829 4795 L
