3541 5564
1668 325 1811 387 Ans
2908 320 3034 388 359

2645 446 2687 485 p.
2716 434 2832 473 2012.
2859 434 2909 472 43
2934 430 2980 471 P.

454 516 715 592 genitivo
774 514 1037 575 dativum
1092 531 1208 573 non
1266 515 1327 572 in
1387 515 1445 571 ui
1504 521 1768 591 torquet,
1830 512 1936 572 sed
1991 512 2195 573 ultima
2258 524 2618 574 consonante
2674 512 2909 572 fraudat
2964 531 3030 571 ac

456 616 669 676 deinde
715 636 824 695 per
869 623 1100 675 ceteros
1146 634 1316 674 casus
1362 614 1519 674 idem
1565 614 1676 673 hoc
1723 614 1993 683 exhibet,
2030 622 2095 674 ut
2137 615 2313 675 huius
2357 634 2543 693 genus
2589 615 2727 674 huic
2771 632 2925 692 genu
2973 622 3031 674 et

454 719 755 796 deinceps.
845 720 1024 778 tertia
1070 726 1158 777 est
1204 718 1374 776 cuius
1418 718 1716 792 genitivus
1761 735 1893 776 cum
1943 715 2259 776 inflexione
2304 701 2554 796 quadam
2599 717 2919 795 profertur,
2968 724 3031 775 ut

455 820 630 880 huius
687 820 836 879 diei:
913 820 1008 880 hic
1069 820 1330 879 dativum
1395 818 1655 878 similem
1713 820 1803 877 sui
1862 818 2075 886 eflicit,
2140 820 2538 900 accusativum
2594 821 2653 878 in
2710 837 2803 878 em
2850 820 3026 895 cogit,

400 936 427 974 5
454 922 775 981 ablativum
836 941 866 979 e
925 921 1209 1001 producta
1266 922 1564 980 terminat.
1654 928 1863 999 quarta
1909 927 2025 988 est,
2085 938 2219 978 cum
2265 920 2380 979 alio
2427 919 2597 996 modo
2643 920 2895 980 inflexus
2941 928 3031 979 est

452 1026 779 1100 genitivuS,
841 1031 905 1083 ut
960 1023 1136 1082 huius
1193 1021 1404 1081 solius:
1479 1022 1576 1081 hic
1634 1003 1892 1081 dativum
1952 1024 2011 1081 in
2071 1023 2091 1081 i
2148 1007 2461 1100 conpellit,
2523 1023 2923 1081 accusativum
2969 1023 3027 1080 in

452 1144 580 1195 um,
644 1125 986 1185 ablativum¹
1027 1126 1087 1183 in
1146 1144 1179 1183 o
1236 1126 1414 1201 cogit.
1504 1123 1701 1183 simile
1760 1132 1850 1184 est
1906 1132 2117 1183 neuter
2172 1132 2333 1192 uter,
2382 1125 2654 1183 neutrius
2702 1126 2924 1192 utrins;
2971 1130 3032 1183 et

452 1228 514 1287 bi
559 1229 804 1305 genitivi
853 1244 1194 1286 communes
1251 1233 1389 1286 sunt
1446 1229 1709 1286 omnium
1754 1243 2070 1303 generum,
2119 1225 2433 1286 masculini
2480 1225 2709 1285 scilicet
2756 1235 2813 1285 et
2857 1227 3027 1285 semi-

451 1331 578 1389 nini
625 1337 684 1389 et
728 1331 944 1389 neutri.

379 1446 428 1483 ιο
623 1432 781 1491 Haec
837 1440 976 1491 sunt
1032 1431 1448 1491 declinationis
1505 1430 1851 1491 discrimina
1910 1431 1970 1490 in
2027 1448 2274 1490 numero
2330 1429 2646 1506 singulari,
2717 1449 2867 1508 quae
2923 1449 3029 1490 nos

457 1535 545 1592 via
591 1533 844 1611 quadam
891 1532 963 1593 ad
1011 1532 1329 1593 ablativum
1376 1534 1628 1602 ducunt,
1676 1534 1779 1612 qui
1825 1532 2287 1593 dec-linationem
2334 1551 2572 1592 rursum
2618 1535 2852 1592 numeri
2899 1532 3027 1610 plu-

453 1636 600 1695 ralis
658 1636 956 1695 informat.
1039 1643 1106 1695 et
1173 1643 1398 1704 tamen,
1467 1638 1734 1715 quamvis
1792 1634 2119 1694 dixerimus
2175 1636 2601 1695 nominativum
2667 1634 3028 1712 singularem

455 1745 517 1796 et
561 1736 1046 1814 inexplicabilem
1093 1756 1222 1798 esse
1269 1747 1327 1797 et
1372 1740 1696 1806 incertum,
1751 1733 1761 1818 l
1813 1739 1942 1796 eius
1999 1737 2318 1816 quaedam,
2378 1756 2527 1816 quae
2585 1744 2745 1796 certa
2802 1739 3029 1796 ratione

454 1838 814 1918 procedunt,
862 1838 1192 1900 adnotanda
1249 1841 1575 1910 credimus,
1633 1858 1750 1919 quo
1808 1839 2001 1898 omnis
2044 1840 2195 1899 ratio
2242 1857 2313 1898 ex
2370 1838 2637 1917 quolibet
2704 1846 3027 1898 casu-orta

378 1956 428 1994 15
458 1950 745 2001 teneatur.
837 1941 1095 2001 diximus
1139 1944 1463 2018 genitivum
1508 1941 1808 2001 interdum
1854 1942 1872 1998 i
1920 1941 2115 2000 littera
2160 1943 2499 2010 terminari,
2549 1949 2612 2000 ut
2656 1940 2833 2000 huius
2877 1943 3027 2020 apri.

454 2044 556 2103 sed
604 2063 672 2103 ea
719 2062 814 2102 res
861 2043 1261 2104 differentiam
1305 2046 1548 2122 recipit:
1597 2043 1950 2123 plerumque
1997 2046 2157 2104 enim
2203 2062 2316 2103 una
2364 2045 2401 2111 i,
2449 2042 2797 2121 plerumque
2842 2045 3027 2119 gemi-

454 2153 587 2206 nata
647 2148 663 2204 i
722 2144 922 2205 littera
978 2148 1350 2206 terminatur.
1441 2146 1675 2224 quando
1731 2147 1917 2222 igitur
1982 2147 2278 2223 geminata
2344 2147 2360 2204 i
2417 2146 2724 2204 terminari
2795 2143 3026 2211 debeat,

453 2250 851 2307 nominativus
896 2247 1218 2325 singularis
1263 2247 1556 2309 ostende-t.
1646 2251 1697 2307 si
1743 2250 1903 2307 enim
1961 2250 2022 2308 in
2069 2267 2137 2307 us
2181 2246 2273 2306 vel
2320 2249 2381 2306 in
2427 2266 2525 2305 um
2571 2247 2962 2324 praecedente
3009 2250 3028 2305 i

456 2351 641 2410 vocali
689 2351 1085 2410 nominativus
1130 2330 1314 2409 luerit
1358 2352 1741 2417 terminatus,
1790 2352 1810 2408 i
1857 2349 2056 2409 littera
2090 2351 2151 2408 in
2180 2350 2443 2425 genitivo
2487 2348 2915 2424 geminabitm·,
2964 2356 3029 2407 ut

377 2466 429 2505 20
456 2451 689 2511 Tullius
735 2452 968 2521 lolium,
1016 2452 1193 2512 huius
1239 2452 1418 2512 Tullii
1469 2452 1615 2511 lolii.
1705 2469 2060 2531 quamquam
2107 2470 2140 2511 a
2186 2451 2489 2529 plerisque
2535 2452 2653 2509 iam
2698 2469 2805 2529 per
2852 2470 3025 2511 unam

455 2557 472 2613 i
519 2555 819 2613 ecferatur
863 2556 975 2613 iste
1020 2556 1344 2632 genitivus,
1408 2561 1469 2613 ut
1527 2555 1633 2614 ‘et
1690 2554 2056 2633 promissa
2114 2552 2374 2612 Lavini
2419 2554 2764 2622 moenia',
2811 2552 3025 2633 ‘pau-
3114 2612 3123 2619 ,

453 2658 664 2736 peris
718 2665 788 2715 et
845 2659 1156 2733 tuguri’,
1219 2660 1389 2716 ‘nec
1446 2675 1623 2716 cura
1666 2655 1982 2734 peculi'.
2072 2640 2241 2723 item,
2289 2663 2356 2715 ut
2400 2655 2686 2724 diximus,
2733 2657 3028 2732 genitivus

453 2761 505 2818 is
550 2757 775 2839 syllaba
821 2760 1200 2826 terminatur,
1249 2759 1601 2839 plerumque
1647 2767 1841 2818 tamen
1888 2757 2153 2818 ultimam
2200 2764 2619 2817 consonantem
2666 2757 2896 2836 perdet.
2970 2765 3028 2817 et

453 2863 563 2922 hoc
608 2862 841 2940 quaudo
889 2863 1015 2930 liat,
1064 2880 1248 2940 aeque
1295 2863 1690 2926 nominativus
1735 2860 2027 2921 ostendet.
2120 2879 2251 2919 nain
2298 2859 2586 2938 siquando
2635 2861 3028 2920 nominativus

377 2978 427 3015 25
454 2985 517 3023 es
584 2961 807 3042 syllaba
866 2965 1248 3031 terminatur,
1318 2971 1379 3023 ut
1437 2964 1697 3024 Achilles
1751 2962 1980 3031 Vlixes,
2039 2971 2234 3041 potest
2289 2963 2548 3039 genitivo
2612 2961 2819 3022 ultima
2886 2981 3025 3021 con·
3066 2980 3097 3032 ἡ

452 3084 667 3125 sonans
712 3063 1012 3130 subtrahi,
1074 3073 1133 3124 et
1179 3066 1320 3124 facit
1365 3065 1541 3125 huius
1585 3065 1802 3126 Achilli
1848 3065 2022 3124 Vlixi.
2114 3066 2254 3124 item
2309 3082 2444 3123 cum
2501 3065 2827 3124 vocativum
2871 3083 3025 3123 sem-

453 3185 562 3244 per
593 3164 910 3248 §aequalem
956 3185 1023 3225 ac
1068 3166 1414 3245 plerumque
1458 3170 1548 3227 sui
1596 3167 1852 3227 similem
1898 3169 2130 3244 gignat,
2178 3168 2360 3225 certis
2406 3173 2466 3225 et
2509 3165 2760 3225 (liversis
2804 3166 3030 3243 regulis

453 3267 824 3345 inaequalen‘i
883 3275 942 3326 et
1000 3266 1350 3327 dissimilem
1405 3278 1588 3329 creat.
1678 3270 1824 3330 haec
1882 3270 2029 3329 adeo
2074 3269 2248 3328 huius
2294 3269 2450 3327 modi
2511 3277 2676 3328 sunt:
2735 3287 2867 3327 nam
2927 3276 3026 3327 aut

453 3372 743 3430 minorem
790 3387 904 3427 una
960 3368 1183 3447 syllaba
1242 3389 1379 3429 cum
1423 3373 1755 3438 constituit,
1820 3379 1883 3430 ut
1938 3371 2034 3431 hic
2081 3370 2314 3431 Tullius
2358 3389 2393 3430 o
2438 3369 2624 3436 Tulli,
2670 3372 2762 3430 vel
2812 3370 3023 3436 littera,

380 3487 430 3524 30
458 3479 522 3532 ut
580 3471 677 3529 hic
723 3470 951 3529 Aeneas
996 3490 1030 3528 o
1074 3471 1301 3539 Aenea,
1363 3473 1457 3531 hic
1503 3472 1766 3533 Drances
1826 3493 1860 3532 o
1906 3473 2168 3542 Drance,
2229 3473 2373 3533 haec
2418 3472 2733 3550 Amaryllis
2777 3492 2811 3531 o
2855 3473 3024 3531 Ama-

456 3573 620 3651 rylli;
683 3572 768 3631 vel
826 3570 1129 3633 subtracta
1188 3592 1300 3634 una
1359 3573 1556 3634 littera
1603 3585 1964 3636 consonante
2011 3579 2188 3636 etiam
2234 3594 2546 3635 numerum
2591 3576 2809 3634 minuit
2849 3575 3025 3653 sylla-

457 3675 689 3743 barum,
760 3683 822 3734 ut
897 3675 992 3734 hic
1059 3675 1308 3735 Proteus
1374 3697 1408 3732 o
1464 3676 1712 3746 Proteu;
1780 3677 1867 3736 vel
1925 3685 2281 3737 consonante
2351 3695 2598 3737 numero
2666 3674 3024 3755 syllabarum

454 3778 629 3838 aliam
685 3776 945 3836 litteram
1000 3775 1320 3836 subtractis
1375 3777 1509 3836 aliis
1567 3798 1764 3857 saepe.
1802 3782 2108 3858 supponit,
2169 3787 2229 3839 ut
2290 3779 2384 3838 bic
2428 3780 2673 3839 Latinus
2718 3798 2752 3836 o
2797 3778 3023 3847 Latine,

592 4033 615 4083 l
656 4048 753 4081 non
792 4033 841 4080 in
871 4028 950 4095 ui]
984 4045 1082 4079 non
1119 4031 1170 4079 in
1207 4033 1221 4078 i
1263 4031 1308 4079 L
1341 4033 1389 4080 in
1423 4032 1438 4079 i
1474 4032 1553 4082 uel
1584 4049 1616 4080 ιι
1646 4034 1697 4084 Β
1833 4035 1866 4083 2
1898 4040 1952 4084 ut
1986 4034 2140 4083 huius
2166 4050 2298 4099 genn
2338 4033 2456 4082 huie
2490 4049 2626 4100 genu
2654 4033 2719 4083 M
2856 4034 2920 4084 16
2948 4050 3024 4082 re-

452 4103 574 4170 cipit
600 4102 898 4168 pletumque
935 4102 1070 4149 enim
1107 4101 1311 4166 gemina
1348 4103 1362 4149 i
1398 4101 1472 4152 lit.
1512 4105 1808 4152 terminatur
1837 4105 2039 4166 quando
2077 4106 2122 4154 L
2150 4104 2328 4169 recipit
2361 4104 2661 4169 plerumque
2688 4104 2821 4152 enim
2860 4105 3023 4168 gemi—

454 4183 539 4222 nat
573 4175 589 4222 i
629 4173 843 4221 litteram
882 4171 1084 4232 quando
1115 4170 1163 4218 B
1273 4172 1332 4222 17
1368 4173 1569 4233 quando
1612 4174 1766 4238 igitur
1797 4175 1998 4238 gemina
2033 4174 2050 4220 i
2079 4175 2371 4222 terminatur
2401 4174 2465 4222 M
2560 4173 2627 4222 20
2656 4173 2829 4222 tullius
2867 4172 3024 4220 lilium

450 4242 604 4293 huius
631 4244 762 4292 tullii
798 4242 888 4290 lilii
922 4240 980 4288 M
1085 4241 1182 4288 iam
1219 4255 1310 4289 om.
1342 4241 1401 4288 M
1507 4243 1568 4291 21
1602 4253 1654 4290 ιιι
1691 4251 1740 4290 et
1762 4246 2014 4308 promissa
2045 4243 2090 4289 L
2121 4253 2173 4292 nt
2209 4252 2284 4291 est
2321 4244 2574 4306 promissa
2596 4243 2646 4291 B
2681 4252 2734 4290 ut
2770 4242 3023 4308 promissa

454 4313 515 4361 M
530 4333 550 4365 :
584 4315 740 4377 Ver-9.
769 4313 896 4361 Aen.
926 4313 946 4359 1
971 4311 1074 4360 258
1177 4307 1440 4375 pauperis]
1490 4312 1644 4375 Ver-9.
1672 4312 1833 4364 bucol.
1862 4314 1879 4360 1
1910 4313 1979 4363 69
2076 4312 2142 4361 22
2168 4314 2336 4376 teguri
2361 4312 2425 4361 M
2520 4310 2632 4377 nec]
2676 4313 2841 4377 Ver-9,
2893 4313 3022 4360 ucol.

455 4387 491 4439 l,
524 4382 593 4434 33
731 4380 798 4431 ⁶23
836 4382 1015 4446 perdat
1052 4380 1147 4430 hoe
1184 4381 1608 4444 quemadmodum
1648 4381 1732 4429 tlat
1769 4381 1819 4429 B
1922 4383 1986 4430 24
2024 4381 2107 4430 sset
2146 4382 2485 4431 nominatiuus
2519 4382 2577 4430 M
2694 4383 2764 4432 26
2799 4397 2825 4430 a
2865 4379 3024 4430 strabi

455 4454 519 4502 M
618 4452 688 4502 29
722 4453 965 4501 minorem
1002 4450 1245 4514 syllabam
1279 4466 1391 4498 eum
1418 4455 1558 4515 (eum
1589 4467 1679 4502 om.
1712 4447 1790 4514 B)
1827 4451 2078 4499 constituit
2111 4451 2224 4500 BL
2327 4451 2396 4501 30
2422 4450 2503 4500 hic
2530 4453 2743 4502 drances
2782 4468 2810 4498 o
2839 4450 3025 4499 drance

455 4523 514 4572 M
553 4521 634 4570 hic
667 4519 899 4570 tranches
936 4538 965 4568 o
1009 4520 1214 4569 tranche
1250 4520 1299 4568 L
1342 4520 1424 4569 hic
1469 4529 1671 4569 orantes
1711 4536 1740 4570 o
1788 4535 1968 4569 oranee
2008 4521 2057 4569 B
2104 4520 2186 4568 hic
2228 4519 2440 4570 Orontes
2476 4537 2505 4571 o
2538 4521 2722 4571 Oronte
2760 4519 3025 4571 Panchrus

556 4590 682 4639 haec
717 4591 961 4642 amai-illis
990 4607 1018 4638 o
1054 4591 1267 4639 amai-illi
1298 4590 1418 4638 ML
1457 4589 1540 4638 hic
1568 4590 1791 4638 amai-ilis
1829 4606 1858 4638 o
1885 4589 2080 4639 amm-ili
2119 4591 2169 4640 B
2271 4589 2332 4640 31
2381 4605 2477 4639 una
2516 4591 2677 4640 littera
2714 4598 3023 4640 consonante

455 4662 602 4709 etiam
652 4661 831 4709 minuit
877 4661 1181 4724 syllabarum
1215 4660 1440 4725 (syllaba
1481 4658 1550 4723 B)
1588 4669 1641 4707 ut
1678 4659 1759 4708 hie
1795 4659 2036 4723 protheus
2081 4675 2109 4707 ο
2159 4658 2366 4726 protben
2418 4665 2474 4722 (o
2520 4660 2760 4726 protheus
2800 4661 2875 4722 B)
2912 4659 3024 4709 BL

455 4745 551 4778 uua
598 4738 904 4780 consonante
939 4747 969 4780 a
1006 4732 1316 4780 nominatiuo
1355 4731 1536 4779 minuit
1572 4730 1820 4795 syllabam
1860 4739 1914 4778 ut
1954 4730 2036 4779 hic
2075 4730 2317 4796 protheus
2359 4744 2388 4779 ο
2428 4731 2640 4797 protheu
2666 4732 2753 4781 M:
2785 4732 2855 4792 cs.
2883 4729 3022 4792 infra

452 4803 515 4851 de
551 4800 696 4849 barb.
732 4816 784 4862 p.
811 4803 843 4847 9
872 4803 950 4850 ed.
989 4802 1173 4852 Bueem.
