3541 5564
1322 353 1417 414 DE
1466 352 1756 414 NOMINE
1804 354 2071 411 22—32
2865 345 2987 410 561

2614 472 2657 512 p.
2687 459 2774 498 134.
2809 458 2859 497 85
2887 457 2940 496 v.

417 543 759 622 cuspidum,
816 544 997 602 cassis
1051 542 1300 601 cassidis
1356 541 1585 602 casside
1644 541 1966 608 cassidum,
2028 540 2263 599 Samnis
2318 540 2580 599 Samnite
2639 539 2988 608 Samnitum,

418 646 556 705 licet
613 644 905 704 Salustius
963 643 1316 703 Samnitium
1373 643 1609 703 dixerit.
1699 645 1998 721 excipitur
2054 661 2233 702 unuin
2292 642 2369 701 lis
2425 641 2549 701 litis
2614 642 2714 701 lite
2775 642 2987 710 litium,

418 767 532 807 non
580 749 771 807 litum.
860 748 1059 806 01111113
1104 748 1156 804 is
1203 748 1516 806 terminata
1560 763 1803 822 graeca,
1862 763 1969 804 seu
2013 745 2337 814 masculina
2383 762 2487 803 seu
2532 745 2816 804 feminina
2862 746 2988 803 1113-

416 852 567 918 rint,
615 849 869 908 ablativo
925 849 1212 925 singulari
1259 867 1289 906 e
1336 849 1622 908 finiuntur
1675 866 1862 927 eaque
1919 849 1980 907 in
2039 866 2136 908 um
2181 865 2464 907 conversa
2512 847 2768 906 reddunt
2810 865 2880 906 ex
2926 866 2987 904 se

365 967 387 1004 ὁ
414 953 740 1028 genitivum
786 950 1112 1029 pluralem,
1170 958 1235 1009 ut
1278 948 1447 1010 Paris
1503 949 1717 1011 Paride
1763 950 2074 1019 Paridum,
2134 948 2398 1028 Daphnis
2442 948 2748 1027 Daphnide
2794 948 2988 1027 Daph·

414 1054 650 1137 nidum,
698 1053 834 1112 Lais
879 1053 1059 1113 Laide
1105 1052 1382 1120 Laidum,
1430 1052 1611 1113 Thais
1659 1052 1885 1112 Thaide
1932 1051 2243 1112 Thaidum.

583 1157 793 1215 Omnia
839 1157 899 1214 in
946 1172 1011 1214 os
1056 1155 1388 1214 desinentia
1434 1153 1644 1224 latina,
1692 1174 1798 1215 seu
1844 1154 2168 1215 masculina
2216 1173 2320 1215 seu
2366 1155 2647 1214 feminina
2695 1153 2782 1213 vel
2830 1171 2987 1213 com-

413 1261 644 1327 munia,
693 1257 944 1318 ablativo
990 1274 1130 1315 casu
1176 1255 1462 1333 singulari
1507 1277 1538 1315 e
1584 1257 1872 1318 [iniuntur
1926 1275 2113 1337 eaque
2168 1259 2231 1316 in
2288 1275 2389 1317 um
2434 1274 2717 1316 conversa
2761 1257 2990 1316 faciunt

412 1362 736 1436 genitivum
784 1359 1101 1438 pluralem,
1152 1366 1214 1419 ut
1258 1364 1455 1419 custos
1498 1359 1740 1419 custode
1787 1360 2128 1428 custodum,
2173 1360 2281 1419 llos
2326 1359 2469 1418 ssore
2516 1360 2756 1428 florum,
2805 1378 2989 1438 nepos

341 1478 385 1516 ιο
415 1470 624 1541 nepote
671 1469 972 1540 nepotum.
1064 1469 1274 1521 neutra
1328 1463 1568 1521 omnino
1626 1462 1744 1521 duo
1801 1470 1938 1521 sunt
1991 1481 2140 1539 quae
2200 1464 2260 1521 in
2308 1481 2374 1521 os
2417 1463 2685 1530 veniant,
2734 1461 2986 1522 alterum

414 1565 724 1644 producte,
785 1564 1037 1623 alterum
1095 1573 1399 1642 correpte,
1461 1571 1527 1623 ut
1580 1583 1646 1622 os
1702 1565 1827 1623 oris
1881 1565 1970 1623 ori
2014 1583 2079 1624 os
2125 1563 2199 1623 ab
2245 1582 2348 1624 ore
2394 1582 2498 1623 ora
2543 1582 2712 1623 orum
2759 1562 2984 1633 oribus,

414 1669 554 1727 item
601 1686 666 1725 os
711 1667 860 1726 ossis
905 1667 1024 1725 ossi
1071 1683 1135 1724 os
1183 1664 1255 1725 ab
1289 1683 1419 1725 osse
1452 1683 1581 1724 ossa
1614 1682 1854 1725 ossuum
1886 1665 2141 1726 ossibus
2203 1668 2263 1726 111
2297 1684 2363 1725 os
2393 1666 2721 1726 desinentia
2755 1685 2983 1742 graeca,

411 1772 458 1829 si
506 1776 776 1828 crescant
830 1768 891 1827 in
947 1769 1205 1844 genitivo
1261 1767 1577 1845 singulari,
1642 1786 1821 1845 supra
1867 1768 2058 1828 dictae
2105 1769 2343 1846 regulae
2388 1770 2683 1836 serviunt,
2733 1776 2796 1826 ut
2841 1767 2989 1827 Eros

413 1871 608 1929 Erotis
653 1871 830 1929 Erote
876 1869 1149 1938 Erotum,
1199 1870 1375 1929 heros
1418 1869 1623 1928 herois
1667 1869 1849 1929 heroe
1895 1871 2173 1940 herou1n;
2220 1873 2269 1930 si
2304 1889 2420 1930 non
2452 1877 2751 1938 crescant,
2800 1872 2988 1947 magis

338 1989 384 2024 15»
412 1973 684 2051 propriae
732 1972 969 2048 regulae
1014 1991 1190 2050 quain
1245 1971 1461 2031 latinae
1519 1969 1941 2040 subiacebunt,
2003 1982 2066 2032 111
2107 1973 2395 2033 I’cneleos
2440 1972 2678 2032 Penelei
2726 1991 2831 2032 seu
2876 1970 3028 2031 Ina-0

410 2074 608 2139 neleo,
676 2071 1073 2151 Androgeosl
1135 2074 1429 2150 Androgei
1502 2092 1607 2134 seu
1653 2074 1995 2152 Androgeo:
2066 2077 2534 2154 ‘primusque
2611 2073 2986 2135 Coroebus

409 2175 715 2235 Penelei
763 2175 1056 2235 dextra'
1106 2184 1235 2245 aut,
1285 2182 1349 2234 ut
1394 2175 1494 2235 alii
1539 2176 1941 2244 tradiderunt,
2002 2175 2288 2245 Peneleo;
2348 2179 2490 2236 item
2535 2177 2642 2236 ‘in
2693 2174 2987 2235 foribus

410 2278 632 2336 letum
679 2277 1088 2354 Androgei’
1135 2286 1267 2346 aut,
1316 2284 1380 2337 ut
1424 2277 1556 2337 aliis
1604 2278 1824 2356 placet,
1874 2279 2205 2356 Androgeo.
2268 2281 2457 2355 magis
2500 2286 2642 2338 tunc
2689 2277 2983 2337 secundae

406 2397 581 2458 quam
626 2382 836 2439 tertiae
879 2379 1296 2440 declinationis
1341 2387 1517 2439 erunt
1560 2380 1737 2441 huius
1784 2381 1942 2442 modi
1990 2383 2257 2450 nomina,
2305 2398 2438 2440 cum
2485 2380 2557 2441 ad
2603 2380 2842 2441 latinam
2888 2399 2982 2440 ve-

329 2501 378 2536 ευ
405 2483 604 2541 nerint
651 2483 933 2559 regulam.
1425 2477 1434 2490 '

578 2584 783 2645 Omnia
844 2603 911 2644 us
965 2586 1278 2644 terminata
1334 2585 1541 2655 latina,
1600 2585 1923 2646 masculina
1972 2594 2071 2647 aut
2129 2587 2447 2654 feminina,
2495 2588 2831 2646 communia
2877 2605 2983 2647 seu

405 2694 642 2756 neutra,
692 2686 946 2746 ablativo
991 2686 1280 2764 singulari
1327 2705 1357 2745 e
1408 2688 1692 2748 finientur
1737 2707 1922 2768 eaque
1970 2691 2029 2748 in
2078 2708 2177 2748 um
2223 2706 2505 2748 conversa
2551 2689 2769 2748 sacient
2815 2691 2981 2766 geni-

409 2790 591 2849 tivum
638 2788 956 2868 pluralem,
1007 2798 1070 2848 ut
1115 2809 1245 2850 mus
1291 2808 1457 2850 mure
1505 2810 1768 2860 murum,
1818 2792 1985 2870 palus
2016 2791 2229 2871 palude
2276 2791 2586 2870 paludum,
2637 2791 2762 2851 laus
2809 2791 2980 2852 laude

407 2890 670 2960 laudum,
734 2891 930 2952 Venus
991 2891 1215 2951 Venere
1282 2892 1607 2963 Venerum,
1678 2912 1818 2954 crus
1885 2912 2060 2954 crure
2128 2913 2398 2962 crurum,
2465 2902 2675 2972 pectus
2741 2901 2981 2973 pectore

331 3000 747 3070 -45pectorum,
807 2994 991 3053 vellus
1048 2994 1262 3054 vellere
1321 2996 1633 3065 vellerum,
1692 2993 1836 3073 grus
1879 3014 2025 3073 grue
2071 3016 2313 3073 gruum,
2363 3003 2531 3056 vetus
2575 3004 2774 3056 vetere
2824 3003 2979 3055 vete-

407 3112 560 3152 rum.
652 3094 876 3154 nullum
932 3098 1227 3174 excipitur
1281 3100 1541 3157 omnino,
1631 3101 1774 3177 quin
1832 3101 2014 3158 immo
2070 3101 2247 3160 etiam
2302 3117 2544 3175 graeca,
2612 3116 2747 3157 cum
2806 3097 2981 3157 huius

406 3197 562 3254 erint
617 3196 1061 3267 declinationiS,
1123 3199 1313 3258 eidem
1373 3201 1612 3277 regulae
1671 3200 2096 3270 subiacebunt,
2145 3201 2406 3279 Oedipus
2450 3200 2753 3279 Oedipode
2801 3199 2977 3260 Oedi·

408 3298 647 3375 podum‚
698 3298 1021 3378 Melampus
1063 3300 1427 3379 Melampode
1473 3302 1924 3381 Melampodum.

573 3399 778 3460 Omnia
823 3404 1080 3470 nomina,
1129 3422 1279 3481 quac
1327 3402 1362 3461 b
1395 3413 1817 3464 consonantem
1863 3414 1995 3465 ante
2042 3426 2070 3465 s
2113 3405 2526 3465 semivocalem
2573 3403 2878 3464 habebunt
2921 3412 2980 3464 et

328 3517 378 3555 30
409 3501 808 3579 monosyllaba
867 3512 1074 3573 erunt,
1134 3513 1193 3564 et
1238 3505 1493 3565 ablativo
1538 3527 1568 3563 e
1616 3507 1899 3566 finientur
1944 3527 2129 3586 eaque
2175 3509 2234 3566 in
2282 3509 2301 3566 i
2349 3525 2630 3567 conversa
2676 3515 2735 3566 31
2778 3506 2976 3567 addita

404 3620 501 3661 11111
534 3602 756 3681 syllaba
789 3606 1011 3665 sacient
1044 3609 1366 3681 genitivum
1399 3608 1719 3687 pluralem,
1769 3616 1834 3668 ut
1877 3609 2021 3669 haec
2069 3609 2235 3670 trabs
2280 3609 2352 3669 ab
2399 3609 2508 3670 hac
2554 3607 2719 3668 trabe
2767 3608 2974 3668 barum

403 3704 691 3773 trabium,
741 3707 886 3765 haec
932 3707 1103 3786 plebs
1150 3708 1223 3768 ab
1270 3710 1378 3770 hac
1426 3710 1599 3788 plebe
1645 3710 1855 3771 harum
1902 3710 2186 3790 plebium,
2235 3714 2286 3772 si
2332 3719 2531 3771 tamen
2575 3713 2637 3769 in
2684 3710 2972 3789 pluralem

399 3824 708 3866 numerum
769 3808 1055 3878 flectitur,
1114 3811 1260 3870 haec
1317 3810 1460 3870 urbs
1517 3812 1591 3870 ab
1649 3812 1757 3871 hac
1812 3812 1960 3872 urbe
2008 3814 2214 3874 harum
2261 3813 2532 3881 urbium,
2581 3812 2725 3872 haec
2770 3812 2975 3871 scrobs

400 3906 472 3965 ab
526 3907 636 3968 hac
696 3909 907 3968 scrobe
969 3911 1176 3971 harum
1224 3912 1545 3973 scrobium.
1637 3924 1696 3973 et
1740 3918 2016 3976 universa
2063 3917 2207 3976 hacc
2252 3924 2531 3994 quattuor
2575 3920 2750 3974 erunt
2796 3933 2973 3992 supra

320 4008 588 4079 35111313,
649 4013 915 4088 quamvis
969 4013 1208 4091 quidam
1264 4014 1358 4075 bis
1414 4016 1806 4077 adnumerent
1862 4017 2014 4077 nubs
2076 4014 2337 4097 [νέφος]
2396 4017 2571 4077 corbs
2631 4011 2969 4096 [κόφινος]

397 4110 565 4180 orhs,
615 4111 718 4171 sed
766 4112 1022 4173 absurde
1069 4134 1199 4174 meo
1245 4116 1556 4186 iudiciolo,
1604 4138 1738 4179 cum
1787 4128 1946 4179 tanta
1993 4129 2297 4180 auctorum
2345 4120 2732 4181 adversentur
2776 4137 2971 4177 exem·

396 4212 517 4290 pla,
567 4216 629 4273 in
673 4214 894 4293 quibus
950 4216 1046 4274 hic
1106 4217 1303 4277 corbis
1350 4226 1409 4277 et
1466 4219 1562 4279 hic
1619 4219 1784 4279 orbis
1828 4228 1887 4279 et
1931 4222 2078 4281 haec
2124 4221 2313 4282 nubes
2357 4222 2629 4299 legimuS.
2720 4239 2854 4281 nam
2900 4220 2970 4280 de

395 4313 588 4374 scobis
650 4308 754 4394 [τὸ
800 4315 1087 4396 πρῖσμα]
1148 4322 1507 4380 nominativo
1564 4320 1897 4391 dubitatur,
1957 4341 2030 4383 an
2087 4323 2232 4384 haec
2288 4323 2459 4383 scobs
2516 4331 2574 4384 et
2619 4341 2735 4384 non
2783 4324 2971 4399 magis

394 4413 538 4475 baec
583 4417 782 4477 scobis
827 4417 1043 4478 haheat
1087 4422 1511 4482 nominativum
1558 4442 1749 4483 suum.
1840 4426 1981 4485 item
2027 4429 2222 4486 omnia
2268 4429 2521 4497 nomina,
2569 4443 2719 4505 quae
2765 4443 2970 4485 conso-

317 4534 367 4573 40
396 4524 630 4576 nantem
690 4526 825 4578 ante
885 4539 912 4579 s
966 4523 1380 4583 semivocalem
1438 4523 1743 4584 habebunt
1797 4546 1905 4586 nec
1964 4536 2138 4587 erunt
2185 4531 2550 4598 communia,
2612 4536 2673 4588 et
2715 4527 2971 4588 ablativo

369 4716 375 4721 ·
568 4704 632 4753 16
682 4706 1001 4773 primusque]
1052 4709 1207 4773 Very,
1250 4710 1381 4763 Aen.
1422 4711 1463 4758 11
1501 4712 1602 4760 424
1784 4711 1846 4761 17
1886 4715 2190 4765 tradederint
2232 4716 2278 4765 Β
2451 4718 2502 4764 in
2539 4713 2754 4781 foribus]
2806 4717 2965 4780 Vera.

392 4770 522 4821 Aen.
561 4773 624 4820 Vl
661 4773 730 4823 20
900 4778 964 4828 19
1001 4779 1061 4827 ad
1105 4778 1257 4828 latina
1292 4778 1340 4825 B
1504 4779 1571 4832 35
1607 4782 1947 4832 adnumerens
1984 4784 2034 4833 B
2188 4785 2254 4836 36
2285 4786 2371 4833 sed
2406 4785 2645 4848 absurde]
2684 4785 2737 4834 id
2767 4794 2843 4834 est
2880 4787 2966 4836 ab·

391 4842 542 4891 sorde
575 4858 830 4906 supet-ser.
869 4863 971 4898 non
1007 4849 1277 4899 inabsorde
1306 4850 1356 4899 B
1495 4850 1561 4900 37
1598 4852 1650 4899 in
1688 4866 1777 4902 om.
1819 4853 1866 4901 Β
