3541 5564
1350 380 1492 440 ARS
1551 379 1603 440 11
1649 379 1939 440 23—111
1983 382 2020 440 8
2848 376 2973 441 423

455 500 496 541 p.
525 488 637 528 1702.
667 488 718 528 03
745 485 791 526 P.
815 529 824 535 ,
2585 499 2654 545 ,μ
2683 488 2772 526 334.
2799 489 2848 527 35
2878 485 2922 525 1..

402 568 767 636 clinationiS,
826 574 893 626 ut
949 568 1118 633 Circe
1177 566 1322 627 haec
1371 568 1539 628 Circa
1585 567 1763 628 huius
1809 567 2045 645 Circae,
2097 566 2498 629 Andromache
2545 566 2971 636 Andromacha,

405 678 504 730 aut
550 669 875 729 secundum
918 687 1193 746 graecam
1227 669 1684 729 declinationem
1714 669 2099 729 inflectuntur
2130 670 2364 746 integro
2408 672 2768 731 nominativo
2813 688 2969 737 casu.

406 780 471 831 ut
514 772 659 831 haec
702 770 887 850 Libye
933 771 1109 832 huius
1152 771 1399 851 Libyes:
1448 774 1533 832 sic
1575 772 1851 832 Lucanus
2872 788 2877 793 ·

704 873 995 934 sinibus
1041 877 1405 934 extremis
1451 873 1726 953 Libyes
1772 871 1896 932 uhi
1940 874 2233 934 fervida
2283 873 2529 934 telluS.

351 996 378 1034 5
572 974 877 1035 Secundae
933 975 1347 1035 declinationis
1401 994 1612 1053 graeca
1670 975 1991 1036 masculina
2039 976 2127 1035 vel
2173 978 2487 1046 feminina,
2547 995 2695 1055 quac
2743 994 2814 1046 ος
2857 975 2968 1055 syl-

401 1076 533 1137 laba
579 1076 744 1136 brevi
793 1079 1214 1145 terminantur,
1260 1098 1295 1136 o
1340 1078 1534 1138 littera
1583 1081 1644 1137 in
1691 1097 1727 1136 u
1776 1085 1993 1138 mutata
2039 1078 2191 1156 apud
2235 1078 2476 1139 Latinos
2521 1079 2765 1138 secundi
2811 1078 2969 1137 ordi·

401 1181 495 1240 nis
540 1179 995 1239 declinationem
1041 1189 1349 1250 secuntur,
1398 1188 1464 1241 ut
1494 1181 1589 1240 hie
1620 1179 1910 1239 Homerus
1944 1179 2211 1248 Homeri,
2261 1180 2526 1259 Hyginus
2555 1181 2792 1260 Hygini,
2823 1179 2969 1239 haec

403 1280 596 1359 Tyrus
651 1281 823 1359 Tyri,
879 1282 1025 1341 haec
1085 1283 1340 1361 Berytus
1393 1281 1624 1361 Beryti,
1696 1282 1924 1360 Cyprus
1981 1282 2189 1361 Cypri,
2258 1282 2480 1341 Pontus
2543 1282 2739 1341 Ponti.
2826 1284 2969 1341 item

402 1401 552 1461 quae
599 1383 753 1461 apud
802 1384 933 1444 illos
979 1386 1039 1444 in
1087 1403 1199 1457 ευς
1243 1383 1524 1463 syllabam
1572 1384 1870 1471 desinunt,
1919 1391 2055 1443 sunt
2099 1393 2293 1444 autem
2339 1385 2661 1444 masculina
2706 1386 2965 1463 propria,

329 1503 378 1542 10
406 1484 673 1546 eiusdem
722 1485 1169 1556 declinationis,
1218 1494 1282 1547 ut
1327 1487 1424 1546 hic
1455 1486 1663 1546 Peleus
1693 1486 1885 1554 Pelei,
1921 1485 2155 1564 Tydeus
2183 1482 2200 1567 ΙΙ
2232 1486 2447 1565 Tydei,
2496 1485 2730 1547 Oeneus
2762 1485 2968 1547 Oenei.

403 1587 548 1647 haee
594 1587 853 1648 dativum
900 1589 1258 1665 singularem
1304 1588 1599 1662 duplicem
1632 1587 1885 1647 hahent:
1934 1607 2066 1649 nam
2112 1596 2171 1648 et
2201 1587 2375 1647 Peleo
2421 1597 2479 1649 et
2508 1589 2671 1649 Pelei
2717 1588 2970 1648 dicimus

403 1698 461 1748 et
519 1689 753 1768 Orpheo
812 1697 872 1749 et
926 1690 1180 1770 Orphei,
1253 1700 1318 1751 ut
1372 1690 1668 1767 Vergilius
1724 1688 2037 1769 ‘Orphei
2107 1690 2483 1769 Calliopea
2538 1690 2776 1751 Lino’.
2844 1689 2967 1751 ,sed

402 1792 510 1850 hoe
557 1810 802 1868 graecae
849 1799 969 1861 est,
1018 1793 1158 1853 illud
1206 1793 1420 1853 latinae
1468 1791 1900 1852 declinationis
1992 1794 2388 1853 accusativum
2449 1799 2643 1852 tamen
2689 1809 2967 1869 graecum

401 1892 648 1962 habent,
710 1901 773 1952 ut
826 1894 999 1955 Pelea
1056 1897 1254 1956 Atrea.
1344 1896 1485 1954 item
1545 1894 1640 1954 illa
1686 1913 1838 1972 quae
1898 1894 2049 1973 apud
2097 1895 2353 1955 Graecos
2396 1897 2457 1955 in
2502 1913 2662 1973 γρος
2705 1896 2767 1953 in
2811 1890 2992 1972 ὄρος»

325 2009 377 2050 1⁶
403 1997 466 2054 in
511 2012 671 2073 κρος
715 1998 774 2055 in
821 2015 975 2075 τρος
1019 1997 1310 2076 syllabast
1350 1996 1630 2056 desinunt
1674 2003 1969 2075 postrema
2002 1996 2221 2075 syllaba
2266 1999 2330 2056 in
2375 2016 2441 2056 er
2485 2015 2765 2056 conversa
2811 1998 2967 2055 eius·

403 2096 536 2156 dem
583 2104 720 2157 sunt
764 2097 1203 2169 declinationiS,
1255 2107 1318 2160 ut
1348 2094 1740 2177 Μελέαγρος
1772 2099 1868 2157 hie
1900 2097 2191 2175 Meleager
2220 2094 2533 2176 Meleagri?
2566 2093 2969 2179 Μένανδρος

397 2199 498 2259 hie
551 2199 870 2260 Menander
923 2200 1261 2272 Menandri,
1329 2201 1622 2279 Τεῦκρος
1677 2201 1775 2260 hie
1832 2200 2062 2259 Teucer
2108 2200 2360 2270 Teucri,
2403 2193 2827 2279 Ἀντίπατρος
2869 2199 2966 2259 hie

399 2302 712 2380 Antipater
758 2302 1072 2382 Antipatri.
1163 2306 1542 2383 excipiuntur
1586 2302 1875 2381 quaedam
1921 2305 1980 2361 in
2039 2321 2182 2380 grus
2225 2311 2284 2362 et
2328 2302 2472 2362 drus
2517 2310 2577 2363 et
2620 2301 2964 2381 trus‘sylla-

399 2402 504 2462 has
548 2403 915 2473 desinentia,
975 2424 1123 2483 quae
1180 2408 1604 2467 nominativmn
1649 2424 1766 2465 non
1810 2412 2039 2465 mutant
2081 2406 2144 2465 in
2191 2423 2288 2475 er,
2349 2404 2497 2465 nihil
2544 2412 2739 2466 tamen
2786 2424 2817 2464 a
2864 2402 2962 2463 de-

319 2523 371 2562 so
397 2505 718 2566 clinatione
765 2506 1153 2576 dissentiunt,
1201 2507 1435 2569 Andrus
1478 2525 1732 2586 congrus
1773 2507 2005 2569 Petrus.

566 2607 629 2667 ln
688 2627 756 2667 or
809 2610 1051 2669 nomina
1095 2611 1422 2672 masculina
1467 2613 1708 2690 propria
1754 2610 2035 2670 desinunt
2080 2615 2140 2668 et
2182 2610 2394 2669 tertiae
2440 2616 2577 2668 sunt
2621 2608 2962 2670 declinatio-

396 2712 516 2778 nis,
565 2716 631 2769 ut
674 2709 893 2793 Hector
939 2710 1242 2782 HectoriS,
1291 2712 1507 2774 Nestor
1552 2712 1848 2784 NestoriS‚
1896 2712 2125 2772 Mentor
2168 2710 2470 2770 Mentoris,
2531 2713 2592 2770 in
2639 2710 2733 2770 his
2776 2712 2963 2771 omni-

397 2812 508 2872 hus
552 2832 586 2872 o
630 2814 692 2873 in
737 2815 896 2873 omni
942 2833 1080 2874 casu
1124 2818 1467 2895 corripitur.

564 2913 630 2974 In
687 2934 750 2974 as
803 2916 1110 2977 masculini
1169 2921 1406 2996 generis
1460 2918 1821 2987 desinentia,
1880 2918 1933 2976 si
1988 2916 2141 2995 apud
2207 2916 2337 2977 illos
2390 2918 2715 2994 genitivum
2770 2917 2832 2975 in
2890 2934 2966 2987 ος

319 3036 370 3077 25
397 3018 667 3084 mittunt,
703 3036 809 3076 nos
840 3020 1048 3078 tertiae
1097 3019 1478 3082 declinationi
1510 3020 1904 3099 applicamuS,
1939 3026 2005 3078 ut
2038 3013 2215 3089 Θόας
2247 3013 2571 3090 Θόαντος,
2618 3037 2725 3078 nos
2770 3018 2964 3078 Thoas

398 3118 712 3188 ThoantiS,
773 3121 1019 3181 Acamas
1073 3125 1439 3192 AcamantiS,
1501 3122 1660 3182 Atlas
1706 3123 1983 3190 AtlantiS,
2042 3120 2249 3180 Mimas
2292 3120 2617 3191 MimantiS,
2664 3123 2831 3198 gigas
2873 3121 2962 3198 gi-

395 3223 610 3297 gantiS.
702 3228 761 3280 et
803 3224 1087 3284 feminina
1133 3226 1409 3285 similiter
1454 3224 1658 3284 eadem
1705 3222 1928 3303 syllaba
1988 3225 2300 3283 terminata
2346 3226 2555 3284 tertiae
2601 3231 2736 3284 sunt
2781 3223 2961 3282 decli-

536 3458 568 3508 8
605 3460 722 3507 item
752 3475 880 3523 quae
913 3462 1048 3525 apud
1081 3461 1194 3511 illos
1225 3462 1275 3510 in
1315 3478 1407 3521 ευς
1438 3462 1588 3514 Char.
1626 3464 1708 3522 41,
1747 3461 1811 3511 16
1952 3462 2018 3514 14
2056 3462 2173 3509 item
2212 3460 2298 3509 illa
2329 3476 2457 3524 quae
2493 3462 2627 3525 apud
2657 3459 2873 3510 Graecos
2910 3461 2960 3509 in

394 3543 525 3592 γους
560 3529 709 3579 clear.
748 3532 832 3592 24,
872 3530 920 3580 3.
960 3533 1045 3591 82,
1088 3532 1168 3583 16.
1205 3534 1292 3594 84,
1335 3532 1417 3585 16.
1458 3548 1571 3582 exe.
1610 3531 1761 3585 Char.
1803 3531 1922 3596 540,
1963 3532 1989 3581 1
2095 3532 2157 3581 21
2200 3532 2248 3578 in
2286 3546 2341 3581 or
2381 3531 2530 3583 Char.
2571 3530 2657 3595 43,
2697 3532 2782 3581 28.
2818 3530 2902 3590 86,
2932 3531 2958 3582 1

392 3612 508 3717 Ξῗῦι.
549 3599 718 3729 Gllgcfr·2²
735 3600 867 3663 543,
915 3600 981 3652 33
1162 3603 1228 3651 24
1277 3604 1326 3650 in
1375 3618 1431 3654 us
1471 3603 1622 3657 Char,
1663 3602 1756 3665 26,
1793 3602 1876 3652 27,
1916 3602 2013 3660 46,
2052 3602 2130 3654 14.
2180 3616 2294 3650 exc.
2338 3599 2489 3654 Char.
2530 3602 2662 3666 541,
2697 3601 2748 3654 8.
2800 3600 2956 3652 Prob.

529 3896 560 3942 2
601 3895 920 3943 inflectuntur
964 3895 1092 3943 inter
1138 3892 1217 3958 (in
1256 3891 1314 3956 ς)
1364 3894 1731 3944 nominatiuum
1784 3909 1955 3944 casum
1996 3895 2084 3950 Fe
2224 3892 2256 3944 3
2308 3893 2383 3944 sie
2431 3894 2667 3944 Lucanus
2712 3893 2839 3944 libro
2890 3891 2961 3941 lX

392 3963 676 4024 Puta-chius,
709 3979 801 4016 om.
840 3965 910 4014 P:
945 3964 1137 4014 Lucan.
1169 3963 1408 4014 Pharsal.
1440 3965 1575 4013 Vllll
1607 3965 1709 4014 624
1848 3969 1880 4016 4
1919 3965 2124 4014 funibus
2158 3979 2295 4014 corr.
2322 3963 2509 4013 finibus
2536 3965 2583 4013 F
2715 3964 2747 4014 5
2781 3978 2961 4012 secun-

393 4033 486 4082 dae
525 4034 879 4083 declinationis
919 4041 1035 4082 sunt
1072 4049 1223 4098 greca
1261 4033 1349 4089 Ἐς
1490 4033 1523 4084 9
1553 4043 1717 4083 autern
1749 4049 1839 4085 om.
1878 4048 1912 4091 ς
2056 4034 2120 4085 10
2150 4043 2206 4083 111
2237 4034 2317 4083 hic
2352 4034 2545 4098 pellens
2578 4033 2743 4099 pelley
2779 4033 2960 4096 tydeus

393 4105 528 4167 t3dei
564 4118 753 4153 aeneus
778 4118 943 4173 aeney
967 4103 1016 4151 F
1048 4115 1100 4151 ut
1132 4103 1215 4152 hie
1251 4102 1428 4152 Peleus
1466 4104 1596 4170 pelei
1635 4105 1839 4167 Tydeus
1879 4105 2016 4169 tydei
2055 4107 2258 4154 Aeneus
2289 4104 2431 4153 aenei
2469 4103 2686 4170 orpheus
2724 4102 2898 4168 orphei
2927 4115 2961 4157 ς

536 4175 596 4225 11
632 4188 746 4222 nam
786 4182 834 4223 et
871 4173 997 4240 pelei
1041 4182 1087 4221 et
1125 4172 1269 4236 peleo
1304 4175 1519 4223 dicimus
1543 4182 1590 4222 et
1628 4173 1852 4238 orphoeo
1887 4183 1934 4224 et
1960 4174 2134 4240 orphei
2171 4184 2218 4223 et
2252 4175 2494 4239 uergilius
2532 4171 2677 4238 orphi
2712 4174 2960 4236 calliopea

391 4246 442 4295 P
473 4260 588 4294 narn
627 4251 674 4292 et
715 4244 815 4308 peli
852 4254 900 4293 et
938 4243 1072 4307 pelio
1108 4243 1322 4304 dicimus
1362 4242 1500 4292 orfeo
1543 4242 1667 4292 orfei
1694 4247 1858 4305 (corr.
1887 4243 2002 4302 orii)
2044 4253 2097 4292 ut
2132 4244 2378 4309 uergilius
2415 4243 2506 4293 orfi
2537 4243 2733 4308 caliope
2760 4244 2812 4292 F
2841 4256 2958 4291 nam

393 4324 441 4362 et
482 4315 583 4379 peli
615 4323 662 4363 et
702 4314 849 4378 peleo
889 4314 1103 4362 dicimus
1141 4301 1328 4377 orpheo
1368 4312 1513 4378 orphi
1551 4321 1605 4361 ut
1638 4311 1887 4378 Virgilius
1926 4312 2079 4378 Orphi
2122 4314 2367 4378 calliopea
2405 4328 2464 4368 ς.
2512 4314 2667 4377 Very.
2708 4312 2867 4362 bucol.
2906 4312 2957 4370 4,

390 4384 455 4434 57
602 4385 663 4434 14
703 4385 758 4433 ut
794 4384 930 4449 pelia
963 4384 1109 4432 tertia
1147 4381 1307 4444 (corr.
1344 4382 1497 4444 teria)
1534 4383 1584 4431 F
1624 4390 1675 4430 ut
1711 4381 1857 4446 pelea
1895 4383 2043 4445 tydea
2078 4397 2111 4439 ς
2254 4384 2316 4434 15
2354 4382 2600 4447 syllabam
2639 4383 2876 4432 desinunt
2912 4383 2962 4431 P

393 4455 634 4517 syllabam
672 4455 875 4503 mittunt
908 4455 1003 4510 Ἐς
1147 4453 1210 4501 18
1247 4453 1566 4517 excipiuntur
1597 4453 1843 4513 quaedam
1886 4454 2110 4514 (quidem
2148 4452 2216 4514 F)
2255 4455 2304 4500 in
2343 4467 2465 4517 grus
2502 4454 2553 4500 in
2592 4453 2709 4501 brus
2749 4454 2798 4500 in
2837 4452 2957 4500 drus

393 4534 442 4571 et
478 4526 528 4571 in
565 4526 641 4586 (in
670 4537 758 4571 om.
787 4525 862 4586 F)
889 4533 995 4574 trus
1025 4522 1202 4572 sillaba
1235 4522 1514 4570 desinentia
1550 4522 1638 4577 Fe
1779 4521 1846 4570 20
1882 4522 2186 4571 dissentiunt
2221 4522 2480 4572 scombrus
2505 4523 2737 4582 (scobi-us
2771 4522 2837 4580 F)
2868 4536 2959 4571 an-

393 4594 514 4641 drus
551 4607 779 4659 gongrus
823 4602 995 4658 petrus
1027 4594 1117 4649 Γς
1262 4590 1482 4673 Andrus]
1527 4607 1715 4656 augrus
1747 4592 1798 4640 P
1935 4600 2109 4658 petrus
2158 4607 2338 4642 rearis
2375 4596 2561 4643 nnemR
2593 4593 2641 4640 in
2681 4607 2737 4641 or
2774 4592 2824 4656 P

390 4664 457 4710 22
490 4671 686 4711 mentor
722 4665 961 4713 mentoris
998 4673 1135 4713 actor
1173 4663 1355 4711 actoris
1395 4677 1427 4717 ς
1583 4662 1648 4710 25
1687 4660 1868 4710 uthoas
1905 4677 2126 4714 eoanrac
2156 4665 2428 4728 (ooasrwc
2458 4661 2515 4725 s)
2550 4660 2696 4711 thoas
2735 4647 2956 4712 thoantis

392 4748 596 4783 11111111Λο
631 4735 907 4783 acamantis
945 4734 1107 4782 athlas
1154 4731 1393 4784 athlantis
1440 4732 1603 4781 minas
1642 4733 1880 4781 minantis
1924 4733 2055 4783 eicas
2102 4733 2312 4782 cicantis
2350 4732 2535 4797 gigans
2586 4733 2743 4798 (corr
2779 4732 2953 4799 gigas)

391 4804 620 4869 gigantis
652 4802 702 4849 F
735 4811 788 4851 ut
820 4794 970 4863 θόοις
1006 4796 1260 4861 θόαντος
1295 4810 1405 4852 toas
1440 4803 1627 4851 toantis
1663 4791 1840 4860 ἅτλας
1879 4791 2154 4862 ἅτλαντος
2179 4802 2305 4853 atlas
2342 4801 2545 4850 atlantis
2581 4801 2791 4867 μαίνας
2829 4800 2957 4867 μαί-

391 4872 566 4933 vados
606 4888 778 4924 menas
816 4875 1042 4924 menadis
1084 4874 1235 4940 gigas
1272 4874 1495 4940 gigantis
1533 4886 1566 4928 ς
1707 4872 1774 4921 26
1813 4872 1989 4922 Mimas
2025 4870 2299 4939 Mimantis]
2342 4874 2506 4923 minas
2538 4872 2778 4922 minantis
2812 4874 2862 4922 P
