3541 5564
1090 422 1487 484 EXCERPTA
1532 422 1878 483 PARlslNA
1925 422 2044 483 XV.
2093 422 2218 484 XVI
2819 419 2939 482 617

2555 541 2597 581 p.
2627 531 2740 570 2752.
2771 531 2821 567 53
2852 528 2895 569 r.

370 606 573 688 εἰσίν,
636 606 1074 689 ἐσφράγισται
1146 605 1668 689 ἐσφραγισμένοι
1736 606 1907 668 εἰσίν
1974 618 2031 667 et
2099 608 2337 669 similia.
2427 628 2599 668 omne
2665 626 2946 685 graecum

367 712 615 772 verbum
660 711 1038 772 indicativum
1086 714 1509 791 cuiuscumque
1569 714 1806 789 generis
1864 714 1924 772 in
1983 714 2172 790 prima
2231 713 2321 770 sui
2378 713 2667 789 positione
2716 720 2814 770 aut
2883 713 2940 770 in

369 835 419 874 ω
474 816 622 883 exit,
680 822 744 873 ut
802 812 984 873 λαλω
1036 812 1340 892 πλουτιεῖ,
1398 824 1495 873 aut
1553 817 1612 873 in
1659 833 1798 892 μαι,
1845 823 1909 872 ut
1954 812 2282 892 λαλοῦμαι
2338 808 2692 892 βούλομαι,
2739 821 2839 873 aut
2883 815 2944 872 in

365 935 469 995 μι,
529 922 593 975 ut
651 914 827 995 φημί
875 914 1133 994 τύθημιε
1194 915 1332 975 licet
1389 924 1446 975 et
1503 918 1562 975 in
1621 935 1662 973 α
1718 934 1849 975 esse
1907 916 2213 982 credatur,
2263 916 2399 994 quia
2451 909 2785 993 έγρήγορα
2830 933 2943 974 non

316 1018 514 1078 511ulli
568 1019 695 1078 ausi
753 1025 889 1077 sunt
945 1019 1201 1095 primum
1248 1017 1440 1077 thema
1490 1015 1655 1077 verbi
1704 1021 2111 1096 pronuntiare.
2204 1017 2355 1095 apud
2405 1016 2662 1076 Graecos
2725 1036 2774 1076 ω
2828 1034 2944 1076 non

368 1121 559 1180 solum
605 1122 666 1178 in
712 1117 929 1187 verbis,
977 1119 1079 1178 sed
1128 1120 1189 1178 in
1235 1122 1394 1178 omni
1426 1127 1594 1198 parte
1642 1121 1928 1179 orationis
1975 1120 2170 1179 littera
2218 1127 2308 1179 est
2352 1118 2702 1178 naturaliter
2743 1118 2944 1196 longa:

370 1222 684 1283 latinorum
742 1220 1056 1281 verborum
1114 1221 1284 1280 finale
1342 1240 1376 1278 ο
1435 1229 1569 1281 sunt
1615 1223 1714 1300 qui
1762 1221 1996 1299 longum
2047 1223 2376 1289 aestiment,
2435 1228 2573 1280 sunt
2617 1222 2717 1299 qui
2766 1220 2943 1280 breve
2974 1231 3064 1278 151
3102 1229 3157 1279 V.

369 1324 669 1384 deliniant.
759 1342 893 1383 nam
952 1323 1227 1383 scribone
1297 1323 1554 1382 caedone
1611 1343 1645 1381 ο
1710 1343 1825 1382 non
1883 1326 2080 1383 minus
2138 1342 2431 1383 consensu
2489 1325 2748 1383 omnium
2808 1343 2959 1403 proq

369 1427 609 1486 ductum
666 1425 873 1495 hahet,
934 1443 1108 1504 quam
1166 1444 1373 1485 amone
1421 1426 1681 1485 doceone
1741 1427 2036 1485 nutrioue.
2128 1443 2235 1502 ego
2282 1432 2478 1484 tamen
2525 1424 2595 1484 de
2655 1443 2747 1494 re,
2796 1444 2945 1503 quae

295 1548 343 1586 ιο
372 1536 647 1589 auctores
704 1531 900 1605 magni
959 1529 1217 1588 nominis
1272 1526 1542 1588 dubitare
1590 1530 1762 1595 fecit,
1826 1535 2045 1587 certam
2092 1528 2330 1607 quidem
2387 1545 2501 1586 non
2548 1529 2737 1587 ausim
2787 1529 2945 1586 serre

371 1631 754 1698 sententiam;
802 1630 1269 1691 adseveraverim
1316 1640 1510 1690 tamen
1568 1629 1912 1707 Vergilium,
1941 1630 2128 1689 cuius
2173 1630 2505 1689 auctoritati
2549 1631 2740 1689 omnis
2787 1637 2948 1689 retro

371 1742 533 1792 aetas
594 1741 649 1791 et
706 1751 855 1812 quae
914 1742 1111 1792 secuta
1170 1740 1259 1791 est
1317 1732 1409 1791 vel
1464 1739 1745 1811 sequetur
1801 1730 1995 1792 libens
2052 1734 2334 1799 cesserit,
2391 1750 2425 1789 o
2481 1731 2651 1791 finale
2711 1733 2771 1791 in
2831 1750 2948 1791 uno

369 1838 611 1895 omnino
666 1833 848 1894 verbo
906 1833 1187 1893 adverbio
1245 1836 1510 1903 nomine,
1571 1853 1687 1894 uno
1741 1836 2110 1914 pronomine,
2159 1832 2547 1911 corripuisse,
2607 1836 2730 1893 scio
2776 1814 2960 1893 modo'

350 1938 485 1998 .duo
542 1955 677 2015 ege,
740 1939 932 1996 ‘scio
989 1955 1092 1995 me
1153 1936 1420 1996 Danais
1476 1957 1506 1993 e
1566 1937 1940 1998 classibus
1983 1941 2253 2004 unum',
2322 1935 2948 2033 ‘modo-Iuppiter

297 2041 609 2108 nsassit',
659 2039 753 2098 ‘si
801 2038 939 2097 duo
987 2042 1439 2117 praeterea',
1489 2045 1663 2099 ‘nou
1711 2058 1842 2117 ego
1888 2058 2045 2099 cum
2088 2037 2413 2097 Danais’.

534 2140 619 2200 De
666 2142 1017 2220 imperativo
1064 2140 1253 2200 modo,
1322 2159 1557 2219 semper
1602 2141 1757 2220 apud
1804 2140 2059 2201 Graecos
2105 2139 2264 2200 modi
2311 2139 2616 2199 indicativi
2663 2141 2948 2217 temporis

277 2222 295 2237 ’
368 2245 701 2321 praesentis
748 2232 1001 2303 secunda
1050 2260 1303 2320 persona
1347 2242 1607 2322 pluralis=
1639 2243 1845 2303 eadem
1891 2250 1981 2303 est
2013 2260 2161 2322 quae
2194 2251 2253 2301 et
2291 2243 2652 2321 imperativi:
2700 2247 2948 2301 ποιεῖτε

368 2355 425 2405 et
469 2348 531 2404 in
575 2344 889 2404 indicativo
934 2344 1188 2404 secunda
1235 2353 1323 2404 est
1369 2353 1428 2404 et
1473 2346 1531 2404 in
1578 2347 1947 2424 imperativo,
1996 2343 2223 2424 τιμᾶτε
2268 2343 2600 2422 χρυσοῦτε
2655 2338 2948 2423 γράφετε

277 2488 281 2494 ·
367 2448 669 2506 ποιεῖσθε
717 2443 998 2525 τιμᾶσθε
1043 2445 1432 2524 χρυσοῦσθε
1479 2441 1757 2524 λέγεσθε
1803 2443 2154 2525 γράφεσθε
2200 2454 2259 2505 et
2304 2446 2538 2506 similia.
2602 2445 2710 2506 hac
2743 2445 2948 2523 regula

291 2568 341 2604 20
370 2550 688 2608 memoriae
744 2547 1017 2608 mandata
1074 2548 1315 2608 alteram
1372 2547 1766 2617 subiciemuS,
1827 2556 1890 2608 ut
1947 2567 2062 2608 una
2118 2568 2187 2607 ex
2249 2557 2494 2628 utraque
2543 2548 2945 2608 observandae

370 2652 616 2710 rationis
660 2652 984 2710 necessitas
1030 2650 1360 2727 colligatur.
1451 2669 1622 2711 omne
1670 2650 1916 2710 verbum
1963 2649 2119 2729 quod
2165 2652 2225 2709 in
2271 2670 2396 2730 μεν
2452 2650 2671 2711 desinit
2714 2651 2945 2731 qualem

367 2752 787 2831 paenultimam
851 2751 1130 2813 hahuerit
1174 2755 1235 2812 in
1284 2748 1291 2833 Ι
1339 2754 1526 2832 prima
1573 2770 1856 2833 persona,
1903 2752 2078 2813 talem
2124 2755 2477 2814 transmittit
2528 2753 2841 2824 secundae,
2889 2753 2945 2814 id

368 2862 455 2913 est
501 2862 731 2932 tempus
778 2855 993 2914 retinet
1038 2854 1123 2913 vel
1171 2855 1493 2934 productae
1540 2856 1631 2915 vel
1678 2855 1880 2916 brevis
1926 2854 2212 2934 syllabae,
2282 2854 2620 2935 λαλοῦμεν
2665 2854 2944 2934 λαλεῖτε,

369 2957 506 3034 quia
564 2959 623 3015 in
669 2958 860 3035 prima
906 2976 989 3015 ov
1048 2965 1202 3026 erat,
1265 2966 1323 3016 et
1378 2959 1439 3017 in
1497 2959 1756 3018 secunda
1806 2977 1862 3018 ει
1918 2956 2316 3036 diphthongus
2361 2975 2545 3036 aeque
2594 2958 2762 3035 longa
2810 2977 2940 3017 sne-

292 3077 342 3114 εἴ,
369 3058 577 3117 cessit:
610 3056 901 3137 τιμῶμεν
930 3057 1176 3137 τιμᾶτε,
1209 3079 1298 3139 μα
1324 3060 1492 3137 longa
1526 3060 1746 3139 syllaba
1779 3060 1971 3120 locum
2003 3079 2178 3140 quem
2212 3061 2272 3118 iu
2295 3063 2505 3134 prima
2525 3079 2626 3138 μω
2656 3058 2947 3120 habuerat

368 3160 701 3237 occupavit:
764 3158 1229 3238 στεφανοῦμεν
1289 3153 1736 3241 στεφανοῦτε,
1796 3163 1999 3222 eadem
2057 3161 2457 3241 diphthongus
2515 3163 2943 3240 perseveravit:

369 3256 671 3340 λέγομεν,
731 3264 867 3339 quia
922 3282 957 3321 o
1012 3261 1210 3321 littera
1271 3261 1469 3322 brevis
1524 3272 1631 3333 est,
1689 3260 1946 3341 λέγετε,
1996 3281 2025 3323 ε
2070 3282 2254 3342 aeque
2300 3273 2508 3323 natura
2566 3262 2804 3322 brevem
2850 3282 2941 3323 re-

366 3364 531 3441 cipit.
591 3369 649 3422 at
705 3366 765 3423 iu
823 3366 1214 3433 coniune‘tivo,
1273 3366 1410 3443 quia
1464 3366 1740 3445 producit
1785 3365 2221 3444 paenultimam,
2280 3358 2399 3425 ἐὰν
2444 3359 2764 3445 λέγωμεν,
2811 3366 2944 3426 ideo

367 3474 424 3524 et
473 3467 531 3524 iu
574 3465 833 3525 'secunda
878 3484 1149 3544 persona,
1202 3458 1320 3526 ἐὰν
1365 3460 1618 3545 λέγητε,
1666 3467 1943 3546 produxit
1989 3486 2018 3526 ε
2063 3468 2123 3526 in
2169 3486 2208 3545 η
2254 3466 2552 3526 mutand0.
2643 3469 2694 3527 si
2759 3469 2943 3544 igitur

291 3583 340 3624 30
369 3562 729 3649 φεύγωμεν
774 3569 1025 3645 primam
1072 3586 1386 3646 personam
1436 3570 1773 3647 imperativi
1831 3588 1960 3629 esse
2006 3569 2290 3637 dicemus,
2338 3571 2607 3647 sequitur
2654 3578 2744 3637 ut,
2805 3572 2944 3647 quia

364 3670 425 3727 in
462 3687 593 3749 μεν
640 3670 763 3728 exit
809 3689 860 3729 ω
905 3670 1320 3748 praecedente,
1371 3671 1549 3729 etiam
1595 3671 1887 3731 secundae
1921 3689 2207 3749 personae
2254 3671 2674 3749 paenultimam
2720 3690 2788 3731 ex
2835 3690 2938 3730 ne-

365 3773 638 3829 cessitate
684 3771 993 3850 producat.
1084 3773 1237 3851 quod
1297 3773 1345 3831 si
1405 3781 1522 3841 est,
1573 3767 1864 3851 φεύγητε
1911 3775 2117 3842 saciet,
2176 3791 2352 3852 quem
2409 3773 2479 3832 ad
2537 3773 2773 3832 modum
2821 3768 2942 3833 έὰν

363 3867 661 3952 λέγωμεν
720 3865 841 3933 ἐὰν
898 3869 1149 3952 λέγητε.
1229 3874 1332 3932 sed
1379 3876 1646 3933 constitit
1690 3875 1936 3935 eandem
1983 3893 2218 3954 semper
2264 3893 2392 3935 esse
2439 3874 2757 3934 secundam
2804 3893 2939 3953 per-

362 3993 567 4033 sonam
624 3976 989 4052 imperativi,
1050 3993 1198 4054 quae
1257 3983 1314 4033 et
1372 3974 1675 4035 indicativi
1720 3977 1865 4045 suit;
1936 3971 2219 4054 φεύγετε
2274 3986 2469 4036 autem
2515 3978 2575 4036 in
2620 3976 2942 4035 indicativo

287 4077 505 4145 assuit,
566 4095 680 4135 non
743 4072 1055 4156 φεύγητε.
1148 4096 1218 4135 ex
1273 4076 1367 4136 his
1422 4076 1719 4154 colligitur
1764 4096 1957 4156 neque
2017 4078 2189 4138 aliam
2237 4079 2573 4157 imperativi
2622 4077 2938 4137 secundam

361 4196 671 4258 personam
721 4196 849 4238 esse
897 4180 1011 4238 nisi
1058 4173 1362 4257 φεύγετε,
1411 4197 1519 4238 nec
1563 4181 1626 4238 in
1672 4178 2065 4239 declinatione
2120 4176 2402 4258 φεύγετε
2447 4180 2764 4240 secundam
2810 4199 2938 4239 esse

362 4298 531 4358 posse
589 4289 725 4360 post
779 4275 1169 4360 φεύγωμεν,
1218 4289 1275 4339 et
1331 4281 1464 4340 ideo
1510 4276 1869 4360 φεύγωμεν
1925 4301 2038 4341 non
2098 4289 2291 4360 potest
2345 4283 2679 4360 imperativi
2748 4283 2936 4360 prima

362 4401 490 4441 esse
561 4401 834 4462 persona.
937 4383 1313 4442 manifestum
1383 4388 1473 4442 cst
1540 4402 1680 4461 ergo
1750 4385 2162 4462 imperativum
2228 4402 2338 4442 nec
2405 4382 2767 4458 singularem
2829 4403 2938 4444 nee

362 4483 650 4561 pluralem
709 4482 930 4543 hahere
989 4487 1236 4563 primam
1296 4501 1628 4562 personam.
1720 4503 1852 4544 cum
1910 4493 2107 4544 autem
2165 4485 2414 4545 dicimus
2477 4485 2774 4561 fugiamus
2819 4486 2937 4546 dis-

286 4605 336 4641 ·10
363 4603 562 4645 camus
609 4588 939 4645 nutriamus
994 4604 1226 4646 aremus
1273 4586 1585 4647 doceamus
1644 4594 1702 4646 et
1747 4586 1988 4656 similia,
2059 4587 2127 4646 ad
2186 4587 2615 4646 exhortativum
2678 4605 2934 4657 sensum,

502 4772 562 4819 12
586 4774 797 4822 cesserit
818 4790 853 4837 p
878 4773 1055 4821 asserit
1092 4773 1135 4822 l’
1271 4774 1333 4822 14
1357 4769 1488 4838 scio]
1527 4774 1679 4836 Vergs-
1708 4775 1842 4826 Aen.
1873 4773 1934 4821 111
1961 4775 2060 4822 602
2185 4769 2359 4838 modo]
2397 4775 2552 4838 Vera.
2591 4775 2721 4823 Aen.
2749 4775 2810 4823 111
2841 4777 2936 4825 116

498 4842 560 4888 15
584 4839 644 4904 si]
680 4841 834 4904 Ver-9.
863 4842 993 4890 Aen.
1024 4841 1089 4889 Xl
1118 4841 1218 4891 285
1358 4837 1476 4905 nou]
1513 4842 1665 4906 Very.
1697 4843 1826 4891 Aen.
1859 4842 1944 4890 1111
1971 4842 2071 4890 425
2212 4844 2272 4891 18
2309 4854 2356 4891 et
2389 4843 2439 4889 in
2476 4844 2750 4891 indicativo
2778 4842 2937 4893 Ianus

364 4918 407 4954 et
445 4908 713 4958 indicatiuo
739 4909 786 4958 P
919 4910 985 4958 25
1010 4911 1173 4975 prima
1198 4926 1288 4961 om.
1314 4911 1365 4959 P

461 4997 809 5039 οειΑΜΜΑτιυι
839 4998 1018 5040 tarini
1049 4999 1099 5040 v.
2447 4993 2532 5057 40
