3541 5564
634 358 719 423 52
1758 358 2110 420 CLEDONll

688 483 730 522 p.
760 470 874 510 1908.
900 470 951 509 09
980 467 1024 507 P.

636 547 707 608 ab
756 547 1023 626 analogia
1071 566 1188 608 non
1237 546 1578 627 discrepent
1621 548 1929 606 nominum
1977 546 2224 614 horum,
2274 547 2468 606 suavis
2515 553 2571 605 et
2603 544 2821 613 dulcis,
2871 553 2929 604 et
2956 544 3224 606 similiter

637 649 980 711 adverbium
1039 650 1273 710 saciant.
1335 684 1413 692 —
1475 649 1684 711 Omnia
1741 650 2124 728 pronomina,
2186 655 2248 708 ut
2303 665 2478 727 supra
2535 647 2818 718 diximuS,
2875 649 3224 726 primigenia

638 754 837 829 viginti
886 761 942 812 et
988 769 1172 812 unum
1216 758 1354 812 sunt
1399 752 1506 820 ita,
1555 752 1716 811 linita
1752 753 1894 819 tria,
1944 768 2052 828 ego
2081 758 2143 810 tu
2181 748 2308 818 ille,
2358 750 2581 811 infinita
2611 756 2869 828 septem,
2918 750 3049 827 quis
3081 766 3221 827 qua-

634 851 705 913 lis
749 852 882 915 talis
926 862 1182 931 quantus
1228 860 1424 914 tantus
1470 862 1685 931 quotus
1729 861 1909 927 lotus,
1971 852 2164 912 minus
2210 868 2386 928 quam
2434 852 2593 911 finita
2638 869 2770 921 sex,
2828 853 2955 932 ipse
3009 854 3120 913 iste
3177 854 3224 911 is

634 955 731 1015 hic
776 956 933 1016 idem
979 957 1099 1035 qui,
1146 956 1476 1034 possessiva
1523 956 1809 1033 quinque,
1859 972 2025 1014 meus
2070 961 2206 1014 tuus
2251 972 2393 1014 suus
2426 959 2628 1014 noster
2657 960 2867 1014 vester.
2945 961 3270 1033 quattuorf,

634 1057 819 1118 latera
865 1056 1087 1118 habent
1130 1059 1237 1119 ista
1282 1048 1662 1136 pronomina:
1712 1066 1812 1118 aut
1854 1054 2029 1117 ambo
2074 1054 2353 1135 pluralia,
2403 1064 2504 1117 aut
2533 1055 2707 1116 ambo
2737 1054 3078 1133 singularia,
3126 1064 3226 1116 aut

632 1179 817 1221 unum
864 1158 1090 1239 plurale
1137 1166 1195 1219 et
1240 1178 1425 1220 unum
1470 1158 1801 1237 singulare,
1864 1166 1972 1218 aut
2027 1176 2210 1219 unum
2270 1156 2572 1236 singulare
2630 1167 2687 1218 et
2745 1177 2928 1219 unum
2972 1156 3219 1237 plurale.

397 1274 607 1337 380,19
804 1262 935 1322 Aut
981 1262 1420 1340 composita,
1470 1270 1545 1321 ut
1591 1262 1962 1338 quisquis:
2015 1261 2275 1340 quisquis
2320 1261 2399 1320 ita
2433 1259 2848 1321 declinandum
2895 1267 3010 1329 est,
3060 1261 3219 1339 quis·

632 1366 764 1442 quis
817 1364 1160 1425 cuiuscuius
1219 1364 1414 1423 cuicui
1472 1380 1834 1441 quemquem
1889 1359 1897 1443 Ι
1946 1362 2215 1441 quisquis
2272 1380 2303 1421 a
2363 1379 2600 1440 quoquo
2654 1361 2746 1422 vel
2793 1381 2824 1422 a
2873 1363 3108 1439 quiqui,
3169 1371 3226 1422 et

632 1464 938 1545 pluraliter
992 1466 1194 1545 quiqui
1252 1482 1764 1543 quorumquornm
1825 1463 2260 1541 quibusquibus
2313 1481 2614 1544 quosquos
2658 1466 2867 1542 quiqui
2912 1483 2943 1524 a
2976 1463 3217 1541 quibus·
3248 1482 3293 1520 10

634 1565 865 1643 quibus.
944 1567 1100 1627 unde
1147 1576 1283 1627 sunt
1325 1566 1423 1627 illa
1469 1565 1765 1646 exempla,
1815 1567 1968 1645 apud
2015 1566 2361 1627 Terentium

937 1686 1371 1747 quemquem
1417 1676 1631 1731 nacta
1679 1669 1809 1739 siS,
1861 1670 2037 1745 quin
2082 1667 2393 1747 spolie5‚
2443 1668 2772 1739 mutileS,
2819 1667 3136 1738 lacereS‚

632 1771 786 1851 apud
821 1769 1078 1831 Tullium
1124 1772 1185 1832 iu
1232 1772 1622 1832 frumentaria
1669 1770 2162 1831 ‘cuicuimodi
2210 1772 2374 1832 est’.
2452 1771 2741 1851 quispiam
2788 1777 2983 1831 autem
3031 1773 3218 1849 prima

631 1882 799 1952 parte
842 1872 1201 1944 declinatur,
1246 1881 1548 1954 postrema
1580 1891 1699 1933 non
1732 1872 2082 1933 declinatur.
2129 1873 2285 1951 piam
2319 1874 2474 1933 enim
2509 1873 2645 1951 quid
2679 1870 2804 1936 est?
2830 1870 3002 1936 nihil.
3048 1874 3133 1933 sic
3166 1882 3223 1933 et
3287 1900 3294 1905 -

631 1975 869 2051 aliquis:
916 1974 993 2036 ali
1024 1994 1140 2036 non
1174 1975 1520 2046 declinatur,
1557 1977 1688 2053 quis
1719 1974 2070 2035 declinatur.
2114 1976 2350 2035 nomina
2384 1993 2414 2035 a
2448 1976 2638 2054 prima
2672 1983 2837 2055 parte
2869 1994 3219 2056 conponun-
3246 1993 3290 2032 15

628 2085 752 2147 tur,
787 2079 1141 2157 pronomina
1173 2081 1439 2155 aprima
1470 2086 1528 2138 ee
1571 2076 1645 2138 ab
1693 2077 1913 2137 ultima.
1963 2072 1989 2160 ΙΙ
2019 2077 2343 2156 composita
2389 2080 2742 2157 pronomina
2787 2080 2846 2139 in
2894 2096 3010 2156 qua
3054 2087 3220 2158 parte

629 2180 1053 2240 nominativum
1085 2180 1431 2252 habuerint,
1465 2182 1591 2259 ipsa
1622 2187 1792 2260 parte
1823 2177 2216 2248 declinantur,
2248 2180 2401 2239 sicut
2432 2180 2687 2250 nomina,
2722 2197 2873 2257 quae
2905 2189 3006 2241 aut
3037 2199 3218 2242 unum

629 2282 1054 2343 nominativum
1100 2282 1321 2344 habent
1364 2289 1464 2344 aut
1507 2282 1672 2343 duos.
1748 2284 1798 2342 si
1844 2298 1999 2341 unus
2028 2282 2424 2342 nominativus
2454 2282 2663 2351 suerit,
2710 2283 2840 2361 ipse
2871 2281 3217 2352 declinatur,

626 2382 776 2444 alter
821 2403 991 2445 casus
1034 2402 1291 2462 sequens
1335 2404 1454 2446 non
1501 2383 1861 2453 declinatum
1912 2384 1960 2445 si
2008 2383 2123 2444 duo
2169 2383 2514 2444 nominativi
2561 2384 2807 2454 suerint,
2861 2382 2871 2465 l
2911 2384 3084 2445 ambo
3129 2386 3217 2446 in·

536 2493 600 2542 22
626 2483 964 2548 flectuntur.
1014 2522 1096 2530 —
1141 2487 1311 2548 Nam
1367 2487 1585 2547 idem:
1643 2487 1800 2548 idem
1844 2504 2176 2566 pronomen
2223 2505 2294 2547 ex
2340 2485 2570 2548 duobus
2616 2488 2913 2567 corruptis
2957 2494 3215 2555 constat;
3242 2507 3288 2544 20

627 2589 759 2649 ideo
805 2588 1091 2670 simplicis
1136 2592 1360 2669 figurae
1407 2596 1511 2650 est.
1589 2607 1722 2650 nam
1772 2608 1907 2649 cum
1954 2587 2110 2649 idem
2156 2587 2515 2668 productum
2563 2589 2772 2659 fuerit,
2822 2587 3215 2649 masculinum

626 2711 955 2771 pronomen
1003 2700 1119 2762 est;
1167 2711 1303 2753 cum
1348 2699 1692 2772 correptum
1737 2712 1776 2748 -x-
1822 2690 1979 2751 idem
2016 2692 2386 2752 accusativus
2432 2693 2711 2771 triptotus
2756 2699 2847 2753 est
2878 2692 2929 2753 si
2960 2690 3032 2752 de
3064 2710 3215 2752 mas·

626 2793 849 2864 culino,
907 2797 1032 2874 ipse
1093 2805 1181 2856 est
1225 2796 1651 2864 nominativuS,
1711 2794 1813 2872 qui
1870 2803 1927 2855 et
1983 2796 2369 2856 accusativus,
2415 2830 2499 2839 —
2544 2796 2617 2858 Et
2661 2797 2845 2875 figura
2891 2797 2951 2855 in
2996 2814 3216 2875 prono-

626 2896 883 2957 minibus
927 2899 1007 2959 ita
1053 2906 1172 2967 est,
1224 2905 1288 2959 ut
1333 2906 1392 2958 et
1434 2897 1510 2958 ab
1557 2896 1757 2958 ultima
1803 2905 1969 2976 parte
2016 2905 2445 2977 componantur
2491 2904 2548 2959 et
2593 2916 2624 2958 a
2669 2899 2890 2978 prima,
2951 2906 3012 2958 ut
3057 2899 3213 2976 quis-

626 3000 780 3078 piam
827 2998 1039 3078 aliquis
1084 3001 1323 3077 quinam
1369 3001 1581 3077 nequis
1625 3000 1812 3077 siquis
1859 3000 2225 3078 nescioquis:
2286 3008 2383 3061 aut
2429 3004 2505 3060 ei<
2546 2999 2928 3080 conpluribus
2973 3020 3213 3080 compo·
3237 3021 3286 3059 25

628 3102 852 3172 nimuS,
888 3108 953 3162 ut
983 3103 1347 3180 quicumque
1382 3100 1589 3182 [habet
1621 3109 1818 3163 tamen
1852 3120 2163 3163 numerum
2197 3121 2603 3174 communem,
2639 3102 2876 3180 quidam
2908 3102 3212 3163 cuiusdam

535 3220 601 3268 24
627 3203 1100 3285 cuiuscumque}
1148 3239 1233 3248 --
1260 3204 1370 3265 Hic
1416 3204 1652 3285 quando
1698 3205 2076 3284 producitur,
2125 3204 2471 3266 adverbium
2503 3205 2617 3266 loci
2649 3212 2766 3275 est;
2813 3204 3049 3285 quando
3081 3223 3211 3265 cor·

625 3305 865 3382 ripitur,
925 3324 1275 3385 pronomen.
1361 3309 1766 3386 pronuntiatio
1837 3307 1977 3368 illud
2047 3306 2360 3377 discet-nim
2429 3309 2480 3367 si
2546 3309 2776 3368 tractim
2839 3310 3208 3388 pronuntiaS,

622 3405 967 3467 adverbium
1013 3406 1127 3468 loci
1176 3415 1291 3477 est;
1350 3411 1399 3469 si
1456 3412 1702 3481 cursim,
1762 3428 2094 3490 pronomen
2148 3412 2385 3488 generis
2439 3409 2779 3485 masculini,
2847 3417 2914 3470 ut
2970 3409 3210 3470 ‘solus

762 3577 886 3630 eod.
927 3577 1087 3629 Bern.
1118 3579 1261 3627 vnn
1302 3579 1471 3629 1-2.
1598 3581 1624 3632 1
1662 3579 1915 3646 discrepet
2053 3581 2085 3627 2
2118 3581 2409 3645 primgenia
2439 3595 2575 3631 corr.
2610 3585 2679 3631 al.
2717 3597 2848 3634 man.
2885 3582 3103 3646 primag.
3170 3576 3173 3580 ’

620 3646 652 3694 3
692 3657 835 3711 septe
942 3650 974 3697 4
999 3658 1134 3697 totus
1156 3663 1249 3701 om.
1355 3649 1387 3698 5
1414 3647 1522 3714 qui]
1556 3651 1636 3698 sui
1736 3651 1770 3701 6
1806 3649 2109 3716 pronomina
2131 3660 2186 3698 ut
2212 3650 2360 3701 ambo
2470 3661 2556 3700 aut
2579 3661 2696 3713 post
2722 3652 2982 3716 singulare
3010 3667 3104 3701 om.

626 3718 687 3769 10
720 3731 748 3764 a
779 3718 962 3780 quibus
999 3733 1028 3766 a
1062 3719 1244 3782 quibus
1279 3719 1409 3767 unde
1516 3720 1576 3770 ll
1604 3728 1726 3784 aput
1835 3721 1896 3770 12
1928 3718 2131 3767 mutiles
2161 3734 2250 3772 .n.
2291 3719 2482 3770 laceres
2508 3732 2632 3785 aput
2742 3721 2805 3772 13
2830 3721 3205 3773 cuicuimodum

620 3794 698 3837 est
804 3789 969 3852 prima
1005 3802 1126 3851 pars
1161 3788 1442 3838 declinatus
1549 3790 1612 3839 15
1649 3787 1745 3854 sie]
1785 3790 1851 3839 sit
1959 3803 2058 3837 non
2097 3788 2411 3839 declinantur
2438 3792 2553 3854 quis
2575 3791 2891 3841 declinantur
2999 3792 3062 3842 16
3092 3806 3206 3857 pro-

623 3858 823 3905 nomina
871 3857 932 3906 ab
975 3859 1152 3907 ultima
1199 3860 1501 3924 pronomina
1538 3861 1588 3908 in
1630 3875 1731 3923 qua
1766 3868 1907 3924 parte
1945 3859 2310 3908 nominatiuum
2363 3860 2627 3910 habuerint
2671 3862 2954 3925 composita
2993 3863 3107 3928 ipsa

622 3926 686 3977 18
724 3927 1068 3976 nominatiuus
1091 3930 1203 3994 ipse
1237 3928 1390 3978 fuerit
1425 3929 1706 3978 declinatur
1846 3927 1913 3977 20
1949 3943 2065 3977 nam
2106 3929 2238 3979 idem
2276 3944 2554 3994 pronomen
2681 3931 2749 3983 23
2786 3929 2918 3996 ipse]
2966 3932 3105 3997 ispcs

618 3998 686 4048 25
727 3994 957 4063 quinam]
1005 3998 1204 4047 cuinam
1350 3999 1682 4062 neuquioquis
1822 3999 1889 4049 28
1920 4001 2189 4064 pronuntio
2223 4000 2332 4050 illut
2474 4001 2542 4052 29
2581 4001 2723 4051 solus
2760 4003 2809 4050 in
2838 4002 3034 4052 inflexit
3101 3995 3105 3999 Δ

759 4152 792 4203 8
831 4150 1082 4219 quisquis]
1124 4155 1190 4218 cf.
1234 4154 1453 4216 Pompei.
1497 4169 1551 4217 p.
1595 4153 1693 4204 251
1743 4154 1825 4207 ed.
1868 4154 2021 4208 Liud.
2166 4156 2228 4207 11
2268 4155 2407 4220 apud
2444 4153 2753 4221 Terentium]
2792 4156 2986 4224 Hecyr.
3025 4158 3046 4206 I
3086 4157 3132 4215 1,
3173 4156 3206 4205 8

619 4225 737 4286 quin
778 4224 968 4290 spolies
1006 4224 1208 4274 mutiles
1245 4223 1457 4286 lacereS,
1497 4239 1799 4287 quemquem
1839 4231 1987 4273 nacta
2024 4224 2096 4273 sis
2243 4227 2306 4276 12
2342 4225 2541 4274 mutiles
2579 4240 2676 4276 non
2712 4226 2902 4277 laceres
2944 4225 3207 4276 Putsclu'us

761 4294 823 4345 13
873 4295 992 4343 item
1045 4295 1091 4342 in
1134 4295 1362 4345 Veri-inis
1405 4294 1604 4344 habetis
1643 4295 1691 4344 in
1744 4293 1833 4343 illa
1871 4294 2198 4345 frumentaria
2235 4295 2497 4346 Ciceronis
2537 4297 2874 4346 ‘cuicuimodi
2912 4301 3021 4348 est’
3059 4297 3204 4346 Pom-

614 4365 774 4428 peius,
805 4368 856 4415 iu
881 4364 1236 4427 frumentaria.
1271 4365 1363 4414 hoc
1393 4373 1472 4415 est
1501 4366 1551 4413 in
1590 4368 1740 4415 tertia
1773 4367 2001 4414 oratione
2033 4367 2271 4424 Verrina,
2309 4366 2464 4415 verba
2502 4381 2598 4417 non
2635 4369 2896 4432 lequntur,·
2925 4369 2998 4417 ad
3022 4367 3123 4418 cic.
3155 4368 3206 4417 in

627 4436 782 4488 Ver-r.
821 4442 920 4488 aee.
959 4450 1058 4487 see.
1092 4436 1137 4484 V
1175 4435 1260 4498 41,
1302 4433 1399 4485 107
1433 4439 1685 4485 revocavit
1713 4435 1967 4499 Zumptius
1999 4438 2049 4484 in
2084 4435 2185 4488 Cic.
2223 4438 2256 4485 ἱ.
2292 4452 2335 4485 c.
2481 4437 2546 4485 22
2573 4436 2707 4486 idem
2746 4438 2792 4487 si
2827 4438 3053 4487 volueris
3087 4452 3202 4502 pro-

620 4507 820 4568 ducere,
853 4505 1116 4555 masculini
1157 4506 1251 4553 erit
1289 4505 1512 4570 generis,
1553 4506 1687 4554 idem
1717 4505 1809 4568 vir,
1852 4504 1988 4553 idem
2012 4508 2204 4571 paries;
2241 4507 2284 4554 si
2314 4512 2481 4555 autem
2520 4506 2741 4558 volueris
2777 4509 3044 4575 corripere,
3084 4522 3204 4557 nen-

620 4585 748 4623 trum
784 4585 877 4632 est,
919 4577 1052 4624 idem
1082 4584 1298 4640 tempus,
1338 4575 1471 4623 idem
1512 4575 1823 4642 mancipium
1859 4574 2122 4639 Pompeius
2139 4592 2195 4638 p.
2230 4579 2332 4627 252
2366 4576 2446 4625 ed.
2488 4575 2640 4631 Lind.
2673 4577 2847 4627 eadem
2875 4581 3202 4644 praecepisse

614 4645 809 4696 videtur
835 4646 1120 4698 Gledom‘us.
1161 4653 1405 4708 corrupta
1448 4654 1608 4695 autem
1644 4645 1801 4696 verba
1837 4661 1966 4709 quae
2001 4654 2294 4712 sequuntur,
2325 4647 2423 4695 nisi
2451 4649 2641 4697 omnino
2677 4647 2739 4697 ab
2775 4649 2868 4698 hoc
2896 4650 3005 4698 Ioco
3036 4650 3202 4697 aliena

614 4722 746 4778 sunt,
781 4715 910 4765 hanc
936 4719 1195 4767 concinere
1232 4716 1462 4767 videntur
1493 4718 1804 4778 seutentiam,
1848 4715 1980 4764 idem
2003 4721 2192 4766 “neutro
2222 4732 2413 4781 genere
2440 4724 2488 4767 et
2516 4720 2854 4768 nonn‘natt'vum
2888 4734 2999 4768 esse
3037 4726 3087 4768 et
3116 4735 3200 4768 ac-

615 4789 908 4847 cusativum,
940 4788 1208 4836 masculino
1244 4794 1433 4837 tantum
1468 4787 1827 4838 nonzinaeivum.
1869 4793 2084 4836 ceterum
2123 4788 2361 4848 triptoton
2401 4794 2675 4853 pronomen
2718 4789 2793 4837 sui
2837 4790 2932 4838 sibi
2970 4803 3026 4838 se
3068 4791 3201 4838 dixit

620 4856 913 4906 Priscianus
939 4858 1035 4909 vol.
1068 4858 1113 4906 ll
1142 4872 1195 4921 p.
1235 4858 1286 4915 2,
1324 4858 1355 4906 7
1499 4857 1566 4908 29
1598 4855 1761 4922 solus]
1811 4856 1970 4922 Very,
2008 4857 2136 4910 Aen,
2177 4856 2241 4904 111
2283 4859 2352 4907 22
