3541 5564
591 373 716 437 654
854 411 863 419 ·
1703 365 2064 428 MACROBH

644 497 684 536 p.
713 482 801 524 1⁷5.
831 482 879 522 re
909 479 963 522 ν.

591 584 740 646 quae
797 568 944 624 non'
976 562 1095 621 nisi
1153 576 1339 638 usque
1403 556 1474 617 ad
1532 558 1922 636 praeteritum
1980 557 2378 634 inperfectum
2437 555 2594 634 apud
2639 555 2774 616 illos
2819 556 3171 627 flectuntur;

595 667 695 728 illa
743 668 951 733 etiam,
1008 680 1158 742 quae
1206 663 1267 721 in
1312 672 1483 734 σκω,
1535 666 1600 720 ut
1641 653 1960 738 γηράσκω
2004 655 2286 718 τελίσκω
2330 655 2632 737 γαμίσκω
2676 654 3055 739 τιτρώσκει),
3113 669 3175 720 et

593 787 744 849 quae
789 769 851 827 in
898 771 1258 825 vm.exeunt
1314 762 1536 822 maiora
1594 759 1927 839 disyllabiS,
1978 752 2205 839 ὀμνύω
2251 754 2570 839 πηγνύω,
2625 769 2684 821 et
2727 780 2878 841 quae
2924 765 2984 822 in
3031 781 3170 837 ειω,

593 880 658 932 ut
704 865 929 949 ριγείω
976 859 1215 927 ὀκνείω
1259 858 1565 942 β’ρωσείω
1609 858 1972 941 γαμηὰείω,
2019 870 2080 921 et
2124 882 2273 943 quae
2319 881 2390 922 ex
2435 863 2858 943 monosyllabis
2900 883 3009 944 per
3053 868 3173 927 iota

593 976 1004 1054 geminantur,
1052 976 1118 1028 ut
1171 964 1308 1044 1003
1353 961 1587 1043 τιτρῶ,
1645 963 1784 1044 χρῶ
1831 962 2085 1043 mmai,
2142 962 2241 1043 βῶ
2296 962 2489 1044 βιβαῖ.
2579 966 2724 1026 haec
2769 969 2927 1027 enim
2973 971 3227 1031 omnia5

596 1093 784 1155 usque
847 1073 917 1134 ad
978 1071 1166 1133 solum
1225 1061 1681 1145 παρατατικόν
1736 1066 1973 1127 illorum
2030 1086 2139 1127 nec
2195 1067 2350 1129 ultra
2407 1077 2657 1146 possunt
2702 1069 2961 1130 extendi.
3013 1067 3021 1146 Ι
3071 1071 3176 1130 sed

598 1178 754 1258 apud
784 1176 1028 1237 Latinos
1073 1173 1271 1232 omnia
1317 1189 1429 1231 usu
1473 1178 1700 1230 tantum
1746 1168 2106 1230 destituente
2140 1170 2439 1230 deficiunt.
2502 1189 2638 1232 nam
2671 1162 3178 1251 ὀνοματοποιίαι

599 1297 835 1347 eorum,
896 1285 960 1337 ut
1006 1274 1221 1337 stridet
1265 1280 1326 1333 et
1370 1272 1620 1339 similia.
1667 1271 1740 1331 ad
1787 1269 2204 1332 declinationis
2247 1273 2531 1333 ulteriora
2579 1272 2940 1351 procedunt:
2988 1293 3178 1353 pauca

597 1400 737 1441 vero
782 1386 885 1441 aut
928 1377 1085 1438 nulla
1132 1384 1268 1437 sunt
1313 1378 1375 1436 in
1433 1374 1650 1454 quibus
1707 1372 1943 1433 litterae
1989 1374 2139 1434 male
2185 1373 2304 1434 sibi
2352 1372 2674 1434 cohaerere
2722 1375 3032 1447 dicuntur;
3080 1396 3176 1438 re-

597 1484 755 1563 liqua
813 1474 1038 1549 onmia,
1097 1479 1187 1539 vel
1244 1480 1382 1557 quia
1442 1495 1557 1538 non
1617 1477 1768 1536 lecta
1824 1484 1986 1544 sunt,
2035 1474 2124 1534 vel
2172 1494 2282 1535 usu
2327 1484 2649 1555 respuente
2695 1485 2990 1539 vetantur.
3081 1483 3258 1544 in-1o

597 1604 770 1665 quarn
819 1590 877 1643 et
922 1601 1049 1643 sum
1098 1581 1465 1642 defecerunt.
1558 1597 1689 1639 narn
1738 1585 2057 1657 sequentes
2112 1597 2404 1657 personae
2461 1581 2707 1640 minime
2753 1584 3181 1643 convenientes
3253 1598 3258 1607 ·

598 1690 826 1767 primae
873 1683 1232 1764 syllabarum
1278 1684 1443 1742 exitu
1486 1676 1926 1761 =terminantur:
2000 1680 2250 1740 alterum
2298 1684 2457 1765 enim
2504 1683 2646 1741 facit
2689 1684 2930 1762 inquam
2975 1687 3181 1764 inquis

598 1790 820 1868 inquit,
880 1786 1129 1847 alterurn
1186 1803 1316 1845 sum
1377 1804 1440 1845 es
1505 1791 1625 1853 est,
1691 1785 1750 1843 in
1798 1781 2015 1862 quibus
2059 1774 2389 1861 ἀναλογία
2434 1783 2635 1844 verbis
2679 1787 2866 1845 amica
2912 1805 3030 1847 non
3077 1807 3181 1848 ex-

599 1898 734 1952 stat.
809 1897 870 1949 et
925 1888 1068 1948 illud
1124 1886 1362 1966 quidem
1421 1885 1669 1964 reliquis
1725 1883 2001 1944 omnibus
2045 1885 2419 1965 temporibus
2463 1886 2692 1955 deficit;
2753 1905 2884 1947 sum
2929 1907 3070 1948 vero
3116 1892 3178 1950 in

599 1992 757 2054 aliud
813 1992 1056 2059 transit,
1115 1996 1181 2049 ut
1235 2006 1344 2068 per
1400 1995 1668 2067 tern'pora
1729 1987 2089 2056 declinetur,
2153 2006 2314 2048 eram
2371 1989 2458 2048 fui
2514 1989 2743 2049 fueram
2808 2008 2932 2050 ero.
3022 1992 3180 2052 serio
3209 2015 3261 2053 ιε,

598 2102 866 2174 tempore
911 2093 1179 2172 perfecto
1223 2090 1423 2150 deficit
1468 2096 1526 2150 et
1569 2108 1773 2150 vocem
1833 2088 1950 2149 sibi
2009 2089 2245 2150 aliunde
2292 2096 2623 2150 mutuatur:
2693 2096 2961 2170 percussi
3019 2096 3180 2155 enim

600 2197 883 2264 dicimuS,
933 2211 1051 2254 non
1097 2193 1292 2253 ferivi.
1364 2192 1494 2252 volo
1536 2211 1657 2252 non
1704 2182 2196 2261 ita'deelinatur,
2257 2199 2320 2251 ut
2365 2192 2548 2251 molo:
2607 2192 2763 2254 molo
2807 2196 2964 2255 enim
3010 2197 3187 2257 molis

600 2299 797 2367 molit,
846 2297 976 2357 volo
1020 2298 1109 2357 vis
1154 2296 1305 2365 vult,
1354 2303 1413 2355 et
1458 2313 1607 2374 quae
1653 2313 1725 2354 ex
1772 2313 1844 2353 eo
1889 2300 2303 2373 conponuntur
2355 2294 2490 2354 nolo
2531 2295 2704 2365 malo,
2754 2297 2887 2356 nolo
2932 2317 3049 2358 non
3097 2302 3187 2360 vis

530 2424 535 2435 ¹
599 2420 715 2462 non
765 2400 911 2468 vult,
960 2398 1112 2459 malo
1155 2398 1339 2458 mavis
1384 2397 1624 2457 mavult.
1711 2398 1840 2457 fero
1886 2395 2103 2456 nullius
2149 2398 2587 2474 coniugationis
2632 2400 2693 2458 in
2741 2399 2997 2460 secunda
3044 2418 3184 2480 per-

600 2522 742 2563 sona
789 2501 1053 2579 regulam
1099 2508 1325 2579 servat,
1374 2501 1504 2559 fero
1548 2499 1688 2558 fers.
1751 2497 1848 2558 odi
1895 2500 2030 2558 novi
2075 2500 2323 2558 memini
2366 2500 2428 2558 in
2476 2502 2639 2559 omni
2684 2518 2870 2578 paene
2918 2501 3183 2564 declina·
3211 2528 3264 2566 20

601 2607 762 2665 tione
827 2603 1131 2664 deficiunt.
1222 2602 1332 2662 alia
1400 2609 1538 2662 sunt
1603 2619 1786 2680 quae,
1844 2619 1980 2660 cum
2037 2619 2350 2679 personam
2408 2602 2661 2678 primam
2717 2621 2833 2663 non
2899 2603 3182 2674 habeant,

598 2705 824 2767 habent
867 2711 1125 2773 ceteraS,
1176 2711 1238 2764 ut
1284 2722 1419 2764 ovas
1465 2712 1624 2764 ovat:
1673 2720 1781 2762 ovo
1827 2704 1985 2761 enim
2032 2700 2249 2763 lectum
2298 2721 2411 2762 non
2460 2709 2567 2762 est.
2631 2705 2770 2764 item
2818 2705 2970 2766 suris
3015 2708 3183 2778 furit,

602 2828 737 2869 cum
780 2809 939 2868 furio
985 2825 1127 2868 usus
1174 2811 1424 2885 ignoret.
1516 2807 1665 2867 faris
1710 2806 1895 2878 satur,
1944 2823 2112 2864 roras
2160 2813 2350 2875 rorat,
2410 2806 2573 2867 daris
2618 2807 2821 2877 datur;
2889 2827 3000 2869 nec
3044 2828 3187 2871 roro

600 2919 798 2972 tamen
846 2927 956 2970 nec
1001 2909 1108 2969 dor
1152 2926 1263 2969 nec
1308 2909 1401 2968 sor
1447 2908 1705 2968 admittit
1750 2909 2096 2968 auctoritas,
2156 2906 2335 2967 hebet
2379 2917 2614 2986 aegret,
2662 2928 2795 2971 cum
2837 2929 2947 2970 nec
2993 2912 3188 2973 hebeo

602 3031 712 3074 nec
756 3029 973 3090 aegreo
1018 3013 1096 3072 sit
1143 3011 1411 3071 relatum.
1501 3008 1663 3070 soleo
1720 3011 1910 3069 nescit
1968 3009 2252 3069 futurum.
2344 3028 2515 3069 verro
2561 3012 2895 3090 perfectum
2942 3018 3186 3091 negavit
3213 3035 3264 3075 ετ»

601 3117 876 3176 activum.
966 3115 1172 3190 genuit
1230 3131 1300 3171 ex
1360 3130 1476 3191 quo
1545 3112 1805 3172 themate
1863 3113 2088 3180 veniat,
2157 3111 2351 3172 nullus
2407 3115 2727 3191 expressit,
2799 3113 2941 3173 licet
2999 3116 3186 3176 Varro

602 3216 822 3297 aliique
870 3222 1137 3275 veterum
1185 3213 1445 3274 dixerint
1489 3221 1730 3290 genunt.
1823 3230 1931 3272 nec
1978 3215 2231 3273 mirum:
2281 3231 2414 3273 nam
2461 3221 2521 3273 et
2566 3213 2722 3293 apud
2756 3214 3016 3276 Graecos
3061 3227 3184 3279 tam

604 3317 923 3398 praeterita
970 3319 1236 3377 invenies
1281 3324 1544 3394 tempora
1589 3333 1766 3394 quam
1813 3316 2008 3375 futura
2055 3333 2204 3394 quae
2250 3315 2668 3394 praesentibus
2714 3327 2973 3388 careant,
3029 3313 3187 3401 ἤνε-

601 3440 734 3500 γκα
779 3416 1076 3500 ἔδραμον
1119 3418 1307 3511 ol'ooe3

739 3640 770 3686 2
796 3631 1076 3705 γηράσκω]
1102 3651 1354 3702 σερασκω
1380 3638 1428 3686 B
1532 3636 1808 3704 γαμίσκω]
1834 3651 2090 3700 pantana>
2113 3636 2165 3684 Β
2268 3639 2300 3686 4
2326 3629 2538 3703 {tysim}
2565 3653 2766 3704 πιγειω
2790 3633 2840 3682 B
2942 3638 2975 3684 5
3000 3637 3189 3703 τηρῶ]

605 3722 774 3772 τιγρω
807 3704 858 3754 Β
972 3703 1167 3771 atzam]
1204 3723 1375 3771 χιχρω
1402 3706 1451 3755 B
1569 3708 1632 3755 10
1663 3716 1781 3754 sunt
1815 3722 1908 3755 om.
1935 3704 1986 3752 B
2100 3706 2166 3754 26
2199 3705 2359 3753 Varro
2394 3705 2580 3766 aliique
2605 3715 2833 3754 ueterum
2861 3703 3081 3754 dixerint
3104 3709 3188 3760 ed.

615 3774 769 3825 Vind.
809 3787 956 3822 uarro
993 3773 1162 3834 alique
1196 3785 1423 3823 ueterum
1460 3773 1645 3823 dixerit
1668 3772 1719 3821 B
1857 3775 1923 3823 28
1946 3772 2173 3823 subiecta
2208 3781 2285 3824 est
2318 3774 2373 3822 in
2406 3775 2582 3824 codice
2618 3773 2889 3824 declinatio
2924 3772 3191 3824 verborum

606 3842 967 3906 desectivormn
1003 3856 1117 3891 sum
1142 3856 1350 3907 prosum
1379 3856 1589 3907 possum
1616 3841 1722 3890 fero
1750 3840 1864 3889 volo
1893 3840 2007 3890 nolo
2034 3842 2116 3890 odi
2146 3844 2263 3892 novi
2289 3842 2510 3902 memini,
2536 3858 2607 3891 ex
2631 3859 2730 3908 qua
2754 3843 2880 3892 haec
2914 3846 3191 3906 eaecerpst':

608 3909 733 3960 Sum
768 3909 979 3958 verbum
1015 3908 1338 3967 defectivum,
1374 3911 1611 3973 quoniam
1650 3908 1837 3959 defecit
1863 3910 2309 3973 coniugationibus
2336 3912 2648 3974 temporibus
2674 3910 2954 3976 participiis
2979 3924 3188 3973 genere.

608 3977 980 4043 coniugationis
1015 3978 1150 4026 enim
1189 3978 1376 4027 nullius
1413 3989 1507 4030 est.
1556 3988 1786 4043 tempora
1821 3977 2025 4027 aliunde
2051 3979 2257 4044 accipit.
2307 3978 2427 4041 quid
2454 3979 2586 4027 enim
2615 3993 2719 4029 erat
2744 3978 2904 4027 suiad
2929 3991 3046 4026 sum
3070 3980 3192 4028 atti·

611 4048 765 4096 nent?
798 4046 1119 4112 participium
1156 4047 1443 4112 praesentis
1468 4048 1711 4112 temporis
1740 4061 1837 4095 non
1864 4045 2031 4096 habet.
2081 4048 2286 4108 generis
2315 4047 2489 4096 itidem
2516 4047 2702 4096 nullius
2728 4057 2818 4097 est.
2865 4046 3116 4110 gerundia
3141 4057 3193 4096 et

610 4113 956 4179 inpersonalia
982 4129 1082 4162 non
1109 4114 1275 4167 habet.
1329 4114 1598 4163 indicativo
1635 4114 1785 4163 modo
1824 4114 2067 4177 temporis
2102 4115 2381 4177 praesentis
2419 4117 2613 4164 numeri
2647 4114 2920 4178 singularis
2946 4128 3064 4163 sum
3088 4123 3189 4168 etc.

611 4183 795 4234 omissa
830 4182 1168 4233 declinatione
1200 4183 1367 4245 futuri
1400 4183 1659 4233 indicativi
1693 4209 1756 4217 —
1795 4182 1858 4230 ad
1888 4182 2269 4231 similitudinem
2304 4183 2492 4247 prioris
2518 4193 2566 4231 et
2590 4198 2720 4246 qnae
2745 4197 2809 4232 ex
2838 4195 2896 4230 eo
2920 4184 3191 4247 conposita

610 4259 730 4300 sunt
755 4250 1167 4311 declinabantur,
1197 4260 1252 4301 ut
1277 4260 1354 4299 est
1381 4263 1585 4316 prosum
1610 4276 1673 4287 —
1700 4250 1873 4299 futuro
1902 4249 2116 4315 prodero
2153 4250 2380 4314 proderis
2405 4251 2630 4316 proderit
2655 4250 2976 4317 proderimus
3002 4251 3190 4315 prode-

611 4319 722 4370 ritis
749 4319 1007 4382 proderint
1038 4319 1105 4354 -L
1136 4334 1349 4385 possum
1385 4333 1589 4381 quoque
1622 4321 1833 4368 verbum
1870 4327 1919 4366 et
1941 4318 2071 4367 idem
2111 4318 2416 4368 defectivum
2444 4319 2606 4369 simile
2631 4318 2901 4384 superiori,
2927 4319 3025 4368 nisi
3050 4320 3192 4382 quod
3249 4339 3252 4344 ⁴

614 4387 878 4451 participio
922 4386 1110 4446 deficit,
1155 4402 1255 4436 non
1300 4388 1582 4452 praesentis
1617 4387 1876 4452 temporis,
1913 4385 2003 4435 sed
2037 4384 2196 4436 futuri
2219 4410 2288 4420 —
2323 4398 2533 4449 potuero
2569 4387 2729 4450 (corr.
2759 4384 2962 4451 potero)
2996 4389 3192 4452 poteris

617 4454 798 4520 poterit
822 4455 1098 4519 poterimus
1124 4456 1352 4519 poteritis
1378 4456 1615 4520 poterint.
1663 4455 1966 4520 imperativo
2001 4454 2150 4504 modo
2185 4454 2249 4504 ad
2286 4457 2561 4506 secundam
2599 4468 2649 4504 et
2671 4455 2744 4518 (et
2767 4470 2860 4504 om.
2889 4453 2964 4518 B)
2991 4457 3189 4505 tertiam

618 4537 890 4588 personam
927 4531 1153 4588 tempore
1188 4524 1441 4588 praesenti
1468 4532 1613 4586 potes
1638 4524 1804 4587 possit
1827 4523 2086 4588 possimus
2109 4523 2317 4588 possitis
2342 4524 2560 4587 possint,
2595 4523 2764 4574 futuro
2791 4532 2991 4589 potesto
3020 4534 3072 4573 tu
3099 4540 3191 4590 po·

620 4601 748 4640 testo
772 4591 857 4640 ille
880 4590 959 4639 vel
985 4593 1149 4656 possit
1172 4599 1424 4657 potestote
1442 4592 1642 4657 possint
1661 4592 1737 4641 vel
1758 4602 2023 4657 possunm.
2048 4616 2115 4628 —
2139 4590 2242 4641 fero
2269 4591 2440 4641 itidem
2468 4593 2673 4642 verbum
2700 4591 3027 4650 defectivum,
3052 4595 3195 4655 quod

622 4668 671 4709 et
694 4660 828 4709 idem
854 4658 1038 4709 defecit
1072 4671 1233 4721 aeque
1264 4661 1532 4724 generibus
1567 4671 1615 4709 et
1639 4660 1918 4726 participiis
1953 4671 2001 4707 et
2022 4659 2429 4726 inpersonalibus
2461 4686 2513 4696 --
2543 4660 2843 4724 imperativo
2871 4659 3021 4709 modo
3058 4660 3195 4710 ferre

624 4726 811 4776 seratur
845 4726 1065 4776 feramur
1108 4727 1341 4777 feramini
1378 4728 1603 4777 ferantur
1635 4729 1794 4778 sertor
1829 4737 1882 4777 tu
1917 4726 2081 4777 sertor·
2107 4726 2190 4776 ille
2223 4726 2375 4788 (l'erto
2410 4737 2466 4778 tu
2501 4728 2625 4778 ferto
2662 4727 2750 4777 ille
2773 4726 2851 4793 B)
2886 4728 2964 4776 vel
3004 4729 3194 4779 feratur

622 4792 882 4845 feriminor
914 4794 1142 4845 ferantur
1175 4796 1254 4845 vel
1290 4795 1514 4845 feruntor
1536 4823 1601 4832 —
1626 4812 1739 4845 eum
1780 4796 1915 4845 latus
1940 4811 2025 4845 ero
2052 4795 2192 4845 fuero
2220 4797 2319 4845 eris
2344 4794 2505 4847 fueris
2530 4797 2624 4846 erit
2647 4795 2797 4845 suerit
2821 4796 3008 4846 erimus
3034 4795 3194 4847 rueri-

622 4876 736 4912 mus
761 4863 898 4913 eritis
920 4861 1117 4913 fueritis
1143 4865 1270 4913 erint
1294 4864 1498 4916 suerint.
1522 4891 1579 4900 —
1609 4864 1723 4914 volo
1752 4867 1958 4913 verbum
1986 4863 2286 4913 defectivum
2312 4864 2750 4930 coniugationibus
2775 4865 3047 4930 generibus
3072 4879 3194 4932 par-
