3541 5564
1388 307 1859 370 COMMENTVM
2804 304 2926 376 199

2557 428 2597 467 p.
2624 416 2801 455 232—34
2829 413 2872 454 1„

345 499 565 563 tabula.
652 498 864 560 tabella
909 500 1082 560 cuius
1124 498 1363 576 generis
1409 497 1531 558 est?
1574 495 1861 557 seminini.
1956 511 2100 573 ergo
2147 496 2196 556 si
2241 497 2479 574 generis
2521 490 2790 557 feminini
2837 505 2925 558 est

341 602 685 673 diminutio,
742 608 802 661 et
853 599 1180 681 principale
1233 598 1411 661 debet
1455 617 1583 659 esse
1627 599 1881 677 generis*
1909 596 2196 659 seminini.
2284 597 2505 677 virgula
2553 606 2613 659 et
2655 600 2819 678 virga
2865 607 2924 660 et

339 704 586 775 similia,
634 705 894 782 exceptis
936 704 1168 782 paucis,
1214 708 1281 762 ut
1323 698 1656 781 pistrilnum
1703 701 1899 777 canis,
1944 699 2536 779 pistrillacanicula,
2596 708 2663 762 et
2697 707 2918 763 cetera,

339 807 602 886 exceptis
643 806 775 867 istis
818 805 1046 886 reliqua
1092 803 1206 865 alia
1248 805 1539 865 sumimus
1584 820 1806 881 genera
1850 821 1881 863 a
1929 800 2433 864 diminutionibus.

259 920 287 959 ⁵
502 908 909 970 Nominativus
952 906 1267 987 singularis
1312 905 1596 967 tredecim
1641 903 1853 966 litteris
1885 905 2261 974 terminatur,
2308 906 2571 985 quinque
2601 905 2917 977 vocalibus,

332 1029 433 1072 sex
478 1008 934 1072 semivocalibus
978 1018 1038 1071 et
1080 1027 1196 1071 una
1242 1014 1403 1069 muta
1450 1006 1538 1067 vel
1586 1006 1839 1068 duabus:
1890 1009 2149 1086 quinque
2195 1006 2510 1077 vocalibus,
2559 1026 2591 1068 a
2639 1028 2672 1068 e
2717 1009 2735 1067 i
2779 1028 2813 1069 o
2859 1026 2916 1077 u,

333 1133 396 1182 a,
441 1119 512 1173 ut
553 1112 751 1182 Musa,
810 1132 874 1181 e,
935 1118 1002 1172 ut
1043 1108 1295 1180 monile,
1341 1110 1389 1179 i,
1438 1116 1502 1169 ut
1545 1109 1732 1187 frugi,
1792 1127 1857 1179 o,
1918 1118 1981 1170 ut
2025 1109 2263 1179 Cicer0,
2319 1128 2388 1180 u,
2448 1123 2510 1171 ut
2554 1128 2769 1180 cornu;
2816 1130 2918 1172 sex

334 1213 817 1285 semivocalibus,
872 1212 924 1283 l,
984 1219 1048 1273 ut
1089 1211 1233 1282 mel,
1293 1230 1361 1281 n,
1420 1218 1485 1271 ut
1527 1229 1804 1285 carmen,
1862 1230 1952 1282 m,
2000 1217 2062 1271 ut
2106 1210 2419 1291 templum,
2466 1216 2523 1284 r',
2572 1220 2639 1273 ut
2682 1214 2917 1284 Caesar,

328 1336 390 1387 S,
439 1324 505 1377 ut
548 1316 785 1385 doctus,
833 1334 900 1390 x,
948 1322 1014 1376 ut
1054 1317 1184 1393 pix;
1231 1332 1346 1375 una
1390 1320 1551 1373 muta
1596 1321 1648 1384 t,
1696 1322 1762 1375 ut
1807 1320 1996 1395 caput.
2060 1311 2238 1374 adicit
2282 1333 2342 1385 c,
2390 1323 2456 1376 ut
2499 1314 2645 1376 allec
2677 1323 2777 1376 aut
2806 1314 2914 1386 lac,

250 1444 299 1483 ιο
327 1419 407 1480 de
451 1438 569 1499 quo
613 1417 933 1480 dubitatur.
1025 1416 1145 1478 dixi
1189 1417 1304 1478 hoc
1347 1417 1608 1496 saepius:
1657 1414 1827 1476 multi
1872 1415 2105 1484 dicunt,
2150 1421 2347 1476 utrum
2395 1398 2485 1476 la‘c
2530 1416 2797 1479 dicamus
2842 1438 2916 1477 an

323 1521 465 1583 lact.
528 1528 588 1582 et
630 1540 698 1583 re
742 1539 879 1582 vera
923 1521 974 1581 si
1017 1537 1295 1598 quaeras,
1343 1517 1458 1580 boc
1500 1520 1614 1579 rite
1659 1517 1804 1578 facit
1858 1536 1968 1579 nec
2027 1514 2203 1579 aliud.
2267 1536 2404 1580 nam
2450 1521 2500 1581 si
2546 1519 2764 1581 dixeris
2808 1518 2915 1595 lac,

324 1626 443 1685 erit
486 1626 792 1702 genetivus
834 1621 1005 1693 laciS,
1052 1640 1230 1702 quem
1275 1619 1346 1682 ad
1394 1620 1635 1681 modum
1680 1618 1828 1681 allec
1873 1618 2089 1680 alleciS.
2145 1620 2359 1683 lectum
2396 1627 2483 1682 est
2515 1621 2628 1682 hoc
2659 1625 2915 1711 saepius

318 1728 649 1807 praecipue
694 1724 846 1805 apud
894 1724 1237 1785 Varronem.
1324 1722 1423 1784 ille
1468 1723 1611 1784 dicit
1656 1721 1780 1783 ‘lac
1825 1740 1942 1783 non
1990 1721 2280 1784 debemus
2324 1723 2542 1793 dicere,
2589 1724 2693 1784 sed
2739 1722 2910 1787 lact'.

318 1827 430 1889 sed
479 1827 625 1889 dixit
669 1827 882 1888 Caesar
937 1833 1143 1888 contra
1196 1827 1389 1906 ipsum
1447 1843 1573 1886 rem
1620 1823 2108 1896 valentissimam,
2157 1823 2379 1887 nullum
2426 1811 2645 1887 nomen
2690 1826 2916 1889 duabus

246 1932 514 1995 1511111118
559 1930 885 1991 terminari.
976 1950 1009 1990 c
1054 1935 1249 1990 autem
1296 1936 1355 1989 et
1396 1937 1422 1988 t
1463 1927 1615 1989 duae
1659 1935 1855 1989 mutae
1902 1935 2057 1988 sunt.
2136 1946 2278 2007 ergo
2326 1927 2547 1990 exclusi
2591 1948 2796 1991 sumus
2841 1931 2914 1991 ab

313 2031 421 2092 illa
466 2033 691 2111 regula.
753 2038 1026 2111 superest
1054 2038 1117 2091 ut
1147 2047 1467 2111 sequamur
1510 2028 1774 2108 regulam
1807 2027 2032 2100 Plauti,
2081 2029 2233 2091 lacte
2280 2038 2343 2091 ut
2389 2030 2681 2092 dicamus:
2729 2032 2910 2093 habe-

316 2154 456 2196 mus
513 2136 575 2195 in
634 2132 980 2196 Baccidibus
1033 2135 1265 2195 ‘sicut
1320 2134 1517 2193 lacte
1572 2130 1795 2192 lactis
1850 2129 2155 2193 simile'.
2248 2141 2306 2194 et
2361 2134 2598 2213 quidem
2644 2133 2764 2195 dixi
2810 2134 2914 2195 bas

318 2238 609 2299 rationes.
700 2237 855 2299 scire
910 2242 1104 2296 autem
1160 2234 1342 2297 debes
1386 2232 1544 2313 quod
1588 2232 1765 2295 bodie
1809 2233 1952 2295 illud
1997 2236 2327 2314 sequimur,
2375 2235 2533 2315 quod
2579 2235 2727 2297 dixit
2769 2237 2913 2297 Ver·

316 2338 526 2419 gilius,
574 2338 691 2410 lac,
740 2345 799 2398 et
841 2333 1125 2400 remansit
1166 2335 1265 2398 illa
1311 2334 1697 2397 consuetudo.

1327 2506 1423 2568 DE
1468 2505 1910 2568 PRONOMINE

493 2628 831 2691 Pronomen
889 2627 1111 2689 dictum
1168 2634 1286 2696 est,
1351 2627 1626 2704 quoniam
1695 2627 1961 2704 fungitur
2033 2626 2227 2687 officio
2294 2629 2569 2689 nominis.
2658 2630 2910 2691 maiores
2934 2636 3052 2695 409,
3078 2639 3146 2684 35

316 2732 542 2803 nostri,
593 2749 669 2792 ne
713 2731 1028 2792 iteratione
1070 2730 1366 2792 sermonis
1396 2727 1633 2810 aliquod
1664 2728 1963 2790 fastidium
1995 2729 2288 2799 facerent,
2336 2731 2691 2793 invenerunt
2734 2731 2906 2794 aliam
2934 2704 3050 2764 ‘²⁰3’
3080 2706 3144 2754 36

313 2833 704 2914 particulam,
751 2852 899 2914 quae
944 2833 1262 2894 sustineret
1291 2832 1547 2893 osticium
1593 2832 1831 2911 prioriS.
1891 2830 2028 2893 ideo
2074 2831 2350 2894 dixerunt
2390 2836 2762 2913 pronomina.
2824 2837 2910 2897 uti

317 2942 336 2968 ‘
356 2935 656 3014 Vergilius
684 2937 920 3016 scripsit
946 2936 1222 3014 georgica
1241 2940 1287 2994 'z
1330 2941 1501 3015 potes
1531 2935 1709 2995 etiam
1739 2933 1939 2994 dicere
1971 2937 1990 2967 ‘
2010 2934 2299 3014 Vergilius
2328 2937 2565 3015 scripsit
2592 2938 2907 3009 Aeneida';

240 3062 289 3106 25
318 3038 422 3101 sed
473 3056 550 3099 ne
595 3038 743 3100 haec
796 3039 922 3118 ipsa
973 3037 1211 3098 iteratio
1254 3037 1484 3117 proprii
1528 3038 1785 3099 nominis
1828 3037 2012 3116 possit
2057 3036 2352 3098 fastidium
2398 3057 2634 3111 creare,
2679 3038 2907 3102 idcirco

317 3119 396 3202 it’a
441 3140 725 3201 locuntur
779 3140 1079 3209 homineS,
1136 3136 1463 3217 ‘Vergilius
1518 3140 1756 3219 scripsit
1806 3137 2102 3210 bucolica,
2158 3140 2287 3219 ipse
2330 3141 2567 3221 scripsit
2609 3144 2903 3222 georgica,

311 3245 440 3322 ipse
510 3243 752 3322 scripsit
811 3241 1129 3304 Aeneida’.
1207 3242 1421 3309 varias,
1492 3259 1609 3321 quo
1675 3240 1852 3302 modo
1918 3241 2035 3312 vis,
2098 3241 2446 3320 significatio
2516 3243 2720 3304 eadem
2788 3253 2903 3315 est;

313 3346 573 3406 varietas
626 3352 824 3405 tamen
883 3341 1026 3425 [est]
1084 3344 1376 3405 sermonis
1434 3337 1695 3421 adquirit
1733 3352 2025 3405 ornatum.
2112 3341 2252 3404 ideo
2296 3344 2508 3406 dicitur
2551 3365 2902 3426 pronomen,

314 3446 475 3527 quod
523 3446 791 3526 fungitur
836 3446 1030 3507 officio
1077 3446 1354 3506 nominis.
1419 3463 1561 3524 ergo
1605 3445 1868 3525 iungitur
1899 3446 2092 3507 officio
2123 3447 2412 3516 nominis,
2461 3456 2519 3508 et
2563 3447 2677 3509 hoc
2720 3451 2902 3528 signi—

241 3551 451 3610 aoticat
495 3565 859 3629 pronomen,
909 3545 1065 3628 quod
1114 3557 1172 3608 et
1215 3566 1451 3609 nomen.
1522 3547 1659 3628 quid
1709 3548 1889 3625 ergo?
1935 3547 2140 3609 eadem
2187 3549 2535 3626 significatio
2582 3557 2670 3610 est
2711 3551 2901 3612 nomi-

315 3651 407 3711 nis
453 3658 514 3711 et
558 3651 960 3730 pronominis?
1019 3651 1323 3711 nominum
1369 3655 1596 3710 tantum
1640 3648 1822 3710 modo
1867 3650 1982 3710 erit
2023 3651 2301 3720 varietaS,
2361 3669 2480 3712 non
2525 3653 2900 3730 significatio-

314 3753 443 3813 nis?
501 3753 587 3813 ait
631 3752 920 3822 Donatus,
979 3751 1095 3813 boc
1147 3770 1347 3814 verum
1405 3760 1495 3813 est
1548 3750 1819 3832 quidem,
1881 3750 2038 3831 quod
2095 3754 2157 3813 in
2204 3753 2444 3814 nomine
2490 3755 2739 3816 varietas
2785 3761 2899 3825 est;

313 3854 415 3916 sed
466 3861 525 3917 et
569 3856 629 3916 in
684 3856 810 3934 ipsa
856 3855 1302 3933 significationes
1339 3861 1426 3914 est
1469 3852 1661 3931 aliqua
1707 3854 1989 3924 varietaS,
2038 3873 2156 3915 non
2206 3873 2631 3935 usquequaque
2678 3856 2901 3918 dissen-

242 2554 291 2593 2⁰

451 4047 486 4093 4
527 4042 775 4093 sumimus
811 4056 1003 4108 genera
1036 4056 1067 4090 a
1099 4041 1515 4091 diminutionibus
1553 4041 1637 4092 Ga
1673 4043 1922 4092 sumimus
1956 4057 2144 4108 genera
2181 4043 2599 4094 diminutionibus
2628 4045 2678 4094 A
2715 4059 2903 4109 genera

265 4161 279 4176 ,
314 4113 568 4164 sumimus
601 4112 1023 4162 diminutionibus
1059 4110 1111 4161 B
1249 4112 1279 4161 7
1313 4111 1501 4161 munile
1539 4111 1591 4162 B
1729 4113 1761 4164 9
1800 4112 1898 4165 ad.
1926 4154 1938 4167 .
1961 4114 2030 4161 cit
2064 4112 2115 4161 A
2150 4113 2334 4162 adiecit
2360 4130 2395 4163 a
2499 4123 2555 4163 ut
2583 4113 2658 4164 lac
2695 4114 2803 4164 alec
2839 4116 2902 4165 de

316 4197 414 4245 quo
448 4182 501 4232 B
612 4182 678 4234 10
709 4182 969 4232 dubitatus
1005 4179 1177 4230 ABG
1272 4180 1368 4230 hoc
1404 4182 1513 4231 dixi
1549 4180 1599 4230 A
1705 4182 1849 4231 multi
1885 4183 2146 4246 inquirunt
2188 4183 2544 4233 Wilmannst'us
2568 4185 2632 4234 de
2672 4185 2901 4236 Varron.

313 4252 429 4304 libr.
465 4268 678 4318 gramm,
725 4267 780 4314 p.
822 4251 942 4304 212.
984 4250 1265 4314 quaesitum
1316 4265 1429 4300 esse
1477 4253 1555 4302 vel
1593 4252 1748 4303 simile
1785 4253 2020 4317 quiddam
2055 4255 2312 4305 excidisse
2346 4254 2541 4304 videtur
2684 4254 2750 4305 12
2790 4255 2902 4305 alec

315 4322 470 4373 slecis
507 4321 561 4373 B
703 4321 766 4373 13
804 4321 909 4372 lac.
944 4335 1043 4371 non
1077 4335 1178 4371 una
1205 4321 1377 4372 lietera
1408 4322 1573 4372 deleta
1600 4321 1651 4370 B
1791 4322 1855 4373 14
1894 4323 2293 4373 ualentissimum
2332 4322 2481 4373 Rea
2517 4323 2901 4374 ualedissimam

317 4391 364 4439 A
511 4394 577 4444 15
612 4401 781 4443 eutem
820 4406 911 4444 om.
953 4390 1004 4441 B
1142 4405 1266 4458 ergo
1300 4406 1393 4445 om.
1433 4391 1514 4451 A,
1552 4392 1674 4445 add.
1702 4407 1735 4440 a
1877 4393 2070 4442 exclusi
2105 4408 2282 4443 sumus
2314 4392 2455 4444 ACb
2502 4393 2815 4445 exclusimus
2851 4395 2903 4444 B

457 4462 520 4513 17
561 4463 610 4511 in
650 4458 971 4528 Baccidibus]
1015 4477 1060 4511 υ.
1102 4461 1167 4513 19
1193 4461 1240 4511 R
1338 4458 1506 4528 lactis]
1544 4461 1661 4512 lacti
1698 4463 1864 4530 codex
1893 4463 2260 4528 Neapolitanus
2292 4463 2425 4514 Maii
2450 4467 2604 4515 class.
2629 4471 2764 4517 auct.
2785 4481 2832 4516 v.
2857 4467 2898 4515 V

313 4546 365 4593 ρ.
401 4531 502 4582 152
609 4541 660 4583 et
698 4531 901 4594 quidem
940 4531 983 4581 C
1019 4540 1067 4581 et
1105 4530 1342 4595 equidem
1375 4532 1464 4582 Ba
1503 4532 1736 4596 equidem
1765 4532 1815 4580 A
1937 4533 2001 4586 19
2035 4535 2345 4585 consuetudo
2385 4535 2573 4585 urici*
2607 4549 2674 4583 nn
2703 4549 2898 4585 nonius

319 4614 505 4651 roam
546 4615 862 4652 onsnnarict
901 4616 1158 4653 mucium
1195 4616 1334 4651 sunu
1366 4601 1417 4649 A
1463 4602 1777 4662 consuetudo
1815 4603 1942 4653 sxff
1979 4619 2116 4654 suan
2153 4605 2194 4654 C
2329 4605 2396 4654 22
2431 4603 2580 4654 aliam
2617 4604 2668 4654 B
2682 4605 2766 4655 Ca
2809 4606 2899 4654 ali-

322 4685 472 4732 quam
504 4672 555 4721 A
656 4671 724 4724 23
759 4673 1031 4721 sustineret
1069 4671 1213 4723 BCa
1245 4673 1463 4722 sustinet
1500 4672 1549 4720 A
1656 4674 1724 4721 24
1763 4680 1929 4736 potest
1952 4673 2123 4724 ABG
2224 4673 2436 4725 aeneida
2460 4674 2627 4725 ABG
2658 4676 2901 4725 aeneidos

318 4738 384 4788 a*
527 4740 595 4791 25
631 4741 726 4792 sed
761 4736 848 4804 ne]
890 4749 939 4790 et
975 4742 1025 4791 A
1165 4742 1385 4792 nominis
1423 4742 1569 4792 BGa
1604 4741 1854 4791 sermonis
1884 4742 1935 4791 A
2075 4742 2144 4795 29
2175 4759 2300 4812 ergo
2339 4743 2571 4812 fungitur
2606 4743 2773 4795 officio
2808 4760 2897 4796 no-

322 4810 474 4859 minis
511 4826 604 4862 om.
643 4810 709 4872 A,
744 4809 864 4860 add.
904 4827 938 4860 a
1143 4811 1212 4864 33
1250 4812 1343 4861 sed
1374 4825 1465 4861 om.
1502 4812 1569 4876 A,
1604 4811 1726 4863 add.
1765 4827 1799 4860 a
