3541 5564
1457 377 1598 440 Ans
1657 379 1682 438 1
1731 381 1913 438 1——3
2194 452 2201 461 p
2847 373 2975 438 449

465 499 508 538 p.
535 486 648 526 2145.
676 486 726 526 46
753 484 797 524 P.
2617 498 2657 537 p.
2687 486 2773 526 ιω.
2799 486 2850 525 55
2878 484 2923 525 L.

417 586 584 627 resco
635 573 875 646 patesco
931 574 1171 627 notesco
1229 568 1493 627 fervesco
1546 566 1781 628 labasco
1838 569 2132 629 dormisco
2200 550 2573 647 vesperasco'
2611 584 2974 647 purpurasco

418 670 783 730 inveterasco
827 688 1074 729 senesco
1119 672 1434 730 iuvenesco
1476 671 1682 747 glisco,
1744 690 1861 749 quo
1905 671 2078 731 modo
2122 671 2455 731 meditativa
2502 671 2560 730 in
2609 671 2743 728 urio
2787 669 2974 729 solum

415 770 693 831 desinunt
737 776 798 830 et
840 781 1084 850 quartae
1128 778 1354 832 tantum
1400 772 1571 833 modo
1615 782 1753 833 sunt
1797 775 2257 851 coniugationis‚
2316 780 2380 831 ut
2421 773 2674 831 lecturio
2718 771 2975 831 dicturio

415 873 693 932 micturio
748 875 967 934 esurio.
1057 875 1491 953 frequentativa
1547 894 1714 945 vero,
1774 895 1921 956 quae
1968 876 2245 936 similiter
2290 868 2641 936 inchoativis
2686 881 2744 934 ct
2790 872 2973 933 medi-

363 991 387 1028 5
415 976 614 1036 tativis
659 974 983 1037 derivativa
1030 984 1191 1044 sunt,
1242 979 1303 1036 in
1347 973 1432 1036 ito
1477 976 1564 1037 vel
1612 979 1674 1038 in
1716 985 1777 1037 to
1832 979 2223 1058 praecedente
2270 982 2624 1039 consonante
2669 975 2758 1035 vel
2804 977 2864 1036 in
2911 995 2975 1034 so

415 1075 502 1136 vel
549 1078 729 1137 etiam
774 1080 833 1138 in
881 1098 954 1138 xo
998 1078 1277 1139 desinunt
1320 1086 1381 1139 ct
1422 1081 1652 1159 primae
1697 1088 1835 1140 sunt
1881 1088 2106 1165 tantum
2165 1081 2336 1140 modo
2394 1080 2855 1155 coniugationiS,
2913 1084 2977 1137 ut

413 1177 612 1240 lectito
670 1179 876 1240 dictito
933 1182 1156 1242 cantito
1212 1182 1434 1241 cursito
1490 1184 1663 1241 visito
1720 1191 1892 1243 canto
1937 1182 2094 1242 dicto
2142 1199 2333 1242 merso
2377 1199 2551 1241 curso
2594 1198 2763 1240 nexo.
2855 1181 2976 1239 viso

414 1282 573 1340 onim
619 1283 794 1351 visiS,
841 1283 997 1361 quod
1043 1291 1104 1343 et
1147 1282 1431 1361 Virgilius
1462 1284 1755 1345 Aeneidos
1799 1284 1953 1345 libro
1984 1284 2111 1344 VIII
2157 1286 2370 1353 refert,
2419 1282 2581 1343 ‘has
2626 1284 2818 1342 forte
2866 1284 2973 1341 in-

413 1384 662 1444 visitis
706 1388 927 1453 aras',
973 1391 1033 1444 et
1077 1387 1138 1445 in
1184 1386 1390 1445 eodem
1438 1381 1447 1467 Ι

341 1502 388 1541 10
718 1488 1067 1565 protinus
1112 1487 1478 1548 Arcadiae
1524 1488 1820 1567 gelidos
1866 1491 2197 1551 invisere
2246 1490 2468 1559 fineS‚

415 1594 471 1648 et
520 1587 797 1649 {Ioratius
839 1591 1170 1650 carminum
1214 1589 1368 1651 libro
1412 1594 1604 1671 primo

716 1710 924 1751 omne
970 1710 1121 1752 cum
1166 1692 1478 1753 Proteus
1521 1712 1746 1773 pecus
1790 1696 1945 1772 egit
1986 1694 2177 1755 altos

717 1794 964 1853 visere
1011 1803 1325 1865 monteS,

414 1897 553 1976 quia
609 1914 788 1955 sensu
844 1902 1009 1956 caret
1062 1898 1659 1977 frequentativorum,
1720 1899 1854 1959 ideo
1900 1918 2007 1959 nec
2054 1902 2529 1976 coniugationcm
2577 1900 2808 1961 illorum
2853 1918 2975 1958 ser-

341 2013 388 2051 15
418 2000 586 2057 vavit.
655 1999 954 2076 perfectae
1000 2008 1198 2059 autem
1244 2002 1468 2060 formae
1515 2000 1721 2070 verba,
1770 2020 1920 2080 quae
1967 2021 2081 2062 non
2128 2010 2265 2063 sunt
2311 2001 2573 2062 anomala
2619 2000 2845 2061 scilicet
2888 2000 2975 2059 vel

415 2098 735 2168 defectiva,
793 2101 854 2159 in
911 2109 1186 2180 quattuor
1241 2104 1498 2162 inveniri
1554 2104 2071 2181 coniugationibus
2125 2105 2327 2174 videm
2385 2103 2737 2184 quibusdam
2785 2109 2976 2162 tamen

415 2220 482 2260 ea
529 2201 882 2262 differentiis
927 2202 1188 2263 arbitror
1230 2223 1404 2283 posse
1450 2205 1731 2266 discerni.
1822 2214 1881 2266 ct
1936 2206 2235 2266 vocalibus
2291 2206 2531 2285 quidem
2577 2204 2976 2267 antecedenti-

417 2302 526 2361 bus
571 2303 803 2363 facilior
846 2313 935 2365 est
980 2305 1346 2376 observatio,
1395 2326 1570 2387 quam
1613 2308 2095 2369 consonantibus,
2185 2316 2306 2368 tres
2364 2310 2521 2368 enim
2567 2307 2796 2367 vocales
2842 2312 2976 2366 ante

413 2425 447 2460 o
493 2404 579 2464 vel
626 2423 694 2463 or
738 2406 901 2466 verbi
948 2407 1150 2468 sinales
1197 2411 1607 2487 reperiuntur,
1655 2430 1686 2470 c
1733 2413 1751 2471 i
1801 2430 1865 2478 u,
1913 2412 2051 2490 quia
2098 2430 2206 2471 nec
2250 2431 2279 2471 a
2328 2412 2566 2489 penitus
2611 2427 2720 2469 nec
2765 2428 2800 2468 o
2845 2414 2976 2469 ante

338 2524 449 2565 δκου
494 2510 820 2577 Invenitur,
878 2510 996 2568 nisi
1051 2511 1112 2570 iu
1172 2511 1351 2571 verbo
1406 2511 1618 2582 reboo,
1676 2512 1832 2592 quod
1880 2514 2097 2573 factum
2144 2521 2234 2574 est
2278 2510 2315 2574 a*
2353 2511 2494 2592 βοῶ
2539 2529 2753 2589 graeco
2799 2509 2980 2570 verbo

413 2617 472 2668 et
516 2610 837 2697 secundum
893 2613 1142 2690 primam
1199 2608 1671 2692 coniugationem
1729 2614 2084 2676 declinatum
2130 2617 2427 2694 reperitur
2471 2614 2624 2693 apud
2669 2612 2977 2691 Virgilium

415 2713 475 2771 in
521 2714 698 2772 tertio
744 2711 895 2772 libro
939 2716 1290 2793 georgicon,
1339 2724 1402 2776 ut
1448 2716 1800 2777 ‘reboant
1843 2718 2221 2797 silvaeque
2277 2725 2346 2777 et
2393 2733 2692 2794 magnus
2738 2714 2976 2795 Olym-

414 2818 606 2893 pus’,
655 2822 714 2874 et
759 2815 971 2875 inchoo
1017 2818 1288 2888 inchoaS‚
1336 2820 1493 2898 quod
1539 2840 1571 2882 a
1617 2815 1746 2898 χόω
1793 2837 2008 2898 graeco
2052 2820 2285 2881 videtur
2331 2820 2686 2880 traductum.

582 2914 790 2976 Omnia
848 2919 1031 2995 igitur
1087 2919 1264 2980 verba
1322 2930 1456 2982 ante
1500 2941 1534 2980 o
1578 2921 1667 2981 vel
1714 2941 1782 2981 or
1826 2922 2060 2982 finalem
2104 2940 2135 2981 e
2181 2922 2438 2983 vocalem
2481 2920 2761 2983 habentia
2807 2922 2983 2980 unius

337 3034 388 3073 25
416 3025 641 3078 tantum
688 3026 824 3079 sunt
881 3021 1206 3082 secundum
1262 3030 1491 3084 veteres
1545 3027 1764 3085 artium
1823 3026 2148 3103 scriptores
2192 3024 2482 3084 secundae
2527 3024 2978 3101 coniugationis‚

413 3139 563 3200 quac
610 3121 730 3181 sola
790 3124 966 3182 etiam
1026 3124 1085 3181 in
1141 3125 1465 3202 primitivis
1521 3126 1631 3185 hoc
1685 3125 1865 3186 babet
1920 3128 2257 3206 proprium,
2306 3126 2459 3205 quod
2508 3126 2599 3184 vix
2650 3121 2675 3204 Η
2724 3124 2872 3185 aliac
2920 3126 2979 3183 in

415 3222 776 3283 derivativis
867 3242 1002 3284 nam
1067 3243 1183 3304 quo
1250 3225 1424 3285 modo
1489 3228 1680 3305 prima
1744 3229 2081 3305 coniugatio
2135 3229 2597 3307 frequentativa,
2659 3228 2832 3286 tertia
2890 3228 2978 3285 in-

414 3324 710 3395 choativa,
758 3335 962 3405 quarta
1009 3326 1349 3388 meditativa
1394 3327 1605 3398 verba,
1653 3331 1740 3389 sic
1772 3330 2027 3391 secunda
2066 3331 2129 3390 in
2176 3349 2246 3389 co
2292 3331 2768 3389 terminationem
2813 3329 2980 3408 quasi

415 3427 760 3505 specialem,
817 3430 944 3507 ipsa
1001 3436 1196 3489 tamen
1258 3448 1374 3489 non
1419 3431 1478 3490 in
1526 3431 1869 3492 derivativis
1914 3432 2130 3501 solum,
2179 3432 2283 3492 sed
2329 3434 2505 3492 etiam
2551 3432 2612 3491 in
2658 3432 2983 3509 primitivis

339 3544 389 3583 ³0
418 3529 709 3608 possidet,
768 3538 832 3591 ut
887 3530 1076 3590 habeo
1133 3538 1299 3591 tacco
1356 3531 1579 3593 candeo
1636 3552 1780 3611 egeo
1826 3534 2064 3612 squaleo
2107 3535 2290 3594 timeo
2338 3552 2545 3594 maneo
2590 3540 2798 3612 stupeo
2843 3550 2982 3592 areo

415 3649 628 3691 censeo
673 3640 846 3709 pateo
892 3651 1102 3702 caveo;
1148 3633 1473 3713 eodemque
1520 3636 1693 3695 modo
1721 3638 1801 3695 -in
1847 3655 1950 3696 eor
1979 3654 2212 3716 quoque
2253 3634 2585 3696 desinentia
2631 3653 2748 3695 non
2794 3634 2981 3694 solum

414 3735 675 3812 passiva,
724 3732 826 3792 scd
873 3736 1050 3794 etiam
1095 3734 1451 3814 deponentia
1507 3737 1598 3797 vel
1655 3740 1989 3799 communia
2046 3738 2338 3798 secundae
2384 3745 2522 3797 sunt
2564 3755 2798 3816 semper
2841 3754 2979 3795 con-

415 3835 764 3913 iugationis‚
815 3843 880 3894 ut
922 3836 1206 3915 polliceor
1249 3837 1433 3898 liceor
1465 3839 1704 3900 medeor
1747 3858 1885 3900 reor
1929 3859 2164 3901 mereor
2208 3858 2419 3900 vereor
2463 3841 2751 3900 misereor
2793 3838 2982 3898 fateor

554 4089 580 4140 1
622 4090 883 4140 dormesco
925 4091 975 4140 B
1113 4095 1144 4142 2
1183 4093 1496 4144 inueterasco
1532 4108 1670 4143 corr.
1709 4109 1849 4145 -esco
1887 4097 1937 4146 B
1976 4097 2287 4146 inueteresco
2327 4097 2374 4144 P
2507 4095 2768 4144 iuuenisco
2802 4092 2847 4140 P

413 4153 575 4226 glisco
616 4170 665 4210 et
699 4159 785 4210 rel.
826 4161 876 4211 B
1017 4161 1081 4213 10
1132 4162 1388 4229 protinus]
1441 4165 1597 4230 Very.
1632 4164 1763 4219 Aen.
1808 4166 1918 4214 vm
1961 4165 2076 4219 159.
2116 4184 2178 4216 ea
2207 4181 2335 4230 quae
2373 4165 2688 4227 praecedunt
2727 4179 2823 4212 non
2866 4172 2983 4213 sune

422 4231 641 4296 Veryilii
779 4231 840 4283 11
879 4235 1156 4281 carminum
1186 4232 1311 4283 libro
1344 4232 1526 4300 primo]
1569 4236 1622 4299 2,
1660 4235 1691 4283 7
1835 4235 1898 4285 12
1936 4233 2104 4301 omne]
2136 4240 2247 4286 otiis
2284 4243 2303 4285 t
2444 4233 2506 4285 13
2544 4229 2726 4299 visere]
2766 4233 2982 4281 inuisere

414 4300 496 4350 Bc
639 4301 702 4351 14
744 4300 857 4352 ideo
894 4303 1300 4368 coniugationem
1347 4304 1543 4353 illorum
1583 4319 1681 4354 non
1712 4315 1882 4354 seruat
1912 4304 1962 4354 B
2102 4306 2166 4357 19
2204 4304 2367 4355 finalis
2404 4303 2451 4352 Β
2588 4303 2655 4353 20
2693 4303 2790 4352 nisi
2830 4303 2878 4351 in
2922 4319 2982 4352 eo

415 4372 568 4421 uerbo
601 4371 754 4420 reboo
783 4371 831 4419 P
894 4419 901 4432 z
965 4374 1033 4421 22
1071 4375 1120 4421 iu
1159 4375 1305 4423 tertio
1344 4373 1470 4424 libro
1507 4372 1806 4440 georgicon]
1844 4391 1889 4423 v.
1929 4374 2030 4424 223
2168 4375 2473 4437 reboautque
2508 4374 2669 4422 siluae
2708 4381 2756 4422 et
2785 4372 2834 4420 B
2868 4388 2981 4422 cum

415 4442 606 4507 gemitu
635 4440 843 4489 reboant
871 4441 997 4490 silue
1030 4451 1078 4491 et
1101 4444 1136 4503 f
1265 4444 1333 4495 23
1368 4459 1397 4492 a
1433 4444 1532 4494 koo
1568 4458 1707 4495 corr.
1739 4459 1768 4492 a
1811 4445 1919 4494 kom
1955 4444 2005 4493 B
2039 4459 2069 4492 a
2099 4461 2219 4510 χαω
2256 4459 2288 4500 ς
2396 4441 2614 4510 videtur]
2652 4443 2803 4492 uerbo
2837 4443 2885 4492 P

414 4512 482 4561 25
511 4518 628 4558 sunt
666 4517 714 4559 et
750 4513 1026 4562 secundum
1065 4513 1177 4562 BP
1312 4512 1379 4564 26
1407 4512 1585 4562 habuit
1621 4514 1730 4562 BP
1864 4514 1931 4561 ‘29
1966 4514 2080 4578 ipsa
2116 4515 2189 4562 tffi
2226 4528 2322 4561 non
2358 4513 2647 4562 diriuatiuis
2677 4513 2726 4561 B
2829 4512 2899 4562 30
2930 4522 2981 4561 ut

415 4579 576 4628 habeo
617 4588 756 4628 taceo
795 4596 973 4631 maneo
1014 4597 1190 4632 moneo
1227 4592 1406 4648 stupeo
1441 4583 1723 4646 (mtperacr.
1775 4583 1955 4633 scabeo
2007 4582 2245 4645 squaleo,
2289 4584 2339 4631 in
2378 4599 2535 4646 mar-9.
2575 4583 2696 4633 add.
2746 4583 2983 4630 immineo

414 4650 566 4713 lugeo
615 4648 784 4712 deleo)
819 4667 935 4702 areo
984 4667 1165 4702 censeo
1209 4653 1400 4703 candeo
1439 4653 1590 4704 timeo
1631 4668 1758 4718 egeo
1805 4652 1951 4704 doleo
1989 4661 2135 4718 pateo
2172 4668 2331 4701 caneo
2358 4653 2407 4702 B
2450 4663 2503 4702 ut
2536 4662 2613 4702 est
2642 4652 2803 4701 habeo
2843 4661 2983 4701 taceo

416 4728 594 4784 stupeo
647 4733 822 4769 maneo
867 4724 1049 4773 scobeo
1095 4722 1304 4786 squaleo
1348 4737 1466 4772 areo
1502 4738 1685 4773 censeo
1732 4722 1924 4772 candeo
1963 4723 2111 4773 timeo
2157 4737 2255 4787 geo
2294 4723 2439 4773 doleo
2476 4729 2623 4788 pateo
2660 4737 2815 4771 caueo
2847 4723 2895 4771 P
2931 4730 2984 4771 ut

416 4796 493 4838 est
529 4787 689 4838 habeo
725 4797 862 4841 taceo
901 4809 1082 4843 moneo
1119 4801 1299 4859 stupeo
1334 4809 1452 4843 areo
1491 4795 1673 4845 scabeo
1707 4807 1852 4845 arceo
1885 4808 2065 4843 censeo
2099 4793 2290 4845 candeo
2326 4794 2476 4844 timeo
2514 4807 2612 4862 geo
2648 4792 2793 4843 doleo
2830 4800 2981 4859 pateo

414 4872 572 4908 caneo
609 4866 629 4908 t
768 4859 831 4912 31
869 4863 1045 4915 eodem
1083 4878 1283 4928 quoque
1322 4865 1472 4914 modo
1514 4865 1560 4916 P
