3541 5564
1386 361 1530 426 Ans
1589 364 1668 425 IX
1715 364 1919 423 2-4
2338 386 2345 395 ‘
2840 356 2965 425 437

442 484 486 528 p.
513 476 628 516 1719.
653 474 707 515 20
732 469 781 515 Ρ.
2607 483 2649 523 p.
2677 470 2767 512 ³50.
2794 472 2843 511 ω
2872 469 2917 509 L.

393 555 598 616 absum
645 562 706 614 et
749 570 1028 632 praesum
1072 553 1340 612 veniunt.
1425 559 1486 611 et
1531 570 1601 611 eo
1646 550 1891 611 verbum
1938 552 2001 610 in
2046 551 2361 629 participio
2406 552 2752 610 nominativi
2799 569 2971 611 casus

393 659 626 719 numeri
672 655 987 733 singularis
1031 653 1262 723 deficit;
1322 655 1382 713 in
1427 654 1645 713 ceteris
1689 662 1853 714 recte
1900 653 2260 714 declinatur:
2308 656 2632 732 composita
2678 652 2968 733 quaedam

393 762 572 820 etiam
617 758 1042 819 nominativum
1086 754 1337 823 habent,
1386 760 1451 813 ut
1493 758 1867 833 praeteriens
1911 754 2136 815 abiens.
2224 757 2412 814 futuri
2457 755 2743 834 temporis
2786 756 2969 833 parti-

393 864 548 940 cipia
593 880 710 922 non
756 858 979 920 habent
1021 859 1084 917 in
1121 859 1341 939 ,rimis
1371 855 1551 916 verba
1593 857 1820 917 formae
1852 852 2255 927 inchoativae,
2303 863 2370 917 ut
2413 857 2697 918 horresco
2741 856 2970 917 calesco

341 971 452 1023 ⁵et
507 964 600 1023 his
654 962 901 1031 similia;
958 959 1175 1019 deinde
1235 959 1431 1018 omnia
1486 959 1780 1019 secundae
1839 959 2271 1036 coniugationis
2335 978 2485 1039 quae
2541 966 2681 1019 sunt
2735 960 2973 1036 generis

392 1066 590 1126 neutri
647 1072 707 1123 et
760 1065 824 1123 in
880 1063 1129 1123 formam
1185 1067 1498 1121 transeunt
1539 1060 1969 1130 inchoativam,
2015 1067 2081 1120 ut
2124 1059 2339 1122 horreo
2384 1061 2547 1121 caleo
2593 1069 2767 1140 tepeo
2811 1062 2971 1120 niteo

393 1175 568 1246 pateo
615 1172 824 1247 stupeo
869 1164 1149 1243 splendeo
1195 1164 1362 1241 vigeo
1407 1165 1572 1223 vireo
1615 1166 1784 1241 rigeo
1815 1162 2001 1223 floreo
2030 1182 2214 1242 paveo
2255 1162 2443 1223 rubeo
2487 1162 2661 1223 tabeo
2710 1159 2716 1245 Ι
2763 1163 2972 1224 madeo

393 1278 593 1330 tumeo
650 1268 798 1328 sileo
852 1266 1043 1345 palleo
1097 1268 1298 1325 ferveo
1353 1267 1534 1324 timeo
1578 1265 1760 1325 lateo:
1819 1283 1956 1324 nam
2001 1272 2061 1324 et
2106 1265 2250 1325 haec
2296 1265 2624 1345 adsumptis
2666 1268 2972 1346 praeposi-

394 1369 660 1431 tionibus
724 1371 952 1430 faciunt
1007 1368 1372 1436 inchoativa,
1443 1375 1509 1426 ut
1573 1369 1932 1446 pertimesco
1998 1374 2058 1426 et
2124 1366 2428 1427 delitesco.
2520 1356 2702 1428 valeo'
2756 1378 2972 1435 tamen,

320 1485 371 1525 1⁰
398 1492 532 1534 cum
578 1473 758 1532 faciat
802 1470 1175 1539 convalesco,
1224 1472 1287 1530 in
1330 1471 1649 1548 participio
1696 1471 1882 1529 futuri
1930 1471 2217 1548 temporis
2260 1472 2506 1530 minime
2551 1472 2778 1531 deficit:
2836 1487 2972 1530 nam

395 1576 687 1636 valiturus
743 1571 1060 1634 dicendum
1116 1579 1224 1633 est.
1316 1578 1455 1630 sunt
1511 1570 1623 1631 alia
1669 1579 1981 1651 praeterea
2027 1590 2176 1650 quae
2223 1590 2343 1632 non
2386 1579 2701 1633 transeunt
2743 1574 2806 1632 in
2851 1572 2972 1631 for-

395 1697 551 1739 mam
604 1675 1002 1736 inchoativam
1056 1673 1321 1734 eiusdem
1379 1675 1815 1749 coniugationis
1869 1682 1929 1733 et
1992 1675 2233 1750 generis
2289 1681 2349 1733 et
2400 1674 2590 1734 nihilo
2648 1676 2847 1735 minus
2910 1675 2974 1732 in

395 1780 734 1859 participiis
775 1778 964 1838 futuri
1010 1776 1301 1854 temporis
1345 1776 1664 1845 deficiunt,
1713 1782 1779 1833 ut
1823 1793 1968 1852 egeo
1998 1794 2239 1836 maereo
2280 1775 2472 1854 polleo
2516 1776 2699 1836 calleo
2745 1775 2972 1835 studeo.

396 1888 634 1960 praeter
690 1879 838 1940 haec
891 1885 950 1938 et
1005 1877 1134 1938 volo
1189 1884 1355 1937 caret
1408 1879 1727 1956 participio
1783 1877 1967 1937 futuri
2028 1879 2317 1956 temporis
2374 1884 2436 1937 et
2478 1879 2642 1947 nolo,
2700 1878 2857 1958 quod
2902 1896 2975 1937 ex

320 1982 500 2045 millo
555 1982 948 2061 componitur.
1037 1979 1315 2039 similiter
1370 1987 1431 2038 et
1485 1986 1684 2039 metuo
1740 1980 1861 2040 fluo
1919 1981 2056 2039 sitio
2112 1988 2302 2039 tremo
2358 1981 2556 2039 saevio
2612 1998 2745 2040 sero
2812 1979 2977 2039 disco

395 2102 579 2164 posco
638 2085 798 2144 furio
859 2079 1027 2161 [quot
1085 2080 1266 2141 verba
1323 2078 1573 2160 prima].
1664 2083 1975 2160 utriusque
2032 2083 2320 2160 temporis
2370 2084 2708 2161 participiis
2772 2088 2979 2141 carent

395 2185 816 2265 impersonalia
863 2185 1091 2253 omnia,
1139 2183 1210 2243 de
1253 2182 1473 2262 quibus
1503 2185 1782 2261 superius
1811 2182 2148 2246 docuimus,
2198 2190 2259 2242 et
2303 2182 2624 2253 defectiva,
2669 2182 2769 2268 illa
2815 2182 2975 2242 vide-

395 2287 538 2348 licet
580 2306 730 2367 quae
777 2287 987 2347 ordine
1034 2285 1323 2346 declinari
1369 2303 1487 2344 non
1530 2291 1810 2367 possunt,
1858 2291 1924 2344 ut
1964 2286 2059 2345 aio
2087 2303 2309 2363 quaeso
2353 2287 2597 2364 inquam
2639 2286 2774 2345 faxo
2820 2283 2975 2344 salve

397 2408 500 2450 ave
546 2390 695 2450 cedo
740 2396 802 2448 et
844 2405 1116 2467 possum;
1163 2386 1443 2446 similiter
1487 2393 1547 2445 et
1591 2387 1772 2447 soleo.

317 2505 368 2545 20
566 2491 717 2552 Sunt
758 2488 969 2559 verba,
1015 2506 1167 2569 quae
1212 2490 1276 2548 in
1320 2491 1513 2567 prima
1558 2507 1818 2568 persona
1849 2492 2093 2550 confusa
2124 2488 2449 2560 habentur,
2496 2508 2748 2569 quorum
2793 2490 2977 2567 signi-

395 2595 732 2654 ficationem
789 2591 1049 2652 secunda
1103 2609 1355 2670 persona
1413 2593 1851 2668 coniugationis
1905 2591 2221 2662 discernit,
2293 2593 2427 2652 dico
2463 2593 2647 2652 dicas
2702 2598 2976 2670 correpta

395 2698 594 2776 priore
661 2693 913 2774 syllaba,
980 2693 1114 2753 dico
1170 2693 1323 2753 dieis
1377 2692 1697 2772 producta;
1763 2694 1949 2754 fundo
2000 2693 2277 2773 ἲ-ιιιιιίειξ,ἦ
2292 2694 2494 2786 §gnido
2549 2693 2781 2763 fundis;
2849 2692 2978 2753 volo

396 2798 583 2868 volas,
642 2797 774 2858 volo
839 2798 958 2867 vis;
1026 2795 1257 2875 appello
1311 2796 1599 2875 appellaS,
1658 2796 1889 2875 appello
1945 2796 2227 2876 appellis;
2296 2789 2584 2877 compello
2638 2796 2976 2875 compellas

396 2898 685 2978 compello
729 2897 1064 2983 compellis3
1111 2898 1326 2958 mando
1368 2898 1642 2968 mandaS,
1687 2898 1904 2958 mando
1947 2899 2199 2959 mandis,
2289 2906 2429 2960 sunt
2471 2899 2585 2959 alia
2629 2916 2779 2979 quae
2826 2916 2896 2959 ex
2945 2894 2971 2978 Η

319 3018 370 3059 25
397 3002 630 3062 diversa
676 3001 867 3062 forma
911 3002 1246 3081 praesentis
1291 3003 1576 3079 temporis
1617 3002 1682 3060 in
1726 3003 2053 3080 praeterito
2098 3001 2561 3072 confunduntur,
2607 3019 2792 3080 paveo
2823 3000 2976 3079 pavi,

397 3123 574 3185 pasco
619 3105 783 3183 pavi;
840 3121 1023 3164 cerno
1068 3104 1259 3172 crevi,
1319 3120 1522 3162 cresco
1566 3105 1760 3174 crevi;
1818 3122 1965 3164 acuo
2009 3105 2172 3173 acui,
2220 3122 2361 3164 aceo
2407 3106 2569 3173 acui;
2616 3103 2790 3181 lugeo
2835 3102 2977 3171 luxi,

398 3206 568 3267 luceo
633 3205 790 3275 luxi;
855 3206 1086 3285 pendeo
1139 3205 1429 3284 pependi,
1494 3205 1689 3284 pendo
1743 3207 2035 3285 pependi;
2103 3208 2296 3284 frigeo
2360 3207 2535 3275 frixi,
2603 3207 2759 3282 frigo
2813 3206 2977 3265 frixi.

398 3314 537 3369 sunt
580 3325 731 3387 quae
775 3307 937 3369 idem
981 3306 1204 3367 habent
1246 3324 1532 3385 praesens
1561 3314 1621 3366 et
1649 3310 2044 3386 praeteritum
2088 3309 2450 3386 perfectum,
2498 3307 2646 3368 haec
2691 3307 2833 3376 sola,
2880 3306 2977 3367 odi

397 3412 535 3469 novi
599 3411 846 3470 memini
911 3410 1079 3487 coepi
1137 3410 1363 3489 pepigi.
1453 3409 1599 3469 haec
1654 3411 1719 3469 in
1776 3412 2127 3489 imperativo
2180 3410 2357 3470 modo
2410 3418 2654 3489 praeter
2711 3410 2975 3479 memini,

321 3511 557 3591 eoquod
612 3518 913 3572 memento
968 3512 1141 3581 facit,
1201 3511 1486 3571 deficiunt
1540 3517 1602 3570 et
1653 3513 1718 3571 in
1775 3512 1976 3571 futuro
2032 3507 2251 3572 infiniti
2310 3512 2470 3572 modi
2525 3521 2587 3573 et
2639 3514 2703 3572 in
2749 3513 2980 3591 supinis

537 3697 606 3750 20
638 3708 754 3749 sunt
791 3699 942 3748 verba
982 3699 1134 3750 enar.
1171 3697 1290 3759 256,
1321 3699 1403 3752 12.
1448 3699 1607 3751 mom.
1639 3696 1761 3758 372,
1795 3699 1861 3747 22
1971 3700 2037 3748 24
2071 3685 2315 3749 suntuna
2342 3699 2495 3753 char.
2532 3701 2651 3761 247,
2691 3701 2775 3749 22.
2819 3699 2976 3750 mom.

396 3769 518 3832 371,
558 3770 623 3818 27
765 3769 832 3820 28
865 3779 982 3841 sunt
1019 3782 1148 3831 quae
1184 3767 1318 3817 idem
1355 3767 1541 3817 habent
1583 3784 1831 3834 praesens
1868 3767 2025 3822 Char.
2054 3771 2175 3830 257,
2213 3769 2246 3818 8

534 3943 567 3991 2
601 3940 888 3990 declinatur
917 3941 1005 4003 f5.
1027 3939 1342 3989 declinantur
1375 3941 1487 3990 PF
1584 3942 1617 3990 6
1655 3948 1802 4006 tepeo
1835 3943 1971 3992 niteo
2010 3952 2158 4007 pateo
2197 3953 2378 4008 stupeo
2417 3954 2450 3996 5
2483 3951 2630 4008 tepeo
2659 3941 2795 3990 niteo
2831 3947 2975 4005 tepeo

398 4021 579 4077 stupeo
616 4015 667 4062 P
703 4021 850 4075 tepeo
888 4021 1037 4060 nateo
1072 4007 1233 4072 (niteo
1254 4011 1313 4074 s)
1350 4020 1531 4075 stupeo
1562 4011 1613 4059 F
1747 4012 1778 4061 7
1821 4012 1960 4063 vireo
1995 4013 2222 4064 hocloco
2250 4028 2343 4066 om.
2364 4013 2414 4062 F
2512 4007 2689 4077 floreo]
2733 4010 2797 4059 ilo
2829 4012 2880 4060 P

396 4083 575 4131 madeo
611 4092 784 4132 tumeo
821 4093 855 4136 5
891 4080 1072 4129 madeo
1115 4075 1255 4129 ui'reo
1294 4089 1342 4129 et
1385 4089 1564 4144 stupeo
1606 4092 1777 4130 tumeo
1814 4081 1924 4132 PF
2034 4082 2068 4133 9
2099 4093 2267 4132 tamen
2306 4082 2571 4132 Pueschius
2600 4091 2791 4131 tantum
2834 4080 2977 4135 PF5

399 4151 463 4201 lo
499 4147 637 4217 cum]
673 4159 727 4199 ut
764 4151 814 4200 Ρ
917 4150 981 4201 13
1017 4145 1168 4214 egeo]
1207 4159 1258 4198 et
1294 4163 1391 4216 ego
1417 4151 1463 4198 Ρ
1566 4165 1734 4200 mereo
1767 4151 1933 4217 polleo
1957 4152 2005 4199 Ρ
2028 4166 2195 4201 mereo
2230 4152 2395 4217 palleo
2421 4153 2513 4208 F5
2622 4150 2780 4200 calleo
2806 4166 2900 4203 om.
2933 4149 2983 4197 F

534 4221 598 4271 14
629 4230 677 4270 et
715 4219 832 4269 nolo
871 4228 921 4269 et
956 4234 1086 4282 quae
1120 4234 1182 4268 ex
1218 4220 1319 4269 illis
1358 4230 1729 4285 componuntur
1760 4235 1795 4277 ς
1927 4221 1991 4272 15
2022 4221 2163 4270 senio
2200 4237 2314 4272 sero
2349 4221 2402 4270 F
2433 4223 2574 4271 saeui
2618 4234 2730 4271 sero
2769 4221 2819 4268 P
2852 4234 2976 4268 seuo

393 4305 509 4341 sero
547 4291 698 4357 algeo
727 4304 761 4347 ς
903 4289 968 4339 16
999 4284 1176 4354 posco]
1217 4290 1361 4354 pisco
1397 4290 1448 4338 P
1481 4304 1636 4354 pasco
1673 4304 1707 4346 5
1819 4291 1965 4342 furio.
2013 4307 2141 4354 quae
2178 4294 2331 4340 uerba
2368 4292 2625 4355 primitiua
2660 4290 2816 4341 futuri
2856 4297 2977 4339 tem·

395 4361 540 4425 poris
580 4361 863 4427 participiis
901 4367 1090 4409 carent.
1146 4359 1379 4408 similiter
1417 4371 1588 4408 carent
1624 4361 1907 4426 participiis
1957 4361 2317 4426 impersonalia
2353 4374 2387 4417 5
2557 4361 2691 4426 quod
2729 4360 2883 4424 (quae
2912 4356 2979 4422 s)

396 4430 548 4478 uerba
581 4431 742 4494 prima
769 4430 828 4478 F.
866 4429 1022 4480 verba
1053 4429 1117 4477 ab
1154 4428 1249 4478 hoc
1283 4431 1392 4478 loco
1428 4430 1593 4479 aliena
1618 4428 1849 4491 sortasse
1880 4445 1951 4480 ex
1973 4433 2037 4481 iis
2063 4446 2193 4495 quae
2215 4439 2486 4495 sequuntur
2516 4441 2634 4481 sunt
2668 4432 2821 4479 verba
2850 4442 2979 4491 quae

401 4500 454 4548 in
489 4502 651 4564 prima
688 4513 903 4565 persona
940 4497 1151 4548 confusa
1194 4498 1443 4548 habentur
1474 4498 1570 4548 huc
1601 4500 1854 4550 translata
1888 4509 2002 4550 sum
2169 4500 2235 4551 23
2269 4500 2472 4566 appello
2502 4500 2717 4567 appellis
2751 4498 2983 4563 conpello

399 4569 660 4634 conpellas
686 4586 777 4619 om.
809 4569 860 4617 P
1000 4567 1067 4618 26
1104 4565 1249 4634 aceo]
1292 4582 1448 4618 aeneo
1476 4568 1527 4616 P
1663 4570 1728 4618 27
1769 4570 1966 4635 pendeo
2004 4571 2225 4636 pependi
2260 4585 2351 4619 om.
2390 4571 2440 4619 F
2560 4570 2727 4635 pendo
2766 4567 2985 4634 pependi

397 4653 491 4691 om.
533 4639 580 4687 P
751 4639 914 4706 frigeo
955 4639 1074 4689 frixi
1114 4639 1247 4704 frigo
1284 4637 1407 4688 frixi
1439 4638 1705 4688 Putsclaeius
1742 4639 1903 4706 frigeo
1940 4640 2063 4690 frixi
2100 4640 2265 4705 frigeo
2305 4640 2353 4687 Ρ
2386 4639 2551 4706 frigeo
2593 4640 2714 4689 frixi
2739 4640 2788 4688 1⁷⁸
2818 4639 2983 4704 frigeo

397 4707 518 4757 frixi
568 4707 693 4757 frico
731 4708 850 4759 frixi
894 4726 927 4765 5
965 4708 1130 4775 frigeo
1219 4709 1290 4756 ixi
1328 4707 1452 4758 frico
1487 4708 1609 4758 frixi
1660 4710 1741 4757 uel
1786 4709 1935 4759 fricui
1972 4725 2007 4775 9
2146 4710 2215 4760 ⁸29
2248 4709 2376 4766 ,haec
2411 4711 2712 4776 imperatiuo
2754 4709 2905 4759 modo
2940 4709 2988 4756 Ρ

399 4776 527 4827 haec
563 4779 736 4842 inpfto
775 4780 922 4829 modo
961 4779 1011 4828 F
1117 4778 1149 4827 3
1222 4778 1462 4827 deficiunt
1501 4790 1550 4828 et
1584 4781 1634 4827 in
1671 4778 1841 4831 futuro
1881 4779 2076 4830 infinito
2109 4781 2259 4830 modo
2294 4780 2345 4828 P
2375 4781 2608 4831 deficiunt
2648 4783 2697 4830 in
2734 4779 2901 4830 futuro
2937 4787 2986 4827 et

400 4848 450 4896 in
481 4846 678 4898 infinito
720 4849 868 4897 modo
905 4849 955 4897 F
987 4849 1228 4900 deficiunt
1264 4857 1311 4898 et
1344 4849 1397 4898 iu
1429 4849 1596 4900 futuro
1629 4857 1677 4898 et
1715 4850 1765 4898 in
1805 4851 2053 4900 infinitiuo
2090 4851 2240 4901 modo
2278 4865 2313 4910 5
