3541 5564
569 342 695 407 258
788 314 792 318 ’
1702 346 2008 409 romeu

621 467 663 507 p.
691 454 869 495 363-65
897 452 940 493 L.

571 554 673 594 sus
732 542 790 594 et
845 534 1221 613 participium
1283 542 1372 594 est
1429 541 1486 593 et
1543 551 1789 594 nomeu:
1847 527 1899 594 si
1955 535 2130 594 saciat
2183 534 2482 597 incensior
2525 535 2998 605 incensissimuS,
3045 536 3161 595 erit

570 655 817 706 nomem
874 637 924 696 si
969 643 1165 697 autem
1211 653 1329 696 non
1374 636 1578 705 saciat,
1639 637 1751 697 erit
1794 637 2190 716 participium.
2281 639 2508 698 nomini
2554 639 2710 699 enim
2757 636 2972 698 accidit
3016 655 3157 697 con-

567 741 828 817 parati0,
875 740 1189 819 participio
1236 756 1576 818 numquam.
1668 756 1811 817 ergo
1856 737 2041 800 habes
2087 738 2505 810 discretioneS,
2554 747 2613 800 et
2654 738 2913 817 singulas
2957 740 3156 817 singu·

568 841 759 902 lorum
815 843 1258 921 participiorum
1318 849 1377 901 et
1443 858 1792 901 communes
1849 843 2131 902 omnium.
2224 842 2527 903 videamus
2581 840 2789 916 modo,
2859 840 2996 919 quid
3065 848 3157 901 est

565 945 966 1023 participium.
3180 958 3207 997 5

732 1046 1115 1125 participium
1179 1054 1269 1105 est
1332 1064 1473 1124 pars
1540 1047 1827 1107 orationis
1895 1046 2080 1117 dicta,
2149 1046 2304 1126 quod
2365 1054 2594 1125 partem
2650 1047 2844 1126 capiat
2898 1046 3157 1106 nominis

563 1158 909 1229 partemque
965 1146 1150 1207 verbi.
1241 1149 1457 1227 recipit
1502 1150 1660 1210 enim
1702 1166 1737 1208 a
1783 1149 2021 1209 nomine
2066 1167 2287 1227 genera
2334 1157 2393 1208 et
2448 1167 2649 1219 casuS,
2696 1168 2731 1209 a
2776 1147 2958 1209 verbo
3004 1156 3154 1208 tem-

562 1270 708 1331 pora
765 1257 822 1310 et
875 1251 1361 1328 significationeS,
1411 1249 1484 1310 ab
1528 1257 1785 1329 utroque
1841 1268 2153 1311 numerum
2198 1259 2259 1312 et
2302 1251 2572 1329 figuram.
2662 1268 2805 1328 ergo
2850 1269 2954 1310 sex
2997 1251 3150 1310 acci·

562 1353 711 1413 dunt
752 1352 1067 1432 participio
1113 1353 1242 1413 sine
1289 1350 1496 1421 dubio,
1557 1352 1673 1413 duo
1728 1353 1968 1433 propria
2028 1354 2314 1422 nominiS,
2372 1353 2487 1414 duo
2540 1354 2784 1433 propria
2841 1351 3033 1421 verbi,
3095 1359 3156 1413 et

561 1454 680 1515 duo
728 1455 1063 1515 communia
1112 1453 1186 1515 ab
1232 1463 1486 1534 utroque
1530 1455 1740 1526 trahit,
1792 1461 1909 1515 tam
1955 1473 1985 1514 a
2033 1457 2273 1516 nominc
2306 1472 2481 1533 quam
2521 1474 2555 1516 a
2585 1453 2785 1516 verbo.
2849 1446 3151 1515 videam'us
3177 1446 3229 1509 10

560 1554 788 1634 singula
835 1556 1160 1617 secundum
1207 1558 1466 1618 nomina.
2626 1634 2635 1641 ἱ

321 1661 439 1722 416,
468 1664 532 1711 32
729 1658 962 1719 Genera
1005 1659 1330 1738 participiis
1373 1658 1649 1721 accidunt
1701 1667 1978 1739 quattuor
2042 1666 2298 1731 tantum,
2346 1648 2738 1721 masculinum
2796 1659 3146 1720 femininum

558 1759 824 1822 neutrale
881 1767 939 1821 et
994 1778 1308 1822 commune
1367 1779 1438 1822 ex
1485 1760 1673 1822 tribus
1716 1760 2053 1840 generibus,
2147 1769 2205 1822 et
2246 1780 2481 1841 semper
2525 1762 2670 1821 istae
2714 1759 2954 1840 regulae
2998 1762 3147 1821 fixae

557 1871 722 1922 suut:
779 1881 1018 1941 semper
1074 1862 1465 1924 masculinum
1521 1864 1898 1943 participium
1954 1864 2012 1923 in
2073 1882 2142 1924 us
2189 1865 2332 1935 exit,
2379 1864 2731 1924 femininum
2778 1865 2840 1924 in
2886 1882 2950 1933 a,
2998 1881 3146 1924 neu-

558 1974 715 2026 trum
773 1965 833 2025 in
891 1983 989 2025 um
1053 1963 1318 2045 [semper
1373 1963 1535 2026 nullo
1595 1973 1843 2045 excepto
1897 1965 2271 2046 participio],
2332 1984 2649 2027 commune
2706 1967 2768 2027 in
2829 1984 2936 2026 ans
2982 1973 3041 2026 et
3085 1967 3147 2026 in
3176 1980 3226 2020 15

498 2127 502 2131 ,
557 2084 689 2137 enS,
748 2066 809 2126 id
869 2075 958 2127 est
1011 2067 1071 2126 in
1118 2084 1156 2127 n
1204 2075 1263 2126 et
1307 2086 1365 2136 s,
1423 2087 1542 2128 non
1599 2077 1685 2141 ut,
1718 2066 1934 2128 haheat
1987 2086 2019 2128 a
2078 2076 2180 2128 aut
2234 2067 2447 2128 habeat
2490 2087 2552 2138 e,
2616 2067 2718 2129 sed
2770 2066 2776 2149 Ι
2825 2076 2892 2128 ut
2933 2066 3151 2128 habeat

556 2167 702 2230 duas
757 2176 1183 2238 consonantes;
1240 2170 1362 2229 sive
1420 2187 1452 2229 a
1508 2168 1848 2239 antecedat,
1907 2171 2029 2231 sive
2086 2188 2119 2230 e
2174 2169 2511 2240 antecedat,
2570 2169 2686 2231 hoc
2730 2187 2851 2229 non
2898 2171 3143 2248 cogiteS‚

554 2271 658 2332 scd
717 2280 939 2332 tantum
997 2271 1175 2332 modo
1228 2270 1359 2333 illas
1414 2270 1560 2333 duas
1619 2281 2034 2333 consonantes.
2128 2281 2192 2333 ut
2243 2280 2385 2352 puta
2441 2270 2608 2333 verbi
2666 2289 2837 2332 causa
2909 2271 3146 2333 auditus

554 2372 748 2433 audita
807 2374 1099 2444 auditum,
1159 2374 1422 2435 audiens,
1513 2393 1651 2435 nam
1705 2392 1990 2453 praesens
2049 2375 2427 2454 participium
2473 2375 2655 2435 trium
2699 2390 2987 2450 generum
3035 2379 3142 2442 est,

553 2475 726 2537 aliter
786 2495 901 2537 non
958 2485 1155 2555 potest
1206 2477 1462 2537 inveniri
1519 2475 1671 2555 apud
1729 2476 1988 2537 LatinoS.
2076 2474 2307 2537 nullum
2364 2482 2453 2536 est
2508 2477 2665 2536 enim
2725 2476 2882 2555 quod
2930 2474 3219 2537 habeateo

554 2578 671 2639 duo
736 2596 984 2656 genera,
1054 2578 1157 2639 sed
1213 2585 1315 2640 aut
1370 2577 1761 2639 masculinum
1819 2587 1936 2649 est,
1995 2586 2061 2639 ut
2113 2577 2431 2657 legendus,
2490 2585 2588 2640 aut
2641 2578 3021 2646 femininum,
3079 2586 3145 2638 ut

552 2679 828 2758 legenda,
889 2687 988 2741 aut
1043 2689 1354 2750 neutrum,
1413 2687 1477 2740 ut
1534 2679 1879 2758 legendum,
1937 2689 2039 2740 aut
2084 2699 2398 2742 commune
2444 2699 2516 2741 ex
2560 2678 2754 2741 tribus
2796 2679 3139 2758 generibus,

553 2791 616 2842 ut
662 2791 754 2843 est
796 2782 1020 2861 legens,
1097 2791 1154 2844 et
1197 2800 1485 2862 praesens
1531 2784 1912 2863 participium
1959 2785 2070 2844 tria
2117 2785 2370 2844 sustinet
2412 2801 2631 2861 genera
2677 2780 2852 2843 simul
2896 2800 3139 2851 conexa,

551 2887 942 2964 praeteritum
988 2886 1366 2965 participium
1413 2887 1523 2947 tria
1571 2885 1784 2955 divisa,
1844 2886 2111 2947 futurum
2154 2886 2534 2965 participium
2580 2886 2692 2946 tria
2737 2883 3005 2945 similiter
3051 2884 3138 2945 di-

551 2989 691 3047 visa.
782 3006 918 3048 nam
966 2986 1202 3065 quando
1251 2988 1384 3048 dico
1430 2987 1661 3066 legenS,
1720 2988 1829 3048 tria
1872 3006 2094 3065 genera
2137 2995 2303 3057 sunt,
2349 2987 2552 3066 legens
2600 2989 2713 3057 vir,
2761 2985 2965 3065 legens
3009 3005 3137 3048 mu·
3163 3002 3218 3042 2⁵

550 3088 689 3158 lier,
747 3088 953 3168 legens
1020 3092 1398 3170 mancipium.
1488 3108 1521 3149 e
1587 3090 1890 3151 contrario
1956 3091 2331 3169 participium
2396 3092 2788 3169 praeteritum
2856 3088 3141 3150 discernit

549 3210 767 3269 genus,
815 3190 1004 3253 lectus
1049 3191 1200 3252 lecta
1246 3190 1495 3260 lectum,
1545 3200 1605 3253 ct
1647 3191 1913 3252 futurum
1956 3193 2368 3272 participium,
2415 3193 2537 3253 sive
2567 3194 2628 3253 in
2662 3191 2772 3252 dus
2803 3199 2974 3252 exeat
3015 3192 3137 3252 sive

546 3295 605 3354 in
652 3312 783 3366 ruS,
829 3292 1119 3371 legendus
1162 3293 1410 3372 legenda
1457 3292 1808 3373 legendum,
1859 3293 2119 3355 lecturus
2163 3293 2390 3355 lectura
2438 3294 2751 3355 lecturum.
2842 3294 2954 3354 ista
2998 3300 3138 3353 sunt

546 3413 765 3472 genera
810 3404 1040 3456 tantum
1085 3396 1283 3456 modo.

345 3507 463 3570 417,
489 3509 521 3556 3
716 3498 899 3558 Casus
944 3498 1221 3559 accidunt
1262 3499 1587 3578 participiis
1631 3505 1744 3567 tot,
1795 3507 1937 3578 quot
1967 3500 2144 3559 etiam
2175 3496 2452 3560 accidunt
2481 3498 2735 3568 nomini,
2784 3496 2843 3557 id
2890 3504 2979 3558 est
3006 3515 3131 3567 sex,
3160 3514 3213 3554 30

313 3576 430 3635 ‘⁷³¹3’
461 3577 750 3679 ¹⁵legens
795 3598 1042 3678 legentis
1086 3598 1307 3678 legenti
1350 3598 1643 3677 legentem
1690 3599 1894 3678 legens
1934 3619 1966 3661 a
2013 3599 2262 3678 legente.
2355 3607 2413 3661 et
2457 3601 2591 3680 quia
2637 3600 2757 3660 dixi
2801 3618 2833 3658 a
2877 3597 3132 3677 legente,

545 3703 852 3782 quaeritur
896 3711 1095 3763 utrum
1140 3702 1450 3782 participia
1497 3703 1558 3761 in
1603 3704 1621 3762 i
1670 3710 1909 3771 exeant,
1957 3721 2031 3763 an
2078 3704 2138 3763 in
2185 3722 2234 3763 e.
2326 3703 2655 3782 quaesitum
2701 3709 2791 3763 est
2833 3702 2936 3763 diu
2979 3701 3133 3782 apud

545 3803 956 3887 artilgraphos.
1049 3813 1109 3865 et
1162 3805 1319 3864 scire
1375 3802 1558 3864 debes
1613 3806 1749 3884 quia
1809 3823 1984 3865 omne
2042 3805 2423 3883 participium
2467 3805 2801 3884 praesentis
2845 3807 3133 3882 temporis

545 3926 576 3966 e
622 3908 996 3967 terminatur.
1083 3907 1132 3966 si
1178 3904 1411 3984 quando
1454 3907 1752 3966 inveneris
1796 3907 1817 3965 i
1862 3906 2198 3976 terminari,
2246 3914 2345 3966 aut
2388 3908 2710 3969 necessitas
2752 3907 2895 3967 facit
2936 3906 3130 3974 metri,

545 4016 647 4068 aut
690 4017 853 4068 certe
898 4008 1176 4088 quoniam
1221 4005 1403 4068 habet
1447 4009 1862 4087 cognationem
1908 4025 2044 4068 cum
2090 4008 2350 4068 nomine.
2428 4007 2501 4068 ab
2546 4007 2662 4068 hoc
2707 4006 2941 4085 legente
2987 3993 3129 4067 dici·
3156 4024 3209 4064 35

543 4129 703 4182 muS,
764 4129 906 4188 ergo
962 4109 1341 4190 participium
1396 4118 1503 4171 est.
1595 4081 1852 4171 dixir'nus
1908 4109 2065 4189 quod
2124 4128 2327 4172 amans
2383 4118 2442 4170 et
2496 4128 2712 4170 nomen
2759 4116 2956 4188 potest
3000 4128 3128 4170 esse

681 4281 705 4331 l
747 4290 797 4330 et
830 4280 1152 4346 participium
1190 4288 1267 4329 est
1303 4286 1353 4328 et
1387 4294 1570 4330 nomen
1607 4281 1690 4331 Ga
1726 4289 1775 4329 et
1811 4280 2133 4345 participium
2165 4280 2262 4329 erit
2295 4295 2477 4329 nomen
2517 4281 2566 4329 A
2609 4287 2657 4330 et
2690 4280 3013 4346 participium
3051 4289 3127 4330 est

540 4360 590 4400 et
623 4365 808 4400 nomen
846 4360 924 4399 est
955 4352 1004 4400 B
1180 4351 1224 4398 si
1254 4348 1410 4398 faciat
1438 4350 1532 4401 Ba
1569 4351 1611 4401 si
1650 4350 1775 4400 facit
1802 4350 1911 4400 AG
2074 4351 2110 4402 6
2137 4358 2334 4415 partem
2370 4351 2541 4418 capiat
2575 4352 2794 4400 nominis
2828 4359 3125 4416 partemque

540 4422 682 4470 uerbi
720 4420 828 4472 BC
850 4430 1046 4486 partem
1074 4421 1210 4485 capit
1238 4420 1458 4470 nominis
1494 4430 1686 4485 partem
1719 4420 1853 4487 capit
1883 4420 2030 4470 uerbi
2065 4421 2116 4470 A
2259 4420 2322 4471 15
2360 4421 2497 4470 nullo
2527 4436 2620 4474 om.
2658 4421 2735 4472 012
2855 4420 3125 4487 participio

539 4506 803 4540 commune
837 4491 887 4538 in
929 4506 1021 4539 ans
1061 4498 1110 4538 et
1145 4491 1223 4556 (in
1252 4505 1345 4539 ans
1376 4498 1425 4539 et
1459 4508 1550 4542 om.
1573 4490 1650 4556 B)
1685 4492 1736 4540 in
1767 4505 1860 4540 ens
1887 4490 2033 4541 BCa
2063 4490 2385 4556 participium
2415 4491 2466 4540 in
2504 4491 2614 4542 istis
2639 4489 2690 4540 A
2798 4490 2865 4541 16
2889 4490 2941 4539 id
2967 4501 3044 4540 est
3073 4490 3125 4538 in

538 4576 570 4609 n
602 4571 652 4610 et
672 4577 697 4610 s
722 4561 804 4612 Cb
829 4561 883 4609 id
907 4569 984 4611 est
1011 4575 1042 4609 n
1072 4568 1121 4616 et
1156 4576 1181 4611 s
1207 4559 1311 4609 AB
1418 4574 1518 4611 non
1549 4571 1605 4609 ut
1633 4561 1817 4611 habeat
1844 4575 1873 4608 a
1901 4560 1951 4609 A
1963 4559 2132 4624 (?)Bc
2156 4575 2255 4610 non
2284 4568 2336 4609 ut
2364 4560 2517 4611 habet
2540 4577 2569 4610 a
2597 4576 2631 4609 a
2737 4560 2828 4609 sed
2852 4568 2908 4608 ut
2934 4559 3124 4610 habeas
3198 4565 3219 4587 ¹·

536 4647 672 4684 corr.
715 4640 791 4680 -at
820 4631 872 4679 A
1047 4630 1110 4680 17
1148 4632 1259 4680 siue
1294 4646 1322 4679 a
1362 4632 1625 4681 antecedat
1660 4631 1770 4681 siue
1810 4645 1837 4679 e
1882 4631 2149 4680 antecedat
2183 4631 2327 4681 BGa
2371 4631 2482 4681 siue
2526 4647 2557 4681 a
2602 4630 2902 4680 antecedant
2948 4631 3057 4679 siue
3094 4646 3122 4679 c

535 4702 836 4752 antecedant
872 4701 921 4749 A
1062 4700 1131 4752 20
1168 4702 1314 4751 aliter
1340 4715 1434 4755 om.
1475 4701 1594 4763 BG,
1631 4702 1684 4750 in
1723 4716 1885 4765 mar-9.
1924 4700 2248 4765 adscripmm,
2284 4702 2381 4751 aed
2408 4710 2592 4766 postea
2627 4701 2839 4750 deletum
2870 4707 2948 4750 est
2983 4702 3035 4749 in
3071 4700 3122 4749 A

674 4771 903 4821 inuenire
939 4771 989 4820 A
1131 4771 1322 4821 nullum
1354 4780 1431 4821 est
1459 4772 1594 4820 enim
1622 4771 1741 4821 AB
1777 4771 1934 4821 ullum
1970 4786 2085 4821 esse
2109 4771 2189 4822 ob
2330 4771 2397 4822 35
2430 4773 2494 4821 ab
2529 4770 2627 4820 hoc
2661 4770 2861 4836 legente
2891 4767 3021 4821 Ba*
3055 4770 3119 4819 ab

533 4841 631 4892 hoc
670 4841 857 4908 legenti
893 4842 1004 4892 Ac
