3541 5564
640 397 765 461 636
1740 395 2101 483 Maenonn

691 518 732 558 p.
762 507 939 545 lav—49
966 504 1022 544 V.

637 603 871 665 quoqne
919 585 1064 644 solet
1110 585 1398 663 disquiri,
1457 603 1528 643 an
1587 591 1812 642 temere
1874 590 1932 641 et
1986 589 2053 641 ut
2094 583 2216 642 sors
2261 584 2468 643 tulerit
2512 580 2760 643 alterum
2817 582 2989 643 alteri
3047 600 3222 661 prae·

638 704 950 765 ponamuS,
1010 694 1110 746 aut
1154 689 1230 746 sit
1276 686 1471 764 aliqua
1520 686 1669 745 ratio
1714 702 1865 763 quae
1912 683 2033 743 illis
2077 684 2234 744 hunc
2279 685 2550 745 ordinem
2594 674 2966 764 imposuerit.
3023 692 3082 743 et
3128 687 3220 744 in-

636 792 875 849 venitur
921 807 1035 848 nou
1083 791 1210 847 sine
1257 806 1432 847 cansa
1480 805 1551 846 eo
1598 793 1768 866 pacto
1816 787 2001 846 fuisse
2035 787 2313 864 digestos
2360 806 2496 846 nam
2528 804 2681 847 unus
2724 789 2976 866 quisque
3009 804 3218 846 eorum

635 893 696 949 in
743 892 925 951 activa
973 890 1062 949 vel
1108 891 1337 969 passiva
1382 888 1798 957 declinatione,
1858 896 2031 968 prout
2077 891 2272 948 minus
2330 887 2607 949 habuerit
2650 890 2901 948 actionis
2945 888 3037 948 vel
3083 906 3219 966 pas-

451 1003 613 1057 611‚1
647 995 851 1061 sionis,
903 995 984 1052 ita
1031 993 1323 1071 posterior
1367 993 1500 1051 erit.
1591 992 1789 1067 itaque
1835 989 2210 1058 indicativus,
2252 993 2353 1069 qui
2399 989 2581 1050 habet
2611 989 3108 1050 absolutissimam
3155 1008 3223 1049 ac
3251 1004 3276 1041 s·

388 2225 504 2277 611,
528 2225 591 2272 39

380 3147 495 3203 599,
518 3147 581 3194 :22

634 1096 960 1172 perfectam
1018 1094 1090 1153 de
1150 1112 1212 1152 re
1280 1111 1427 1172 quae
1496 1094 1690 1168 agitur
1744 1092 2315 1170 pronuntiationem,
2388 1094 2602 1152 merito
2659 1094 2916 1171 primum
2984 1091 3218 1154 obtinet

633 1196 910 1272 gradum:
959 1215 1093 1255 nam
1139 1178 1238 1274 qui
1287 1195 1433 1253 dicit
1477 1194 1682 1272 pingo,
1746 1196 1932 1271 ipsam
1990 1195 2282 1273 picturam
2339 1212 2371 1253 a
2422 1190 2429 1271 Ι
2479 1212 2541 1252 se
2598 1196 2718 1254 iam
2775 1195 2904 1254 fieri
2972 1194 3217 1254 demon·

632 1305 811 1366 strat:
869 1299 968 1377 qui
1027 1315 1167 1355 vero
1226 1296 1443 1355 dixerit
1500 1298 1696 1373 pinge,
1757 1297 2012 1375 imperat
2055 1304 2120 1356 ut
2164 1297 2263 1355 liat
2308 1298 2560 1375 pictura,
2608 1314 2725 1356 non
2772 1298 2887 1356 iam
2934 1314 3064 1356 esse
3111 1296 3216 1356 de-

630 1400 854 1476 signat;
904 1405 965 1457 et
1007 1401 1108 1475 qui
1158 1398 1631 1477 pronuntiaverit
1675 1399 1900 1457 utinam
1947 1399 2275 1475 pingerem,
2322 1405 2522 1458 votum
2567 1396 2683 1457 sibi
2731 1416 2800 1456 ac
2844 1397 3214 1457 desiderium

631 1500 819 1560 adhuc
876 1500 1101 1560 indicat
1158 1517 1286 1558 esse
1344 1498 1659 1578 pingendi;
1725 1500 1828 1577 qui
1876 1498 2021 1558 dicit
2064 1518 2200 1558 cum
2246 1501 2502 1577 pingam,
2551 1501 2796 1578 pingere
2844 1519 2906 1559 se
2952 1500 3295 1560 ostendum

630 1600 739 1662 sub
785 1601 1152 1660 condicionis
1198 1603 1457 1670 iueerto;
1504 1603 1606 1680 qui
1651 1603 1919 1680 pingere,
1967 1600 2117 1660 nihil
2163 1601 2352 1661 adhuc
2398 1603 2492 1678 agi
2538 1620 2608 1661 ex
2657 1603 2782 1680 ipsa
2828 1604 3061 1681 pictura
3109 1602 3213 1663 de-

627 1710 935 1762 monstrat.
1011 1703 1152 1762 illud
1200 1721 1433 1783 qnoque
1479 1702 1799 1762 indicativo
1845 1701 2058 1762 detulit
2103 1704 2522 1781 principatum.
2569 1703 2723 1782 quod
2758 1723 2829 1762 ex
2874 1704 2986 1763 hoc
3029 1702 3212 1763 verba

627 1805 741 1864 alia
800 1806 1169 1875 derivantur,
1231 1814 1295 1864 ut
1339 1797 1469 1864 ἀπὸ
1524 1803 1648 1864 τοῦ
1707 1804 1839 1880 lego
1897 1804 2148 1864 lecturio
2202 1804 2355 1864 lecto
2410 1803 2643 1871 lectito,
2702 1797 2833 1865 ἀπὸ
2877 1806 2999 1865 τοῦ
3045 1805 3211 1865 caleo

627 1907 881 1975 calesco,
944 1926 1211 1986 quaeque
1256 1907 1431 1966 liuius
1477 1906 1631 1965 modi
1694 1914 1864 1973 sunt;
1923 1911 1981 1963 et
2038 1907 2175 1983 quia
2233 1907 2467 1966 nomina
2527 1924 2761 1985 quoque
2809 1906 3090 1967 verbialia
3136 1926 3208 1967 ex

628 2008 735 2067 hoe
767 2010 1052 2085 orientur,
1101 2015 1166 2067 nt
1210 1998 1340 2067 ἀπὸ
1382 2007 1502 2068 τοῦ
1547 2013 1718 2066 canto
1766 2013 1989 2075 cautor,
2037 1999 2170 2066 ἀπὸ
2213 2007 2336 2067 τοῦ
2379 2008 2496 2084 legi
2541 2007 2654 2078 lex,
2701 2000 2833 2069 ἀπὸ
2876 2007 2999 2068 τοῦ
3044 2011 3206 2087 parsi
3238 2022 3288 2061 15

624 2111 1003 2188 parsimonia.
1685 2158 1690 2163 -

797 2211 1090 2272 Personas
1144 2213 1377 2287 easdem
1445 2231 1590 2290 quas
1648 2212 1862 2271 Graeci
1932 2211 2295 2289 totidemque
2340 2214 2591 2291 suscipit
2647 2212 2904 2273 naturali
2951 2215 3205 2273 ratione.

623 2316 815 2373 omnis
872 2316 1031 2373 enim
1092 2333 1288 2374 sermo
1348 2314 1420 2373 ab
1476 2314 1674 2392 aliquo
1720 2312 1793 2372 ad
1863 2321 2236 2392 praesentem
2284 2313 2371 2373 vel
2439 2314 2510 2374 de
2556 2333 2618 2374 se
2674 2316 2930 2374 invicem
2974 2316 3065 2375 vel
3132 2316 3206 2375 de

621 2416 809 2476 altero
855 2415 1124 2477 habetur.
1213 2417 1346 2476 ideo
1391 2395 1585 2475 autefn
1632 2417 1884 2495 primam
1931 2415 2186 2474 dicimus
2231 2434 2380 2495 quae
2415 2415 2694 2495 loquitur,
2741 2418 3037 2496 quoniam,
3086 2419 3206 2478 nisi

620 2519 801 2577 suerit
859 2537 889 2577 a
946 2537 1061 2597 quo
1120 2537 1227 2578 vox
1285 2519 1730 2596 proficiscatur,
1788 2535 1905 2576 non
1963 2518 2080 2576 erit
2132 2518 2234 2596 qui
2281 2516 2353 2577 de
2399 2535 2463 2577 se
2509 2517 2600 2577 vel
2655 2518 2728 2579 de
2786 2518 2970 2579 altero
3013 2522 3283 2598 possit2⁰

622 2621 845 2679 audire.
937 2620 1009 2679 de
1068 2621 1330 2679 numeris
1388 2637 1526 2678 vero
1572 2619 1935 2698 superfluum
1998 2620 2188 2697 loqui,
2249 2637 2383 2678 cum
2427 2618 2562 2698 plus
2605 2637 2781 2699 quam
2825 2623 3202 2682 notissimum

619 2724 696 2780 sit
741 2721 970 2781 dualem
1029 2739 1100 2780 ex
1156 2719 1274 2780 illis
1329 2740 1499 2780 usum
1558 2723 1858 2801 respuisse
1904 2739 2240 2790 romanum,
2311 2740 2419 2780 nec
2465 2723 2705 2782 omnino
2750 2742 2953 2784 vocem
3017 2723 3201 2785 ullam

617 2825 772 2903 apud
821 2824 952 2883 illos
997 2843 1168 2902 posse
1215 2826 1488 2902 reperiri,
1536 2842 1685 2903 quae
1733 2822 2072 2884 dualitatem
2117 2825 2414 2884 contineat
2458 2835 2697 2902 praeter
2742 2825 2857 2884 duo
2903 2833 2963 2886 et
3003 2825 3201 2886 ambo.

617 2928 881 3006 itemque
930 2928 1144 2985 merito
1190 2925 1511 3005 utrubique
1558 2946 1588 2984 a
1638 2925 2049 3002 singularitate
2098 2927 2434 3004 incipimus
2509 2928 2559 2985 si
2605 2928 2761 2985 enim
2808 2928 3004 2986 omnis
3047 2928 3200 2988 mul·

618 3028 807 3088 titudo
853 3047 923 3086 ex
973 3028 1224 3105 singulis
1268 3036 1514 3097 constat,
1563 3035 1724 3087 recte
1761 3029 1957 3087 unitas
1990 3027 2312 3106 praecedit,
2360 3031 2631 3107 sequitur
2674 3027 3059 3107 populositas
3225 3044 3278 3081 25

788 3130 1076 3209 Superest
1133 3137 1194 3191 ut
1250 3130 1321 3189 de
1379 3132 1587 3206 liguris
1640 3129 1863 3208 aliquid
1918 3129 2305 3197 disseramuS,
2367 3147 2518 3207 quae
2575 3147 2708 3189 cum
2753 3131 2994 3191 eaedem
3040 3132 3199 3210 apud

613 3240 895 3310 utrosque
952 3233 1354 3311 reperiantur,
1414 3249 1527 3290 non
1591 3232 1736 3291 nihil
1796 3238 1991 3291 tamen
2049 3231 2411 3310 peculiarius
2467 3229 2687 3290 habere
2743 3236 3196 3294 noscuntur·in

611 3333 1141 3413 conpositionibus,
1233 3333 1488 3413 denique
1556 3341 1694 3393 sunt
1748 3333 2036 3412 quaedam
2093 3351 2243 3412 quae
2298 3340 2546 3410 possunt
2616 3333 2684 3393 ad
2753 3333 3195 3413 simplicitatem

612 3438 858 3504 reverti,
918 3444 985 3494 ut
1041 3435 1304 3494 distraho
1360 3443 1597 3515 repeto;
1658 3446 1798 3496 sunt
1840 3454 1988 3515 quae
2033 3436 2275 3494 minime
2319 3441 2582 3512 possunt,
2643 3443 2704 3494 ut
2748 3439 3011 3514 suspicio
3056 3456 3198 3498 con-

608 3538 835 3616 plector
879 3537 1218 3620 amplector.
1311 3536 1486 3596 multa
1546 3544 1676 3615 post
1719 3538 2184 3616 conpositionem
2218 3535 2469 3595 admissa
2516 3543 2672 3602 sunt,
2718 3555 2852 3596 eum
2898 3539 3194 3617 simplicia
3222 3559 3275 3594 30

608 3657 724 3699 non
772 3648 972 3699 essent
1015 3647 1273 3719 rec-epta,
1323 3648 1385 3698 ut
1431 3640 1617 3698 lacior
1660 3658 1795 3698 cum
1842 3641 2086 3699 minime
2133 3638 2364 3698 dicatur
2423 3636 2518 3715 (ab
2576 3657 2646 3697 eo
2690 3640 2849 3698 enim
2901 3641 3056 3718 qnod
3104 3651 3197 3703 est

609 3743 761 3800 l'acio
806 3744 1103 3820 passivum
1138 3761 1252 3801 non
1299 3743 1486 3800 sacior
1530 3743 1711 3808 venit,
1759 3741 1862 3800 sed
1911 3742 1986 3800 lio
2017 3740 2084 3799 sis
2116 3739 2221 3818 lit),
2269 3747 2460 3799 tamen
2510 3741 2750 3801 adficior
2780 3743 3019 3802 reficior
3051 3762 3194 3804 con-

607 3845 774 3903 ficior
829 3847 1050 3921 optime
1109 3845 1358 3911 dicitnr,
1418 3852 1478 3903 et
1533 3861 1665 3902 curu
1721 3860 1904 3919 grego
1964 3843 2208 3902 latinum
2272 3860 2388 3901 non
2436 3843 2540 3912 sit,
2601 3860 2850 3920 segrego
2895 3863 3195 3922 congrego

605 3945 861 4022 adgrego
924 3947 1267 4004 suavissime
1314 3944 1549 4004 dieitur.
1641 3944 1798 4023 apud
1845 3945 2103 4004 Graecos
2152 3961 2558 4022 quaecumque
2604 3962 2735 4004 cum
2797 3949 3192 4025 praepositio-

553 4116 556 4120 .
604 4046 780 4104 nibus
835 4055 1249 4125 conponuntur
1294 4066 1608 4127 numquam
1669 4053 2162 4125 corrumpuntur,
2224 4052 2287 4103 ut
2341 4053 2433 4104 est
2485 4041 2727 4125 γράφω
2788 4043 3191 4129 περιγράφω
3219 4069 3272 4106 a·

605 4143 1035 4226 καταγράφω,
1101 4145 1327 4229 βάλλω
1372 4144 1752 4228 περιβάλλω
1798 4144 2194 4227 καταβάλλω
2240 4139 2674 4226 ἀμφιβάλλω,
2729 4141 2871 4226 ἄγω
2918 4147 3193 4230 συνάγω

603 4241 835 4325 ἀπάγω
884 4249 890 4328 Ι
927 4245 1135 4328 διάγω
1166 4246 1467 4327 προάγω,
1514 4245 1702 4330 φέρω
1733 4245 2056 4328 προφέρω
2102 4243 2402 4327 διαφέρω
2446 4241 2788 4329 ἀναφέρω,
2847 4252 3026 4329 φιλῶ
3069 4274 3194 4314 κα-

602 4351 895 4430 ταφιλῶς
952 4354 1092 4432 quin
1151 4355 1330 4412 immo
1389 4353 1928 4431 praepositionibus
1983 4371 2158 4430 saepe
2202 4353 2508 4426 corruptis
2551 4352 2736 4413 nihilo
2794 4356 2995 4414 minus
3040 4356 3190 4416 inta-

602 4456 818 4512 minata
867 4455 1208 4532 perdnrant‚
1258 4449 1429 4532 λέγω
1464 4449 1793 4533 συλλέγω,
1843 4450 2028 4533 φέρω
2062 4448 2412 4533 συμφέρω,
2459 4448 2635 4533 δέρω
2674 4450 2955 4535 ἐκδέρω,
3002 4453 3191 4537 φέρω

732 4745 792 4792 21
831 4742 969 4809 cnm]
1005 4759 1117 4792 eum
1150 4744 1195 4792 B
1334 4746 1399 4793 23
1434 4745 1656 4792 coutinat
1680 4744 1730 4792 B
1867 4747 1934 4794 24
1957 4741 2194 4808 itemque]
2221 4753 2268 4791 et
2293 4746 2426 4806 quod
2454 4762 2480 4790 e
2509 4746 2558 4794 B
2694 4746 2758 4794 26
2793 4747 3001 4796 eaedem
3032 4748 3192 4798 Ianus

601 4813 777 4860 eadem
817 4812 865 4860 B
1003 4814 1070 4862 29
1104 4812 1330 4877 suspicio
1365 4828 1480 4862 ecre.
1518 4814 1643 4862 Pur.
1679 4813 1906 4878 suscipio
1941 4813 1993 4862 B
2127 4815 2194 4862 33
2236 4811 2416 4878 grego]
2457 4828 2606 4874 greco
2641 4811 2692 4861 B
2829 4817 2896 4866 38
2939 4819 3191 4882 corruptis

601 4895 691 4931 om.
722 4879 795 4930 B:
824 4881 1075 4948 corruptis
1103 4880 1429 4930 nihilominus
1456 4882 1755 4932 intaminata
1785 4884 1940 4931 verba
1964 4883 2242 4949 perdurant
2264 4883 2475 4932 coniecit
2513 4883 2681 4933 editor
2712 4883 2764 4934 V
2762 4884 3124 4936 indobonerm‘s
