3541 5564
452 1753 543 1800 157
570 1752 631 1799 V.

663 436 788 499 620
1760 437 2116 500 MACROBH

712 560 755 598 p.
786 547 899 586 2756.
928 548 975 585 57
1004 545 1048 585 P.

662 629 785 686 siva
841 626 912 685 de
969 627 1174 685 activis
1229 629 1309 686 ita
1365 628 1722 695 formantur,
1784 635 1863 695 nt,
1909 628 2136 705 primae
2197 643 2478 703 personae
2526 627 2747 684 activae
2796 626 2843 683 si
2890 623 3070 683 addas
3114 584 3232 785 μὲι

662 728 961 806 syllabam,
1008 730 1301 806 passivum
1348 731 1611 790 eiusdem
1655 730 1942 807 temporis
1985 729 2185 796 l'aciaS,
2236 721 2354 787 ἐὰν
2382 724 2550 787 ποιῶ
2582 721 2702 788 ἐὰν
2744 723 3032 805 ποιῶμαι
3080 719 3145 803 [ἐ
3192 744 3233 783 ν

662 826 1001 909 πεποιήκει)
1050 822 1168 889 ἐὰν
1208 828 1723 910 πεποιήκωμαι],
1774 822 1893 889 ἐὰν
1939 825 2195 909 ποιήσω
2244 822 2363 889 ἐὰν
2407 823 2804 907 ποιήσωμαι.
2881 829 3022 886 item
3054 828 3234 887 activi

660 935 832 992 tertia
879 932 1132 992 secunda
1180 934 1393 1010 passivi
1440 942 1545 1001 est,
1595 925 1714 992 ἐὰν
1759 929 1931 990 ποιῶ
1978 923 2097 992 ἐὰν
2143 929 2337 1011 ποιῇς
2383 924 2503 991 ἐὰν
2547 929 2728 1012 ποιῇ,
2778 920 2898 990 ἐὰν
2942 927 3230 1008 ποιῶμαι

661 1027 780 1094 ἐὰν
826 1033 1002 1115 ποιῇ.
1093 1034 1236 1095 haec
1282 1035 1487 1095 eadem
1534 1036 1706 1096 activi
1755 1036 1933 1093 tertia
1979 1032 2174 1093 addita
2221 1033 2337 1093 sibi
2386 1052 2492 1092 ται
2537 1017 2755 1112 syllaba
2789 1033 3079 1110 passivam
3110 1039 3229 1091 ter·
3260 1062 3286 1100 5

660 1138 800 1196 tiam
846 1138 1004 1204 facit,
1056 1130 1175 1195 ἐὰν
1220 1136 1380 1217 ποιῇ
1427 1128 1546 1199 ἐὰν
1590 1135 1876 1214 ποιῆται.
1967 1135 2177 1196 Graeci
2224 1137 2284 1194 in
2332 1136 2706 1194 coniunctivo
2751 1135 2923 1193 modo
2966 1142 3232 1211 tempora

660 1237 799 1297 bina
855 1240 1236 1315 coniungunt.
1326 1239 1631 1317 proprium
1690 1236 2034 1297 Latinorum
2091 1245 2181 1296 est
2234 1245 2299 1296 ut
2351 1237 2523 1296 modo
2569 1236 2882 1296 indicativa
2942 1254 3047 1314 pro
3093 1253 3234 1295 con·

658 1341 962 1408 iunctiviS,
1044 1339 1215 1399 modo
1282 1341 1648 1400 coniunctiva
1715 1357 1825 1416 pro
1881 1338 2219 1398 indicativis
2272 1348 2522 1416 ponant:
2583 1338 2794 1399 Cicero
2861 1338 2931 1397 de
2999 1335 3236 1413 legibus

660 1443 833 1501 tertio
879 1443 1036 1519 ‘qui
1081 1444 1365 1520 poterit
1411 1444 1655 1500 socios
1701 1442 1933 1500 tueri'
1981 1463 2017 1497 a·
2078 1440 2235 1499 idem
2281 1440 2489 1500 Cicero
2545 1443 2607 1500 in
2655 1443 2847 1519 primo
2892 1440 2964 1499 de
3012 1458 3076 1499 re
3124 1458 3233 1518 pu-

660 1542 811 1602 blica
869 1541 1238 1602 ‘libenter
1296 1543 1465 1611 tibi,
1534 1542 1773 1611 Laeli,
1844 1545 1955 1601 uti
2014 1560 2170 1602 eum
2229 1542 2621 1602 desideras
2676 1542 3012 1622 equidem
3070 1560 3312 1611 con-10

660 1646 1016 1704 cessero'.

830 1745 913 1805 De
959 1730 1215 1824 optativo
1261 1747 1454 1806 modo.
1516 1746 1588 1805 de
1632 1746 1743 1806 hoc
1789 1745 1962 1805 modo
2006 1749 2273 1825 quaestio
2317 1765 2528 1823 graeca
2572 1748 2914 1824 praecessit,
2962 1748 3013 1805 si
3060 1764 3234 1825 prae-

662 1849 904 1908 teritum
950 1856 1182 1926 tempus
1239 1850 1424 1926 possit
1472 1845 1479 1926 Ι
1528 1847 1871 1915 admittere,
1921 1866 2055 1906 eum
2099 1857 2231 1907 vota
2287 1867 2395 1926 pro
2441 1847 2619 1908 rebus
2675 1856 2776 1908 aut
2819 1846 3237 1926 praesentibus

660 1957 758 2009 aut
811 1950 1031 2008 futuris
1087 1949 1311 2008 soleant
1368 1949 1604 2027 agitari,
1666 1969 1775 2009 nec
1831 1951 1891 2007 in
1948 1950 2207 2027 speciem
2252 1952 2480 2027 possint
2537 1957 2890 2009 transactam
2936 1951 3235 2018 revocari;

658 2053 1217 2130 pronuntiatumque
1266 2060 1356 2109 est
1400 2053 1788 2129 praeteritum
1832 2068 2063 2130 quoque
2111 2058 2340 2130 tempus
2371 2034 2596 2129 optanti
2628 2054 3046 2120 necessarium,
3095 2053 3235 2131 quia
3267 2083 3314 2120 15

660 2172 833 2231 saepe
879 2155 941 2212 in
985 2152 1323 2231 longinquis
1369 2154 1512 2232 quid
1555 2155 1820 2213 evenerit
1861 2154 2193 2213 nescientes
2239 2162 2510 2233 optamus
2554 2153 2818 2213 evenisse
2863 2153 3017 2232 quod
3063 2152 3238 2212 nobis

659 2255 1009 2315 commodet.
1071 2256 1172 2333 qui
1220 2256 1379 2313 enim
1412 2254 1782 2335 Olympiacae
1829 2255 2054 2334 palmae
2100 2255 2462 2315 desiderium
2514 2253 2722 2313 habuit
2777 2255 2932 2315 domi
2966 2255 3240 2315 residens

660 2359 816 2434 ipse,
887 2363 1173 2415 certatum
1231 2374 1412 2434 equos
1465 2376 1602 2417 suos
1658 2377 1793 2416 cum
1848 2359 2156 2434 aurigante
2215 2357 2337 2417 filio
2381 2358 2573 2425 misit,
2638 2363 2933 2416 transacto
2977 2358 3094 2416 iam
3139 2357 3234 2417 die

658 2460 758 2537 qui
806 2459 1114 2517 certamini
1174 2465 1360 2517 status
1405 2467 1522 2528 est,
1570 2461 1794 2520 exitum
1850 2458 2041 2518 adhuc
2087 2461 2356 2518 nesciens
2413 2466 2472 2517 et
2527 2458 2890 2518 desiderium
2936 2462 3088 2519 votis
3133 2459 3235 2519 ad-

660 2562 883 2628 iuvans,
931 2560 1071 2637 quid
1119 2559 1275 2619 aliud
1322 2560 1520 2619 dicere
1567 2560 1996 2620 existimandus
2040 2569 2128 2620 est
2173 2579 2347 2639 quam
2408 2561 2552 2620 εὔθε
2596 2554 2632 2620 ὁ
2690 2554 2833 2631 υἱός
2874 2579 3006 2640 μου
3050 2578 3237 2621 νενι-
3263 2590 3314 2629 20

660 2659 888 2740 κήκοιῗ
976 2661 1121 2721 haec
1168 2671 1227 2719 et
1271 2662 1535 2739 quaestio
1580 2671 1639 2722 et
1683 2664 1896 2723 solutio
1941 2681 2076 2722 cum
2121 2663 2410 2722 latinitate
2458 2650 2788 2735 communis
2833 2670 2940 2731 est,
2988 2664 3125 2741 quia
3173 2665 3231 2722 in

659 2781 832 2823 causa
893 2766 1019 2841 pari
1076 2763 1220 2823 haec
1268 2781 1375 2823 vox
1434 2782 1561 2823 esse
1608 2764 1856 2826 deberet
1913 2767 2192 2844 optantis,
2243 2764 2501 2825 ‘utinam
2546 2762 2702 2824 filius
2757 2782 2924 2825 meus
2970 2765 3231 2824 vicerit'.

658 2866 761 2924 sed
820 2869 937 2926 rari
986 2866 1298 2925 latinarum
1358 2868 1573 2926 artium
1636 2875 1904 2926 auctores
1950 2866 2317 2928 admiserunt
2374 2869 2434 2926 in
2480 2870 2736 2945 optativo
2781 2867 3232 2927 declinationem

660 2969 966 3045 praeteriti
1025 2969 1304 3043 perfecti,
1355 2969 1576 3028 utinam
1632 2970 1897 3028 vicerim.
1990 2970 2048 3028 in
2106 2969 2218 3028 hoc
2275 2971 2432 3029 enim
2492 2969 2663 3028 inodo
2708 2968 2902 3028 Latini
2970 2977 3232 3047 tempora

659 3069 1016 3129 Graecorum
1049 3088 1212 3128 more
1241 3071 1622 3146 coniungunt,
1656 3071 2052 3148 inperfectum
2078 3090 2209 3130 cum
2238 3073 2553 3151 praesenti,
2590 3071 3230 3149 plusquamperfectum
3260 3103 3315 3142 25

659 3190 789 3230 cum
838 3172 1122 3249 perfecte,
1175 3181 1233 3229 et
1276 3171 1387 3229 hoc
1422 3171 1730 3248 adsignant
1761 3171 1990 3230 duobus
2022 3172 2531 3241 antecedentibuS,
2580 3172 2733 3252 quod
2769 3174 2828 3231 in
2861 3174 3232 3233 coniunctivo

660 3274 962 3350 praeteriti
1012 3274 1327 3351 inperfecti
1374 3275 1515 3342 fuit,
1574 3275 1799 3333 utinam
1844 3272 2132 3349 legerem.
2181 3275 2293 3339 hoc
2338 3274 2567 3334 duobus
2609 3273 3017 3352 sequentibus
3079 3274 3230 3352 quod

657 3377 716 3433 in
762 3376 1134 3450 coniunctivo
1192 3375 1752 3453 plusquamperfecti
1811 3375 1949 3444 fuit,
2024 3378 2248 3435 utinam
2308 3376 2610 3453 legissem,
2680 3384 2738 3434 et
2793 3376 2902 3435 hoc
2961 3376 3101 3436 dant
3142 3377 3229 3435 fu-

659 3485 814 3542 turo,
862 3476 1019 3555 qnod
1064 3475 1272 3536 habuit
1319 3478 1730 3537 coniunctivus
1776 3480 2127 3555 praesentis,
2178 3479 2401 3538 utinam
2449 3479 2658 3555 legam.
2715 3488 2852 3537 sunt
2889 3485 3084 3537 tamen
3129 3480 3230 3556 qui

659 3581 719 3637 in
776 3580 1101 3655 praeterito
1171 3580 1436 3656 perfecto
1492 3579 1904 3657 adquiescant,
1965 3581 2187 3640 utinam
2252 3580 2526 3656 legerim,
2595 3598 2848 3658 qnorum
2910 3581 3234 3639 sententiae
3264 3614 3322 3650 30

658 3699 867 3757 graeca
915 3682 1086 3748 ratio,
1134 3699 1307 3759 quam
1355 3699 1533 3759 supra
1580 3681 1851 3748 diximus,
1903 3682 2246 3758 opitulatur.
2306 3684 2364 3740 in
2414 3699 2628 3758 graeco
2674 3682 2931 3759 optativo
2977 3700 3124 3759 quae
3174 3684 3233 3740 in

657 3801 729 3860 μι
775 3791 991 3841 exeunt
1036 3785 1220 3842 activa
1270 3790 1494 3841 tantuin
1539 3793 1704 3852 sunt,
1762 3801 1911 3859 quae
1971 3784 2031 3842 in
2086 3803 2219 3863 μην
2275 3786 2501 3861 passiva
2559 3791 2783 3843 tantum
2841 3782 2932 3842 vel
2989 3784 3237 3861 passivis

658 3884 910 3952 similia,
971 3879 1225 3961 λέγοιμι
1285 3882 1622 3962 λεγοίμην.
1713 3883 1815 3942 sed
1874 3903 2023 3962 quae
2069 3888 2132 3944 iu
2178 3905 2264 3963 ην
2330 3896 2547 3945 exeunt
2612 3885 3004 3965 praecedente
3053 3884 3231 3945 vocali

659 3987 829 4045 modo
876 3988 1085 4054 activa,
1132 3986 1304 4046 niodo
1351 3987 1577 4064 passiva
1626 3994 1792 4054 sunt;
1840 3995 1898 4044 et
1942 3989 2140 4046 activa
2187 4005 2302 4045 non
2351 3989 2462 4045 nisi
2510 4006 2582 4046 ex
2616 3987 2735 4047 illis
2767 3986 2967 4046 verbis
2997 3988 3238 4047 veniunt

658 4107 805 4167 quae
852 4090 912 4146 in
958 4107 1031 4166 μι
1076 4096 1310 4158 exeunt,
1358 4087 1566 4166 φαίην
1597 4084 1813 4166 δοίην,
1863 4090 2087 4166 passiva
2133 4096 2325 4147 autem
2374 4097 2433 4146 et
2478 4088 2548 4147 de
2595 4089 2805 4148 iisdem
2840 4087 3035 4147 verbis
3067 4091 3230 4155 fiunt,
3267 4123 3325 4162 35

660 4197 723 4247 nt
768 4187 1048 4268 ὃοθείην
1091 4190 1384 4268 τεθειήν,
1433 4198 1491 4249 et
1536 4190 1607 4248 de
1655 4188 2011 4248 exeuntibus
2058 4192 2116 4248 in
2152 4210 2226 4267 ω,
2276 4197 2338 4248 nt
2368 4189 2646 4268 νυγείην
2675 4186 2976 4269 ὃαρειήν.
3047 4191 3234 4249 activa

792 4447 823 4492 9
861 4449 1087 4494 lacunam
1124 4446 1439 4508 neglcyenlia
1462 4445 1810 4508 excerptor-is,
1845 4449 1897 4491 ut
1921 4444 2136 4505 videtur,
2163 4447 2467 4493 commissam
2489 4445 2723 4493 indit-mvi.
2750 4447 2834 4506 qni
2861 4445 3040 4509 poterit
3065 4445 3236 4493 socios

660 4516 804 4568 tueri,
842 4515 884 4562 si
920 4514 1152 4563 dilectum
1182 4529 1344 4562 rerum
1372 4512 1569 4561 utilium
1598 4526 1645 4560 et
1668 4511 1921 4561 inutilium
1951 4527 2048 4560 non
2078 4511 2298 4564 habebit.
2324 4529 2439 4562 exc.
2461 4512 2590 4566 Bob,
2611 4515 2663 4563 in
2678 4514 2981 4578 fragmentis
2999 4513 3236 4563 librorum

660 4585 722 4629 de
746 4582 937 4644 legibus
959 4584 1130 4646 posuit
1154 4581 1384 4631 Halmius
1408 4599 1460 4644 p.
1489 4583 1587 4630 923
1692 4581 1739 4627 in
1770 4579 1930 4643 primo
1966 4580 2029 4628 de
2065 4597 2118 4627 re
2153 4580 2375 4644 publica]
2413 4583 2492 4642 13,
2519 4583 2584 4630 20
2619 4581 2830 4629 libenter
2855 4582 2960 4640 tibi,
2989 4581 3144 4643 Laeli,
3187 4596 3239 4628 nt

658 4651 720 4697 de
759 4664 815 4696 eo
855 4651 1077 4698 disseras
1116 4649 1347 4711 equidem
1385 4663 1680 4696 concessero
1825 4649 1886 4696 14
1921 4649 2099 4710 agitari
2137 4648 2295 4697 Ianus
2329 4649 2528 4696 accitari
2567 4649 2615 4696 P
2749 4650 2797 4696 in
2836 4650 3008 4714 specie
3043 4650 3240 4713 possint

660 4727 907 4767 transacta
934 4719 984 4766 P
1104 4721 1164 4766 18
1197 4719 1357 4765 missit
1392 4718 1457 4764 P:
1492 4717 1719 4777 fortusse
1755 4715 1963 4766 miserit.
2003 4718 2289 4764 ‘dicendum
2322 4724 2436 4765 erat
2469 4723 2553 4764 aue
2591 4726 2657 4764 et·
2697 4717 2833 4765 misit
2862 4725 2953 4765 ain
2976 4718 3042 4765 si·
3073 4715 3237 4765 misit’

667 4786 819 4834 lanus
957 4788 1019 4834 21
1057 4796 1105 4833 et
1140 4785 1392 4834 absolutio
1428 4785 1476 4832 P
1584 4787 1649 4834 29
1674 4799 1920 4849 praesens
1945 4785 1994 4832 Ρ
2103 4787 2167 4833 30
2201 4782 2275 4849 in]
2316 4796 2363 4831 et
2389 4787 2436 4834 P
2535 4787 2600 4833 34
2633 4796 2683 4834 et
2719 4800 2814 4833 non
2845 4786 2941 4833 nisi
2964 4786 3043 4833 I’:
3074 4787 3240 4834 activa

657 4856 857 4902 addidit
888 4853 1058 4904 Ιαηιιε.
1088 4854 1315 4914 sortasse
1352 4861 1513 4900 tamen
1551 4856 1701 4915 plura
1739 4854 1800 4900 de
1839 4855 2021 4901 activis
2057 4854 2294 4915 optativis
2330 4856 2405 4901 vel
2440 4856 2765 4916 eoecerploris
2807 4856 2884 4902 vel
2915 4854 3240 4903 librariorum

662 4925 809 4984 eulpa
847 4929 963 4969 (mee
1001 4933 1050 4968 et
1083 4926 1347 4984 perferunt
