3541 5564
1409 371 1883 433 COMMENTVM
2819 367 2947 430 219

2577 490 2618 531 p.
2645 478 2823 518 276—78
2852 476 2895 516 L.

356 582 498 623 ecce
553 562 719 624 vides
773 559 1216 622 similitudinem
1271 561 1491 639 ipsam,
1540 567 1626 645 'et
1679 569 1876 620 tamen
1931 567 2069 619 nato
2125 558 2396 620 neutrale
2454 556 2696 619 verbum
2746 566 2834 617 est
2890 565 2948 617 ct

353 668 648 745 passivam
703 662 884 724 hahet
937 663 1457 741 significationem3
1519 660 1731 741 loquor
1776 662 2081 741 deponens
2124 661 2370 722 verbum
2416 669 2507 722 est
2553 668 2611 720 et
2653 661 2944 739 passivam

355 768 540 828 habet
594 767 1102 846 significationem.
1191 762 1353 824 uude
1409 772 1656 843 apparet
1709 766 1986 841 quoniam
2044 764 2118 824 ab
2163 771 2413 841 utraque
2458 769 2628 843 parte
2675 760 2946 832 similiter

355 868 710 930 declinatur.
800 867 955 928 unde
1001 873 1248 946 apparet
1292 867 1572 944 quoniam
1619 884 1738 926 non
1787 873 1877 927 est
1920 868 2314 946 participium,
2364 866 2467 927 sed
2514 865 2743 926 modus.

301 994 329 1034 5
528 969 840 1041 Qualitati,
899 970 1005 1039 ait,
1067 967 1383 1028 verborum
1441 968 1715 1029 accidunt
1774 970 1948 1050 etiam
1993 970 2237 1029 formae.
2324 969 2550 1028 formae
2597 975 2734 1029 sunt
2777 974 2945 1047 quat·
2969 977 3180 1035 412‚‘27

352 1082 516 1143 tuor,
580 1072 911 1133 meditativa
968 1068 1297 1130 inchoativa
1355 1071 1617 1149 perfecta
1664 1077 1724 1131 et
1777 1071 2221 1150 frequentativa.
2310 1068 2419 1130 hae
2463 1070 2691 1130 formae
2733 1089 2942 1130 secun·
2971 1048 3088 1108 ⁵⁰⁵²
3121 1050 3179 1095 ¹²³

352 1175 492 1235 dum
545 1174 875 1235 naturalem
922 1182 1107 1233 artem
1170 1173 1511 1252 conpositae
1568 1180 1723 1233 sunt.
1816 1191 1950 1233 nam
1996 1191 2064 1234 re
2110 1190 2246 1232 vera
2293 1190 2469 1232 omne
2514 1172 2669 1250 quod
2716 1175 2945 1250 agimus

352 1277 588 1354 quaerit
630 1277 823 1356 primo
869 1275 1340 1353 adsumptionem
1386 1274 1645 1343 consilii3
1694 1273 1910 1334 deinde
1956 1292 2092 1336 cum
2139 1276 2568 1354 sumpserimus
2614 1274 2939 1345 consilium,

352 1387 416 1440 ut
460 1378 839 1447 inchoemus;
886 1394 1021 1437 cum
1066 1376 1568 1447 inchoaverimus‚
1615 1385 1678 1437 ut
1722 1378 2020 1456 possimus
2064 1378 2385 1456 perficere;
2433 1395 2568 1437 cum
2614 1377 2942 1455 perfectum

273 1501 324 1539 10
354 1482 569 1549 fuerit,
621 1488 710 1549 ut,
772 1482 820 1540 si
866 1479 1124 1559 placeat,
1186 1478 1555 1557 frequentius
1601 1478 1712 1537 hoc
1761 1474 1766 1558 Ι
1816 1485 2075 1539 utamur.
2164 1476 2297 1539 ideo
2344 1487 2403 1539 et
2446 1480 2623 1538 istum
2671 1477 2943 1539 ordinem

351 1585 563 1644 tenuit.
617 1584 809 1662 prima
857 1590 945 1641 est
989 1581 1348 1650 meditativa,
1397 1580 1582 1642 altera
1626 1579 1987 1649 inchoativa,
2035 1579 2146 1640 alia
2178 1582 2470 1660 perfecta,
2518 1580 2631 1641 alia
2663 1582 2942 1661 frequen-

350 1687 551 1745 tativa.
615 1684 948 1745 meditativa
981 1690 1069 1744 est
1113 1685 1248 1752 ista,
1297 1681 1571 1743 lecturio:
1619 1681 1871 1742 lecturio
1905 1681 2050 1741 nihil
2079 1681 2239 1744 aliud
2264 1685 2555 1762 significat
2600 1685 2712 1744 nisi
2742 1682 2943 1763 legere

299 1858 308 1874 ὓ
352 1788 516 1854 volo,
565 1788 907 1866 scripturio,
966 1785 1026 1845 id
1086 1796 1174 1845 est
1226 1784 1488 1845 scribere
1536 1784 1692 1854 volo,
1752 1785 1978 1853 esurio,
2039 1784 2217 1845 edere
2264 1785 2416 1845 volo.
2508 1793 2567 1845 et
2609 1786 2742 1846 ideo
2788 1787 2965 1847 dicta-

351 1897 443 1950 est
485 1888 852 1956 meditativa,
911 1889 1189 1967 quoniam
1249 1904 1368 1946 non
1424 1894 1617 1947 actum
1674 1889 2053 1965 praesentem
2110 1886 2282 1956 dicit,
2330 1887 2645 1967 sedquasi
2691 1888 2939 1950 medita-

270 2012 324 2051 15
355 1992 578 2051 tionem
625 1990 919 2070 quandam
968 1988 1144 2049 habet
1187 1989 1259 2049 ad
1306 2007 1432 2049 rem
1480 1989 1757 2049 futuram.
1830 1988 1977 2049 haec
2019 1995 2215 2049 autem
2260 1991 2449 2050 forma
2496 1992 2574 2049 ita
2623 1992 2742 2050 exit
2784 2009 2940 2051 sem-

348 2112 492 2172 per,
556 2112 665 2153 nec
723 2092 894 2154 aliam
952 2090 1216 2170 regulam
1274 2089 1481 2159 habet,
1541 2092 1701 2161 uri0‚
1761 2092 2029 2170 parturio
2086 2093 2402 2171 scripturio
2460 2090 2737 2160 lecturio;
2810 2094 2940 2153 urio

350 2213 592 2274 semper
637 2193 832 2254 habet.

521 2296 855 2358 Inchoativa
909 2305 996 2357 est
1052 2298 1163 2357 ista
1221 2314 1371 2376 quae
1425 2315 1534 2356 nos
1601 2295 1822 2373 aliquid
1881 2295 2162 2356 inchoare
2230 2294 2517 2365 ostendit:
2590 2294 2753 2376 [sed]
2822 2315 2939 2357 non
2966 2313 3081 2371 413,
3111 2314 3143 2360 4

349 2398 657 2469 meditari,
716 2400 820 2460 sed
877 2400 1005 2459 fieri
1059 2398 1189 2479 plus
1234 2396 1510 2477 quiddam
1553 2399 1842 2476 significat
1886 2397 1960 2457 ab
2005 2396 2103 2458 illa
2161 2399 2389 2477 priore,
2446 2407 2510 2459 ut
2554 2379 2643 2459 est
2688 2398 2937 2461 calesco.
2967 2383 3084 2445 505,
3112 2384 3177 2431 25

269 2501 500 2564 subaec
559 2501 763 2579 regula
809 2503 1067 2581 quinque
1114 2500 1290 2561 rebus
1345 2507 1612 2568 tenetur;
1674 2502 1786 2561 nisi
1840 2500 2103 2579 quinque
2161 2518 2259 2560 res
2313 2502 2460 2569 istac
2519 2501 2770 2570 fuerint,
2820 2521 2940 2562 non

347 2610 549 2683 potest
603 2611 788 2672 stare,
849 2610 914 2663 ut
968 2604 1274 2663 oriatur·a
1322 2603 1608 2671 neutrali,
1669 2611 1733 2663 ut
1788 2603 1848 2662 in
1904 2619 2004 2662 sco
2049 2597 2332 2697 sgllabam
2381 2610 2579 2673 exeat,
2635 2610 2704 2677 ut
2742 2610 2944 2664 careat

346 2714 624 2786 temporo
669 2707 990 2785 praeterito
1020 2706 1299 2781 perfecto
1329 2712 1387 2765 et
1415 2703 2015 2785 plusquamperfecto,
2064 2711 2130 2764 ut
2162 2710 2360 2764 careat
2390 2707 2703 2784 participio
2734 2705 2938 2775 futuri,

348 2816 415 2869 ut
469 2810 548 2869 sit
601 2810 811 2868 tertiae
868 2809 1300 2886 coniugationis
1354 2815 1683 2887 correptae.
1773 2806 1847 2866 de
1888 2807 2017 2867 istis
2062 2808 2320 2886 quinque
2373 2807 2552 2868 rebus
2595 2809 2646 2869 si
2690 2807 2782 2868 vel
2828 2803 2940 2869 una

347 2929 449 2970 res
496 2909 768 2979 defuerit,
814 2912 930 2970 iam
978 2929 1095 2970 non
1140 2917 1228 2971 est
1271 2910 1621 2970 inchoativa.
1686 2926 1828 2986 ergo
1874 2908 2203 2970 inchoativa
2249 2909 2442 2978 verba,
2490 2910 2547 2970 id
2582 2917 2671 2970 est
2699 2909 2938 2970 inchoa-

265 3035 319 3074 25
349 3014 505 3074 tivae
549 3003 810 3081 formae,'
840 3011 947 3073 has
992 3013 1255 3092 quinque
1301 3011 1522 3072 habent
1566 3030 1664 3072 res
1709 3010 2017 3089 legitimas,
2074 3019 2137 3071 ut
2182 3013 2450 3072 oriantur
2494 3031 2525 3072 a
2573 3011 2941 3073 neutralibus

346 3114 562 3175 verbis.
622 3125 764 3195 puta
810 3115 1008 3174 ferveo
1056 3114 1219 3175 caleo
1267 3122 1502 3194 torpeo:
1563 3115 1765 3175 ferveo
1799 3112 1962 3173 caleo
2010 3122 2218 3193 torpeo
2248 3114 2428 3174 verba
2462 3114 2748 3175 neutralia
2781 3122 2936 3176 sunt.

348 3217 637 3297 numquid
695 3218 837 3276 facit
889 3218 1161 3277 ferveor?
1224 3233 1365 3294 ergo
1421 3217 1694 3277 oriuntur
1750 3234 1781 3274 a
1829 3214 2101 3284 neutrali,
2191 3216 2406 3276 deinde
2460 3218 2520 3276 in
2574 3236 2675 3277 sco
2724 3224 2944 3278 exeunt

346 3315 567 3387 omnia,
619 3323 627 3401 Ι
677 3318 905 3379 calesco
950 3320 1234 3381 fervesco
1313 3336 1451 3378 ecce
1497 3317 1642 3379 duas
1687 3316 1941 3396 regulas.
2034 3306 2250 3378 deinde
2298 3320 2505 3379 tertiae
2551 3328 2690 3380 sunt
2734 3321 2939 3380 coniu-

345 3422 601 3499 gationis
647 3428 976 3500 correptae,
1022 3421 1291 3481 fervesco
1337 3422 1637 3491 fervesciS,
1686 3420 1916 3481 calesco
1961 3419 2224 3482 calescis
2288 3420 2502 3482 deinde
2548 3429 2753 3482 carent
2794 3429 2939 3482 tem-

264 3544 318 3586 30
344 3540 496 3603 pore
541 3524 863 3602 praeterito
908 3523 1176 3601 perfecto
1224 3531 1282 3583 et
1324 3523 1925 3604 plusquamperfecto.
1995 3521 2240 3593 calesco,
2291 3539 2465 3584 nemo
2497 3524 2639 3585 dicit
2670 3523 2937 3594 calescui,

345 3644 525 3686 nemo
571 3625 989 3695 calescueram,
1039 3633 1099 3685 et
1139 3627 1310 3686 iuste.
1402 3644 1538 3687 nam
1585 3627 1636 3686 si
1679 3625 2048 3694 inchoamus,
2099 3642 2213 3702 quo
2260 3625 2437 3686 modo
2483 3626 2940 3706 potesthabere

341 3728 719 3807 perfectum?
777 3747 951 3789 omne
997 3729 1154 3790 enim
1201 3728 1357 3805 quod
1403 3727 1850 3792 inchoatKinitia
1897 3728 2090 3797 habet,
2148 3746 2267 3786 non
2312 3735 2545 3807 tempus
2589 3730 2939 3807 perfectum.

344 3836 615 3890 ceterum
664 3827 958 3889 calueram
1005 3829 1242 3891 aliunde
1289 3833 1472 3900 venit,
1531 3830 1605 3891 ab
1651 3849 1721 3891 eo
1770 3830 1929 3907 quod
1978 3839 2068 3891 est
2112 3830 2292 3900 calui,
2341 3849 2373 3891 a
2418 3831 2683 3910 perfecta
2727 3831 2935 3892 forma.

344 3950 489 4010 ergo
536 3952 569 3992 a
618 3931 873 3991 neutrali
917 3932 1099 3992 verbo
1145 3934 1304 3992 venit
1348 3932 1438 4013 [et
1481 3940 1642 3992 caret
1698 3935 2023 4010 praeterito
2070 3932 2337 4012 perfecto
2385 3943 2443 3992 et
2485 3931 2937 4013 plusquamper-

265 4054 318 4094 35
346 4032 571 4114 fecto];
633 4034 696 4093 in
740 4051 839 4094 sco
886 4035 1022 4104 exit,
1070 4035 1364 4103 fervesco;
1424 4017 1631 4095 tertiae
1677 4037 2112 4113 coniugationis
2158 4042 2247 4096 est
2285 4043 2627 4115 correptae,
2675 4035 2939 4095 fervesco

346 4137 663 4204 fervesciS‚
729 4134 959 4195 calesco
1015 4136 1292 4207 calescis;
1362 4136 1575 4198 deinde
1633 4116 1797 4198 caret
1855 4139 2151 4216 tempore'
2182 4139 2504 4216 praeterito
2559 4138 2826 4217 perfecto
2884 4145 2942 4196 et

344 4238 965 4319 plusquamperfecto,
1036 4257 1210 4300 nemo
1267 4240 1408 4300 dicit
1464 4239 1745 4310 calescui,
1808 4258 1983 4301 nemo
2041 4241 2473 4309 calescueram;
2542 4247 2706 4301 caret
2762 4241 2938 4300 etiam

483 4463 517 4510 2
560 4462 743 4524 loquor
779 4488 841 4497 —-
883 4461 1306 4527 significationem
1346 4475 1439 4510 om.
1480 4461 1522 4510 G
1629 4462 1887 4526 passiuam
1923 4461 2042 4511 AB
2080 4462 2295 4511 actiuam
2333 4459 2400 4510 a*
2546 4463 2609 4513 12
2647 4461 2940 4510 meditatina

341 4543 418 4582 est
449 4534 553 4583 ista
592 4531 721 4582 Ba.-
756 4540 832 4580 est
867 4546 958 4584 om.
995 4533 1100 4582 AG
1273 4531 1483 4580 lecturio
1529 4531 1653 4580 nihil
1695 4531 1823 4582 Ac:
1874 4531 2080 4581 lecturio
2119 4534 2252 4580 enim
2290 4531 2415 4580 nihil
2454 4529 2584 4581 Ba*
2764 4531 2828 4581 18
2866 4540 2942 4579 est

337 4620 432 4656 om.
478 4600 659 4652 ABG
793 4603 857 4652 19
893 4601 1146 4667 significat
1179 4617 1271 4654 om.
1304 4601 1381 4661 A,
1421 4600 1543 4654 add.
1574 4620 1606 4651 a
1711 4604 1779 4650 22
1812 4601 2036 4667 perfecto
2070 4617 2161 4655 om.
2194 4602 2357 4652 ABG
2496 4603 2562 4650 24
2595 4600 2939 4651 inchoatiuum

338 4675 564 4724 uerbum
603 4669 769 4720 ABG
906 4674 974 4721 25
1014 4672 1162 4721 habet
1201 4672 1242 4721 Ο
1377 4672 1443 4726 27
1483 4671 1531 4719 in
1573 4686 1687 4721 esco
1729 4673 1768 4722 G
1908 4672 1976 4721 28
2013 4672 2141 4721 duas
2175 4673 2380 4737 regulas
2414 4672 2505 4721 dii
2536 4672 2718 4720 deinde
2764 4671 2803 4720 C

334 4744 404 4796 33
439 4742 586 4808 quod
633 4750 710 4789 est
745 4756 774 4788 a
810 4743 939 4791 calui
984 4756 1013 4790 a
1055 4741 1278 4806 perfecta
1319 4740 1480 4790 forma
1519 4741 1565 4789 A
1602 4742 1734 4804 quod
1777 4750 1853 4790 est
1889 4758 1919 4790 a
1958 4742 2089 4790 calui
2131 4743 2354 4806 perfecta
2402 4742 2564 4790 forma
2611 4742 2666 4795 Ο.
2713 4743 2940 4803 sortasse

335 4824 570 4864 ceterum
613 4810 745 4858 calui
783 4812 1033 4861 calueram
1074 4811 1278 4862 aliunde
1319 4811 1486 4876 venit,
1526 4811 1588 4860 ab
1626 4826 1685 4860 eo
1719 4812 1854 4874 quod
1902 4822 1980 4862 est
2017 4811 2187 4875 caleo,
2235 4812 2286 4861 id
2326 4820 2402 4861 est
2444 4829 2471 4862 a
2513 4810 2736 4878 perfecta
2776 4811 2939 4862 forma

482 4882 556 4934 35
597 4881 650 4928 in
689 4894 805 4929 esco
839 4883 880 4933 G
