3541 5564
1347 363 1822 427 COMMENTVM
2479 413 2490 426 ,,
2765 358 2880 423 171

2513 483 2555 524 p.
2583 471 2757 512 169—71
2788 469 2833 509 L.

301 537 537 617 dicitur.
629 554 882 615 diximus
928 556 1105 615 etiam
1152 553 1327 614 talem
1373 571 1497 613 rem
1546 552 1619 612 de
1662 551 1850 630 gradu
1898 541 2163 631 positivo,
2232 570 2370 613 nam
2416 550 2710 628 quem¹ad
2756 569 2882 610 1110-

299 659 439 718 dum
482 659 764 737 positivus
806 656 1025 735 gradus
1072 657 1262 717 dictus
1293 664 1381 716 est
1412 656 1847 734 conparationis
1877 653 2122 733 gradus,
2171 673 2289 714 non
2337 652 2492 733 quod
2537 672 2646 732 per
2689 655 2883 732 ipsum

301 768 613 840 conparat,
669 758 773 819 sed
818 758 973 838 quod
1021 757 1094 817 ab
1138 761 1269 838 ipso
1329 757 1633 827 discimus,
1694 756 1837 835 quid
1893 758 1969 816 sit
2013 775 2364 837 conparare,
2414 764 2473 816 et
2517 755 2650 816 ideo
2696 755 2885 822 dictus

298 873 386 924 est
441 862 661 941 gradus
717 862 1181 941 conparationis;
1239 863 1323 921 sic
1381 862 1555 920 etiam
1603 867 1662 920 et
1705 859 2096 919 nominativus
2142 860 2331 920 dictus
2377 865 2466 918 est
2512 875 2714 927 casuS,
2755 849 2884 918 'non

246 984 272 1023 5
298 967 434 1046 quia
480 968 608 1044 ipse
655 981 870 1024 nomen
915 962 1054 1022 facit
1099 961 1339 1036 cadere,
1384 962 1486 1022 sed
1533 966 1673 1037 quia
1706 979 1814 1040 per
1843 964 2037 1041 ipsum
2069 962 2316 1030 scimus,
2366 959 2502 1035 quid
2540 960 2618 1019 sit
2648 958 2881 1020 cadere.

295 1086 417 1127 non
476 1067 636 1127 enim
692 1082 1004 1145 possumus
1062 1063 1069 1144 Ι
1130 1066 1310 1133 scire,
1370 1063 1507 1143 quid
1566 1065 1641 1124 sit
1696 1064 1937 1132 cadere,
1995 1064 2110 1125 nisi
2165 1063 2473 1122 scierimus
2529 1069 2696 1129 ante,
2745 1059 2883 1140 quid

293 1170 473 1230 suerit
517 1176 765 1230 rectum.
1993 1233 1996 1237 ,

467 1272 618 1332 Sunt
672 1278 872 1332 autem
928 1269 1069 1330 dicti
1126 1288 1230 1330 sex
1286 1287 1485 1338 casuS,
1542 1271 1962 1338 nominativus,
2022 1266 2175 1348 quod
2223 1285 2331 1345 per
2374 1267 2568 1346 ipsum
2615 1267 2882 1326 nomine-

294 1393 461 1442 mus,
528 1381 589 1435 ut
657 1373 754 1435 hic
822 1375 1127 1450 magister;
1196 1373 1531 1449 genetivus,
1603 1357 1784 1450 quod*
1818 1390 1927 1451 per
1984 1373 2174 1449 ipsum
2231 1386 2421 1446 genus
2484 1367 2882 1437 ostendamuS,

222 1493 268 1531 ιο
296 1478 507 1538 ‘cuius
555 1477 716 1536 est’?
756 1474 953 1536 ‘illius
999 1479 1149 1543 est’;
1198 1473 1450 1544 dativus,
1497 1474 1654 1552 quod
1702 1493 1808 1554 per
1851 1475 2043 1552 ipsum
2092 1471 2316 1541 demuS,
2365 1469 2474 1531 ‘da
2518 1469 2666 1538 illi';
2716 1487 2884 1530 accu-

291 1580 551 1648 sativos,
603 1577 760 1655 quod
807 1597 915 1657 per
960 1579 1152 1656 ipsum
1200 1595 1574 1646 accusemus,
1623 1581 1878 1637 ‘accuso
1924 1575 2154 1643 illum’;
2203 1576 2528 1642 vocativus,
2577 1571 2732 1652 quod
2778 1590 2886 1650 per

290 1683 484 1760 ipsum
538 1698 841 1747 vocemus,
890 1699 924 1740 o
967 1680 1087 1741 ille.
1175 1678 1462 1740 ablativus
1507 1678 1661 1758 apud
1707 1679 1964 1739 Graecos
2009 1695 2125 1737 non
2173 1677 2495 1744 invenitur,
2545 1674 2648 1736 sed
2695 1673 2886 1734 Latini

294 1784 456 1843 bunc
506 1781 970 1860 adsumpserunt
1013 1780 1145 1842 sibi.
1237 1781 1463 1842 idcirco
1508 1779 1820 1860 aliquando
1866 1778 2069 1839 dicunt
2114 1798 2249 1838 eum
2293 1788 2556 1846 sextum,
2614 1776 2673 1836 id
2721 1783 2810 1837 est
2855 1795 2884 1835 a

292 1903 551 1945 numero
585 1903 719 1945 eum
765 1883 1090 1963 appellant,
1139 1875 1455 1963 aliquando
1501 1902 1532 1943 a
1578 1892 1753 1960 gente
1795 1882 2070 1949 latinum,
2118 1882 2394 1960 quoniam
2442 1879 2593 1959 apud
2628 1879 2886 1939 Graecos

222 2004 266 2040 15
291 2006 411 2048 non
472 1988 777 2047 invenitur
830 2004 998 2046 casus
1055 1984 1340 2046 ablativus
1398 1983 1741 2064 [aliquando
1797 1983 2100 2061 genetivus
2159 1980 2475 2061 singularis
2531 1980 2886 2060 fungebatur

291 2090 493 2150 officio
555 2087 845 2169 ablativi].
941 2098 1077 2168 puta
1134 2088 1231 2148 hic
1288 2088 1495 2147 doctus
1554 2087 1724 2147 liuius
1770 2085 1928 2147 docti
1974 2085 2110 2144 huic
2157 2084 2332 2143 docto
2375 2085 2534 2144 hunc
2578 2085 2809 2144 doctum
2854 2100 2888 2143 o

290 2192 465 2252 docte
515 2198 574 2250 et
619 2191 682 2250 hi
726 2189 881 2251 docti
928 2190 1141 2251 horum
1189 2191 1495 2251 doctorum
1546 2189 1635 2249 bis
1680 2188 1867 2248 doctis
1909 2188 2015 2247 hos
2059 2188 2259 2247 doctos
2304 2202 2338 2245 o
2381 2187 2570 2264 docti,
2618 2194 2675 2245 et
2717 2185 2886 2245 finie-

289 2293 449 2353 bant.
550 2311 693 2371 ergo
738 2311 870 2354 cum
916 2312 1032 2353 non
1081 2292 1372 2353 baberent
1416 2291 1759 2360 ablativum,
1817 2309 1925 2369 per
1970 2289 2305 2367 genetivum
2352 2286 2752 2365 fungebantur
2798 2287 2885 2346 os-

286 2396 421 2455 ficio
471 2393 714 2455 ablativi
762 2394 1107 2475 [aliquando
1151 2395 1485 2472 genetivuS,
1536 2392 1852 2471 aliquando
1899 2390 2174 2470 dativus].
2266 2390 2380 2451 hoc
2427 2408 2560 2450 cum
2607 2389 2888 2449 vidissent

216 2515 265 2554 20
293 2497 554 2558 Romani
603 2516 731 2557 esse
778 2515 1079 2575 asperum,
1126 2497 1400 2558 fecerunt
1443 2494 1776 2556 ablativum.

460 2598 630 2659 Inter
674 2598 989 2660 ablativum
1039 2606 1097 2659 et
1140 2600 1453 2678 septimum
1502 2597 1613 2658 hoc
1656 2598 1920 2665 interest,
1970 2595 2123 2675 quod
2170 2593 2457 2655 ablativus
2500 2595 3031 2674 praepositio-433,
3062 2609 3122 2656 16

286 2719 426 2761 nem
476 2698 681 2769 habet,
728 2703 1016 2780 septimus
1061 2720 1176 2762 non
1225 2699 1421 2761 babet.
1487 2718 1620 2760 nam
1668 2697 1902 2778 quando
1947 2697 2197 2759 dicimus
2244 2696 2343 2757 ‘ab
2389 2705 2624 2758 oratore
2669 2697 2884 2765 venio’,

284 2803 587 2866 ablativus
635 2812 749 2873 est;
797 2804 1031 2883 quando
1077 2803 1326 2865 dicimus
1371 2809 1645 2865 ‘oratore
1676 2803 1958 2880 magistro
1991 2803 2180 2870 utor',
2228 2801 2515 2880 septimus
2545 2808 2650 2860 est.
2710 2817 2885 2877 quae·

283 2908 461 2968 situm
530 2914 621 2966 est
665 2924 696 2965 a
742 2905 1055 2985 plulrimiS,
1116 2916 1314 2967 utrum
1371 2906 1427 2966 id
1486 2904 1846 2983 significaret
1897 2905 2213 2983 septimuS,
2273 2901 2431 2981 quod
2479 2910 2535 2961 et
2580 2900 2882 2962 ablativus

215 3027 265 3067 25
292 3008 470 3071 multi
523 3009 683 3068 enim
731 3008 843 3068 hoc
889 3008 1192 3075 dixerunt,
1239 3008 1297 3081 id
1343 3007 1675 3085 significare
1720 3005 2063 3076 ablativum,
2112 3005 2264 3086 quod
2314 3014 2373 3066 et
2415 3006 2752 3084 septimum.
2829 3012 2887 3064 et

282 3129 352 3172 re
399 3129 551 3172 vera
608 3117 747 3169 sunt
800 3109 1191 3179 elocutioneS,
1242 3108 1341 3170 ubi
1386 3109 1609 3169 similes
1654 3117 1794 3169 sunt
1835 3107 1976 3177 sibi,
2025 3116 2088 3168 ut
2132 3108 2362 3169 doctior
2406 3106 2506 3166 illo
2554 3113 2611 3166 et
2656 3106 2902 3167 doctior,

282 3213 359 3273 ab
404 3212 548 3274 illo:
599 3212 756 3272 idem
801 3221 891 3274 est
935 3211 1245 3279 ablativus,
1294 3211 1451 3288 quod
1498 3219 1556 3271 et
1598 3212 1904 3289 septimus.
1972 3210 2075 3270 sed
2121 3218 2319 3270 tamen
2365 3211 2518 3270 scire
2565 3207 2746 3269 debes
2791 3210 2878 3269 in-

280 3318 473 3376 veniri
527 3314 754 3392 aliquas
799 3315 1179 3383 elocutioneS,
1227 3316 1288 3374 in
1335 3313 1551 3390 quibus
1597 3312 2027 3374 elocutionibus
2072 3319 2329 3373 mutatur
2372 3313 2482 3372 ista
2528 3310 2873 3372 differentia.

282 3435 418 3479 nam
466 3435 656 3496 saepe
700 3415 854 3476 aliud
903 3418 1194 3494 significat
1237 3414 1553 3484 ablativus,
1590 3415 1758 3477 aliud
1808 3417 2120 3494 septimus,
2156 3408 2232 3474 'ut
2263 3422 2356 3474 est
2399 3412 2535 3473 ‘illo
2566 3422 2877 3491 praesente

214 3520 583 3600 wsuscepi'.
677 3537 812 3580 nam
872 3518 1005 3579 ‘illo
1059 3524 1374 3598 praesente
1428 3520 1693 3597 suscepi'
1754 3517 1990 3595 quando
2047 3516 2205 3585 dico,
2255 3517 2425 3576 tertia
2470 3534 2725 3595 persona
2771 3523 2877 3585 est,

283 3622 341 3681 id
391 3629 488 3682 est
546 3621 815 3700 ‘suscepi
873 3638 981 3698 ego
1039 3619 1111 3680 ab
1166 3622 1278 3680 isto
1323 3618 1423 3679 illo
1468 3625 1838 3699 praesente’.
1928 3618 2163 3699 quando
2208 3625 2404 3679 autem
2451 3618 2583 3678 dico
2630 3619 2738 3679 ‘ab
2783 3617 2881 3677 illo

285 3729 612 3803 praesente
658 3723 945 3801 suscepi',
1006 3721 1156 3781 duae
1214 3740 1507 3802 personae
1562 3722 1994 3801 significantur,
2053 3724 2176 3800 ipsa
2235 3737 2385 3798 quae
2430 3720 2592 3781 dedit
2648 3727 2705 3780 et
2757 3722 2881 3800 ipsa

288 3842 442 3902 quae
489 3826 771 3904 suscepit.

459 3928 619 3988 Sunt
686 3933 878 3987 autem
935 3927 1161 3987 formae
1219 3926 1513 3989 casuales:
1574 3926 1687 3987 hoc
1754 3926 1910 4003 quod
1977 3926 2119 3987 dicit
2183 3925 2506 4005 adsumpsit
2564 3924 2677 3986 sibi
2742 3944 2878 4005 pro·
2908 3940 3119 4003 433,26

213 4050 260 4089 35
286 4036 419 4109 pter
469 4028 936 4090 declinationum
982 4031 1340 4091 varietatem.
1430 4030 1905 4091 accommodatae
1949 4037 2084 4090 sunt
2128 4027 2398 4090 casuales
2442 4029 2685 4098 formae,
2734 4046 2879 4106 quo-

288 4134 446 4193 niam
490 4133 838 4192 invenimus
896 4132 1236 4194 varietatem
1280 4133 1342 4191 in
1387 4132 1640 4194 casibus
1714 4131 2030 4211 aliquando
2074 4131 2403 4191 invenimus
2447 4139 2788 4211 monoptota
2845 4157 2883 4192 οε

286 4232 611 4314 aliquando
657 4234 717 4293 in
766 4241 1062 4309 quattuor.
1155 4233 1265 4296 liae
1312 4243 1508 4295 autem
1556 4234 1924 4296 differentiae
1969 4252 2089 4295 non
2130 4233 2201 4293 ad
2249 4233 2704 4295 declinationem
2748 4252 2883 4313 per·

429 4474 464 4525 3
494 4474 560 4522 ab
599 4489 691 4522 om.
733 4473 797 4529 A,
838 4473 959 4523 add.
999 4489 1031 4522 α
1211 4475 1242 4523 5
1280 4474 1369 4521 sed
1408 4489 1499 4539 per
1537 4474 1704 4538 ipsum
1742 4474 1917 4525 ABG
2079 4474 2112 4526 8
2149 4474 2270 4524 dicti
2315 4489 2406 4523 om.
2445 4472 2684 4533 B,·add.
2717 4472 2746 4521 b

295 4546 358 4595 15
390 4543 677 4609 singularis
713 4543 861 4592 Rea
900 4544 950 4591 in
999 4544 1250 4608 singulari
1288 4544 1336 4591 A
1482 4542 1544 4594 16
1582 4544 1752 4593 officio
1796 4544 2004 4594 ablatiui
2042 4544 2197 4594 ABc
2233 4543 2402 4593 officio
2433 4544 2520 4609 pl’i
2569 4543 2610 4591 G
2749 4541 2884 4592 hunc

291 4616 498 4664 doctum
540 4627 569 4661 ο
611 4614 757 4662 docte
786 4621 834 4662 et
870 4612 963 4663 lios
1000 4612 1174 4663 doctos
1212 4627 1240 4662 o
1276 4614 1408 4663 docti
1446 4629 1534 4663 om.
1570 4614 1739 4663 ABG
1912 4613 1977 4664 23
2017 4613 2241 4663 officium
2282 4617 2328 4662 A
2507 4613 2570 4661 27
2611 4613 2823 4661 inueniri
2859 4629 2888 4662 c

292 4685 527 4733 inuenire
565 4682 736 4732 ABG
838 4684 905 4734 29
943 4693 995 4733 ut
1030 4692 1105 4732 est
1143 4682 1228 4732 illo
1266 4693 1531 4748 praesente
1567 4684 1772 4747 suscepi
1812 4685 2064 4733 ablatiuus
2105 4693 2182 4734 est
2213 4699 2310 4733 non
2350 4694 2516 4733 tamen
2555 4682 2649 4732 hoc
2687 4693 2763 4733 est
2799 4684 2885 4734 illo

292 4760 567 4819 praesente
604 4753 799 4818 suscipi
843 4767 959 4802 nam
996 4753 1044 4801 A
1219 4754 1282 4804 31
1326 4756 1528 4816 quando
1574 4762 1740 4803 autem
1781 4754 1896 4803 dico
1935 4755 1997 4803 ab
2029 4754 2116 4803 illo
2149 4764 2417 4819 praesente
2454 4769 2544 4803 om.
2584 4753 2650 4811 A,
2690 4752 2809 4802 add.
2852 4772 2886 4803 a

427 4823 499 4874 35
539 4822 949 4872 accommodatae
979 4832 1093 4872 sunt
1127 4824 1355 4873 casuales
1392 4832 1508 4876 sunt
1540 4821 1731 4872 formae
1769 4824 1814 4871 Α
1955 4823 2023 4874 36
2055 4832 2173 4887 pose
2208 4834 2500 4890 monoptota
2536 4824 2764 4887 reliquae
2797 4824 2885 4873 de-

293 4895 615 4944 clinationum
644 4893 933 4953 varietates,
968 4901 1020 4944 ut
1056 4894 1270 4957 videtur,
1308 4894 1557 4945 indicatae
1587 4902 1637 4944 et
1670 4895 1903 4951 definitae
1928 4894 2153 4957 fuerunt.
2209 4896 2379 4961 itaque
2416 4896 2641 4943 lacunam
2667 4894 2885 4947 indicavi
