3541 5564
616 369 736 431 150
1737 361 2042 426 ΡΟΜΡΕΙΙ

661 490 704 531 p.
731 479 907 518 121-:23
936 476 976 515 ι,

610 559 808 637 pium?
864 576 979 637 qno
1026 556 1200 616 modo
1247 554 1674 615 discernimus?
1731 551 1993 613 casibus:
2041 554 2091 613 si
2136 553 2499 614 accusativus
2544 553 2754 622 suerit,
2802 553 2915 612 erit
2959 551 3194 630 partici-

616 661 804 739 pinm;
864 661 912 718 si
969 659 1304 737 genetivus,
1365 658 1476 717 erit
1533 673 1772 715 nomen.
1865 674 2003 715 ecce
2070 652 2252 715 habes
2318 654 2735 715 discretionem
2805 652 3198 732 ambiguitatis

611 763 816 840 ipsius,
877 762 923 820 si
957 762 1175 822 dixeris
1220 761 1462 819 ‘amans
1506 755 1671 818 illum
1717 756 1833 816 hoc
1877 757 2046 825 seci’,
2095 758 2466 836 participium
2515 764 2602 817 est
2649 756 2855 825 modo;
2902 758 2950 816 si
2982 755 3196 816 dixeris

614 869 853 925 ‘amans
897 862 1053 924 illius
1097 862 1209 922 hoc
1256 862 1424 928 seci’,
1475 879 1691 919 nomen
1739 866 1846 919 est.
1934 858 2092 919 unde
2137 858 2249 918 hoc
2295 861 2576 938 apparet?
2623 857 2694 917 da
2740 856 2960 927 simile,
3010 865 3068 917 et
3109 858 3193 917 in-

614 968 812 1026 venies
866 967 978 1032 sic:
1039 981 1212 1044 quem
1271 962 1343 1023 ad
1399 960 1639 1021 modum
1686 963 1736 1021 si
1783 960 1946 1021 dicas
1992 959 2300 1020 ‘scribens
2357 959 2522 1019 illum
2579 960 2690 1020 hoc
2734 959 2902 1028 seci’,
2950 961 2997 1020 si
3044 959 3199 1019 dicas
3229 981 3256 1019 5

615 1073 854 1129 ‘amans
899 1066 1063 1127 illum
1110 1066 1225 1125 hoc
1270 1065 1438 1132 seci’,
1487 1063 1769 1143 numquid
1816 1081 2057 1143 possum
2106 1061 2306 1123 dicere
2353 1066 2593 1122 ‘amans
2648 1060 2806 1121 illius
2859 1061 2974 1121 hoc
3018 1061 3203 1121 seci’?

617 1189 755 1230 ecce
803 1169 958 1229 unde
1004 1174 1251 1247 apparet
1294 1167 1426 1246 quia
1474 1166 1849 1244 participium
1897 1171 2005 1224 est.
2098 1166 2230 1243 quia
2280 1173 2338 1225 et
2382 1165 2759 1243 participium
2803 1166 3201 1224 accusativum

615 1271 797 1332 habet
845 1288 1067 1339 casum,
1116 1267 1317 1346 legens
1360 1266 1557 1327 illum:
1608 1285 1747 1328 ecce
1782 1267 1957 1326 modo
1988 1267 2363 1346 participium
2412 1273 2519 1326 est.
2583 1285 2615 1326 e
2661 1266 2958 1327 contrario
3005 1263 3204 1342 legens

615 1372 772 1433 illius
828 1390 1043 1432 nomen
1105 1379 1209 1431 est.
1300 1371 1517 1450 qnare?
1583 1371 1719 1448 quia
1777 1370 2082 1446 genetivus
2141 1377 2230 1429 est
2283 1387 2472 1430 casus.
2564 1370 2650 1428 sic
2708 1375 2797 1428 est
2840 1385 2907 1428 ac
2951 1368 3000 1427 si
3046 1367 3205 1427 dicas

617 1473 834 1534 ‘cultor
893 1472 1048 1532 illius
1104 1474 1271 1541 seci’,
1331 1471 1565 1532 ‘doctor
1621 1469 1777 1531 illius
1836 1470 2007 1531 seci'.
2102 1479 2160 1530 et
2212 1469 2406 1532 cultor
2465 1468 2624 1531 illius
2681 1478 2740 1530 et
2793 1469 3000 1532 doctor
3045 1468 3203 1529 illius
3235 1490 3284 1527 ιο

618 1577 925 1654 genetivus
981 1583 1068 1634 est
1121 1592 1307 1634 casus.
1402 1592 1543 1651 ergo
1602 1572 1838 1651 quando
1895 1574 2163 1651 iungitur
2219 1575 2492 1650 genetivo
2549 1574 2736 1641 casui,
2797 1573 2910 1632 erit
2957 1589 3203 1639 nomeu:

621 1675 858 1756 quando
902 1677 1168 1754 iungitur
1213 1677 1575 1744 accusative,
1625 1677 1739 1735 erit
1782 1676 2176 1755 participium.

789 1778 1073 1857 Superest
1119 1796 1334 1838 nomen
1382 1776 1537 1857 quod
1585 1776 1765 1837 verbo
1812 1776 2003 1837 simile
2049 1786 2166 1846 est,
2226 1786 2289 1838 ut
2336 1774 2344 1860 Ι
2392 1783 2483 1837 est
2528 1774 2896 1855 contemplor
2942 1782 3207 1836 contem-

620 1878 802 1959 plaris
860 1879 1324 1959 contemplatur:
1386 1881 1560 1940 modo
1612 1882 1961 1956 imperativo
2003 1888 2275 1958 tempore
2321 1880 2515 1940 futuro
2561 1877 3011 1958 contemplator.
3103 1877 3205 1937 sed

623 1991 817 2042 tamen
868 1988 925 2041 et
982 2001 1198 2041 nomen
1252 1989 1446 2061 potest
1492 1999 1646 2049 esse,
1695 1980 1791 2041 hic
1836 1980 2267 2061 contemplator
2323 1979 2500 2043 huius
2545 1977 3028 2059 contemplatoris
3071 1979 3288 2039 huic15

622 2082 1094 2162 contemplatori.
1156 2082 1508 2160 aliquotiens
1540 2100 1681 2160 ergo
1712 2083 1842 2142 sine
1888 2082 2069 2143 dubio
2118 2102 2332 2143 nomen
2379 2090 2497 2150 est,
2545 2081 2896 2162 aliquotiens
2939 2081 3207 2142 verbum.

623 2184 759 2263 quid
809 2201 950 2261 ergo
996 2186 1272 2252 interest,
1322 2183 1555 2262 quando
1602 2185 1678 2244 sit
1720 2184 1997 2254 verbum,
2046 2184 2283 2264 quando
2332 2186 2583 2244 nomen?
2628 2183 2873 2244 verbum
2917 2185 2968 2244 si
3012 2183 3210 2250 suerit,

622 2298 857 2365 tempus
912 2284 1117 2353 habet;
1178 2304 1393 2345 nomen
1446 2287 1496 2346 si
1553 2285 1763 2356 suerit,
1825 2305 2025 2347 casum
2095 2285 2288 2346 habet.
2379 2287 2428 2346 si
2494 2285 2683 2345 dicam
2744 2285 3215 2365 ‘contemplator

623 2388 789 2449 illum
810 2392 847 2456 ⁹,
900 2388 1010 2447 hoc
1056 2394 1145 2445 est
1189 2386 1480 2447 ‘adtende
1524 2386 1746 2458 illum',
1798 2396 2031 2468 tempus
2063 2395 2155 2449 est
2196 2389 2323 2448 sine
2369 2387 2575 2448 dubio:
2624 2387 2867 2448 verbum
2917 2395 3005 2448 est
3051 2406 3214 2466 ergo.

626 2494 675 2550 si
720 2490 908 2549 dicam
956 2488 1421 2567 ‘contemplator
1465 2489 1742 2569 quidam'
1792 2509 1859 2549 ac
1919 2491 1969 2549 si
2026 2489 2216 2551 dicam
2263 2491 2556 2568 ‘scriptor
2601 2489 2893 2568 qnidam',
2945 2491 3062 2550 erit
3105 2509 3211 2550 no·
3241 2513 3294 2550 eo

628 2593 968 2652 minativus:
1018 2608 1218 2650 casum
1267 2609 1407 2668 ergo
1454 2591 1660 2660 habet,
1711 2593 1825 2652 erit
1870 2610 2010 2670 ergo
2056 2610 2290 2651 nomen.

800 2692 1022 2770 Collige
1082 2709 1221 2768 ergo
1281 2695 1420 2754 istas
1474 2695 1705 2773 species
1752 2695 1967 2793 viginti
2001 2702 2059 2753 et
2115 2700 2360 2774 septem.
2454 2702 2591 2754 sunt
2634 2696 2868 2754 nomina
2916 2713 3069 2774 quae
3115 2714 3217 2775 ap-

631 2796 925 2877 pellantur
971 2794 1332 2873 corporalia,
1381 2804 1517 2856 sunt
1562 2816 1713 2876 quae
1758 2796 2181 2877 incorporalia,
2239 2804 2379 2856 sunt
2419 2799 2647 2878 primae
2693 2798 3032 2876 positionis,
3081 2806 3222 2859 sunt

631 2899 975 2967 derivativa,
1023 2906 1162 2958 sunt
1208 2896 1578 2966 diminutiva,
1637 2906 1777 2958 sunt
1822 2918 1968 2959 sono
2015 2899 2387 2967 diminutiva,
2437 2907 2575 2959 sunt
2616 2905 2734 2959 tota
2780 2916 3022 2978 graeca,
3080 2908 3221 2961 sunt

632 2986 749 3060 tota
797 2999 1005 3067 latina.
1065 3007 1203 3059 sunt
1257 2998 1461 3072 notha,
1522 3008 1660 3061 sunt
1717 3019 2069 3080 synonyma.
2128 3009 2267 3062 sunt
2323 2999 2704 3080 homonyma,
2754 3010 2893 3061 sunt
2937 3009 3297 3082 patrony·25

634 3105 814 3169 mica,
865 3109 1001 3161 sunt
1045 3102 1282 3175 ctetica,
1332 3102 1390 3161 id
1439 3109 1525 3162 est
1570 3105 1931 3181 possessiva,
1992 3110 2127 3163 sunt
2169 3102 2480 3173 adiectiva,
2529 3110 2666 3163 sunt
2709 3102 3034 3182 qualitatiS‚
3084 3111 3220 3164 sunt

636 3205 1006 3285 quantitatiS,
1056 3211 1195 3263 sunt
1239 3207 1459 3282 gentis,
1506 3211 1642 3264 sunt
1686 3206 1941 3284 patriae,
1990 3213 2127 3265 sunt
2171 3206 2431 3273 numeri,
2479 3213 2618 3266 sunt
2660 3205 2915 3274 ordinis,
2965 3212 3105 3266 sunt
3148 3205 3219 3265 ad

634 3305 850 3385 aliquid
899 3302 1166 3386 qualilter
1211 3323 1275 3363 se
1321 3305 1621 3373 habentia,
1671 3316 1811 3367 sunt
1851 3306 2169 3385 generalia,
2215 3314 2354 3367 sunt
2398 3307 2691 3386 specialia,
2740 3314 2878 3368 sunt
2920 3306 3218 3374 verbialia,

635 3416 773 3468 sunt
817 3407 1144 3487 participiis
1189 3407 1426 3476 similia,
1474 3416 1610 3468 sunt
1656 3417 1712 3468 et
1757 3408 1954 3469 verbis
2000 3408 2228 3470 similia.
2294 3411 2440 3470 istae
2469 3418 2607 3470 sunt
2635 3409 2839 3487 viginti
2887 3417 2945 3470 et
2989 3416 3218 3489 septem

638 3510 882 3589 species.
975 3508 1077 3567 sed
1135 3508 1407 3589 quicquid
1466 3509 1643 3570 fuerit
1697 3510 1770 3571 de
1816 3512 1944 3571 istis
1990 3512 2193 3589 viginti
2239 3518 2297 3570 et
2342 3520 2596 3590 septem,
2656 3513 2809 3571 scire
2854 3504 3037 3572 debes
3083 3513 3218 3591 quia
3248 3534 3297 3571 ao

638 3608 1050 3690 appellativum
1100 3618 1205 3669 est.
1297 3611 1457 3670 finita
1504 3610 1784 3690 qualitate
1830 3614 2038 3673 transit
2084 3612 2153 3673 ad
2203 3614 2705 3693 conparationem.

383 1760 499 1818 4:30,
527 1761 592 1809 32

1586 3795 1677 3843 DE
1718 3779 2264 3846 'coNPARAmoNE

440 3908 557 3967 491,
585 3908 614 3955 7
812 3901 1168 3979 Gonparatio
1213 3900 1516 3960 nominum
1563 3902 1640 3961 ita
1687 3900 1923 3962 delinita
1971 3911 2087 3970 est,
2138 3905 2479 3981 conparatio
2525 3913 2612 3964 est
2657 3903 2910 3964 elocutio
2955 3921 3106 3983 quae
3153 3921 3222 3961 ex

642 4001 885 4077 alterins
930 3999 1242 4061 collatione
1290 4001 1539 4063 alterum
1586 4004 1865 4082 praefert.
1952 4005 2032 4064 ita
2077 4004 2433 4065 definierunt
2477 4006 2718 4084 antiqui.
2806 4024 2940 4065 nam
2988 4006 3224 4085 quando

643 4104 775 4165 dico
820 4103 1076 4171 doctior,
1135 4122 1252 4163 non
1299 4109 1493 4183 potest
1536 4106 1710 4165 unius
1756 4123 1917 4172 esse:
1976 4105 2384 4176 doctissimus,
2433 4109 2855 4187 conparatione
2900 4106 3294 4168 multorumss

642 4205 742 4266 ille
789 4205 1179 4266 doctissimus.
1269 4222 1413 4283 ergo
1459 4207 1536 4266 ita
1583 4206 1886 4267 definitum
1934 4215 2039 4267 est.
2119 4210 2460 4287 conparatio
2509 4216 2706 4269 antem
2752 4216 2853 4270 aut
2899 4216 3076 4287 auget
3121 4205 3222 4267 ali-

785 4432 817 4478 4
851 4427 1079 4488 fortasse
1115 4427 1343 4475 invenies
1381 4428 1454 4475 sic
1492 4432 1507 4456 ‘
1529 4429 1756 4477 scribens
1783 4429 1920 4478 illum
1949 4429 2042 4479 hoc
2075 4430 2223 4491 feci’‚
2263 4445 2410 4494 quem
2438 4428 2499 4479 ad
2536 4429 2740 4479 modum
2767 4430 2811 4478 si
2848 4428 2990 4479 dicas
3027 4436 3225 4481 ‘amans

648 4500 786 4548 illum
825 4497 921 4548 hoc
954 4498 1102 4548 seci’.
1155 4497 1398 4558 numquid
1437 4511 1641 4562 possum
1679 4500 1846 4548 dicere
1885 4500 2141 4550 ‘scribens
2178 4501 2315 4550 illius
2341 4499 2439 4549 hoc
2477 4499 2626 4560 feci’,
2664 4514 2812 4564 quem
2842 4501 2905 4548 ad
2938 4502 3145 4551 modum
3182 4502 3224 4550 si

646 4571 787 4620 dieas
818 4573 1028 4617 ‘amans
1062 4566 1199 4616 illins
1238 4566 1333 4615 hoc
1366 4568 1527 4615 seci?‘
1568 4596 1636 4606 —
1667 4585 1693 4617 e
1726 4570 1978 4618 cono-ario
2016 4574 2225 4620 ‘amans
2266 4572 2402 4619 ithus
2435 4585 2615 4620 nomen
2657 4580 2733 4621 est
2840 4570 2905 4620 14
2945 4572 3096 4621 modo
3136 4573 3226 4621 im·

647 4645 878 4705 perativo
905 4652 995 4689 om.
1036 4637 1202 4686 ABG
1341 4637 1403 4690 10
1430 4638 1660 4699 sortasse
1696 4652 1896 4702 tempus
1929 4649 2033 4703 est,
2086 4641 2195 4690 sine
2233 4641 2386 4689 dubio
2424 4655 2548 4705 ergo
2589 4642 2796 4690 verbnm
2828 4650 2923 4690 est.
2981 4642 3024 4690 si
3065 4642 3226 4690 dicam

786 4710 852 4757 22
893 4722 1016 4762 ergo
1053 4707 1236 4770 uiginti
1281 4717 1475 4774 septem
1524 4722 1636 4757 sunt
1679 4710 1880 4759 nomina
1920 4725 2048 4773 quae
2083 4711 2399 4776 appellantur
2441 4711 2751 4776 appellatiua
2787 4719 2905 4759 sunt
2941 4711 3229 4777 corporalia

651 4779 692 4830 C
796 4779 863 4827 26
892 4776 1077 4826 thetica
1114 4776 1282 4829 ABG
1386 4779 1449 4827 27
1487 4790 1601 4829 sunt
1628 4781 1821 4829 ordinis
1857 4791 1975 4830 sunt
2003 4780 2066 4829 ad
2102 4780 2290 4843 aliquid
2326 4780 2411 4829 Ca
2438 4789 2555 4830 sunt
2581 4781 2776 4831 ordinis
2800 4788 2915 4828 sunt
2943 4780 3006 4831 td
3031 4780 3226 4845 aliquid

647 4849 780 4897 dicta
816 4846 935 4897 Ba*
970 4858 1086 4898 sunt
1124 4848 1313 4899 ordinis
1350 4858 1465 4898 sunt
1506 4849 1699 4912 aliquid
1735 4850 1784 4898 A
