3541 5564
767 1426 876 1530 Q.
931 1419 1518 1552 RHEMNII
1573 1423 2429 1539 PALAEMONIS
2486 1431 2735 1529 ARS

1189 1646 1535 1733 Asp
1612 1648 1809 1764 R31
1960 1647 2029 1732 A
2114 1649 2321 1773 Rs

632 2019 1042 2088 Palaemonis
1099 2033 1166 2087 et
1206 2022 1406 2110 Aspri
1450 2034 1623 2110 artes
1668 2022 1950 2110 primum
1993 2022 2211 2088 editae
2255 2035 2406 2089 sunt
2449 2024 2613 2088 Fani
2658 2047 2829 2089 anno
2880 2025 3041 2089 1503

462 2124 586 2189 hoc
628 2123 852 2206 titulo,
913 2103 1044 2206 ‘Qs
1071 2124 1376 2189 ·Rhemnii
1421 2123 1829 2192 Palaemonis
1885 2147 1991 2189 ars
2046 2127 2474 2209 grammatica
2517 2124 2821 2191 secunda.
2910 2128 3040 2191 Ars

463 2229 664 2315 Aspri
718 2227 993 2292 iunioris
1049 2227 1475 2312 grammatici.
1564 2225 1740 2290 Aelii
1782 2227 2028 2292 Donati
2080 2226 2280 2293 editio
2335 2227 2567 2315 prima.
2654 2227 2902 2292 Donati
2959 2226 3043 2291 de

465 2340 611 2395 octo
657 2329 956 2416 partibus
1002 2329 1315 2394 orationis
1361 2328 1562 2394 editio
1608 2329 1913 2393 secunda.
1974 2328 2272 2394 Donatus
2305 2331 2386 2395 de
2414 2328 2841 2394 barbarismo,
2895 2329 3042 2394 Ser-

462 2433 610 2497 vius
655 2440 720 2495 et
766 2431 1032 2516 Sergius
1078 2432 1145 2493 in
1190 2430 1542 2495 secundam
1571 2431 1820 2495 Donati
1864 2430 2236 2497 editionem.
2324 2427 2521 2503 Fani,
2567 2432 2836 2496 Hieron.
2884 2432 3040 2497 Son·

462 2537 646 2600 cinus
691 2533 878 2598 nonis
926 2533 1104 2619 Sept.
1155 2532 1376 2599 1503’.
1448 2533 1517 2596 in
1560 2532 1745 2598 initio
1789 2531 1943 2596 libri
1986 2542 2138 2598 ante
2180 2531 2589 2598 Palaemonis
2636 2543 2841 2616 artem
2885 2532 3039 2618 legi-

464 2646 571 2700 tur
615 2636 1012 2722 epigramma
1055 2634 1311 2700 Ioviani
1354 2634 1659 2726 Pontani‚

465 2825 738 2873 IOVIANI
793 2823 1100 2872 PONTANI
1157 2822 1439 2871 CARMEN
1495 2824 1588 2870 DE
1646 2824 1831 2871 ARTE
1874 2822 2321 2872 PALAEMONIS
2364 2822 2501 2872 PER
2545 2824 2690 2873 EVM
2735 2824 3041 2871 INVENTA

1256 2926 1354 2973 AD
1397 2927 1760 2975 ANTONIVM
1805 2926 2267 2975 PANORMITAM

771 3033 1251 3097 Grammaticae
1294 3042 1514 3119 partes
1559 3053 1749 3095 casus
1796 3042 1862 3097 et
1904 3033 2168 3096 nomina
2209 3039 2535 3096 monstrat

869 3156 975 3198 ars
1019 3156 1194 3216 mea,
1241 3156 1496 3222 quoque
1540 3133 1734 3198 modo
1782 3132 1984 3198 dictio
2029 3154 2321 3219 quaeque
2365 3131 2552 3212 fluat,

769 3236 1008 3322 quidve
1054 3259 1328 3323 sequens
1373 3235 1584 3322 possis
1627 3235 1978 3301 verborum
2022 3256 2291 3299 noscere
2333 3235 2609 3315 formaS,

873 3349 987 3403 aut
1027 3361 1308 3427 quonam
1354 3338 1598 3402 fuerint
1640 3336 1846 3402 verba
1888 3336 2248 3422 premenda
2290 3336 2468 3420 iugo.

771 3451 1028 3507 caetera
1071 3452 1223 3508 sunt
1265 3461 1470 3527 parvo
1514 3441 1795 3527 carptim
1837 3447 2195 3503 memorata
2237 3436 2490 3520 libello,

869 3544 1125 3631 plenius
1170 3554 1321 3609 ante
1365 3551 1537 3608 artes
1580 3563 1747 3628 quae
1790 3540 2066 3607 docuere
2110 3563 2314 3605 meae.

772 3662 842 3717 at
885 3672 986 3713 me
1030 3646 1401 3713 confectum
1443 3644 1616 3709 carie
1659 3644 1966 3733 turpique
2010 3651 2274 3709 senecta

873 3749 1147 3818 rodebat
1188 3772 1443 3814 murum
1487 3747 1683 3812 dente
1727 3745 2019 3812 timenda
2061 3745 2321 3826 cohow,

772 3856 1207 3941 sensissetque
1250 3853 1485 3917 iterum
1529 3847 1821 3923 crudelia
1861 3848 2004 3913 fata
2045 3846 2429 3930 Palaemon,

874 3958 1152 4023 iuvisset
1194 3956 1405 4042 pietas
1449 3953 1549 4035 ni,
1595 3951 1902 4032 Ioviane,
1950 3959 2094 4031 tua,

775 4061 958 4127 cuius
1001 4082 1174 4124 nunc
1217 4056 1463 4122 meritis
1508 4064 1736 4143 optata
1778 4052 2080 4141 perfruor
2122 4074 2317 4135 aura,

875 4162 1123 4228 Antoni
1166 4161 1388 4225 doctos
1432 4161 1645 4223 iussus
1667 4155 1873 4221 ‚adire
1917 4154 2110 4220 lares,
2190 4164 2202 4177 ⁸
2800 4234 2805 4239 .

471 4294 597 4336 non
655 4266 860 4333 multo
917 4263 1315 4349 antiquiores
1369 4272 1584 4325 autem
1638 4281 1832 4345 quam
1884 4257 2130 4322 editum
2186 4257 2518 4343 exemplar
2574 4267 2725 4321 sunt
2789 4257 3044 4321 codices

473 4395 668 4437 manu
714 4368 970 4454 scripti,
1017 4366 1128 4454 qui
1174 4366 1520 4450 utrumque
1563 4361 1800 4426 librum
1845 4358 2191 4441 exhibent,
2236 4343 2542 4424 Vaticani
2593 4359 2749 4422 1491
2784 4367 2849 4421 et
2884 4358 3046 4427 1492

476 4486 542 4539 et
584 4470 966 4558 Reginensis
1015 4468 1210 4549 1818,
1256 4464 1576 4529 chartacei
1620 4484 1841 4528 omnes
1898 4471 1965 4527 et
2020 4470 2296 4526 exeunte
2340 4460 2863 4547 quintodecimo
2909 4484 3042 4525 sae-

474 4575 620 4641 culo
677 4574 940 4661 scripti,
999 4594 1081 4667 ex
1137 4568 1400 4656 quibus
1428 4589 1506 4631 ea
1559 4588 1726 4653 quae
1779 4565 1908 4629 huc
1961 4564 2291 4650 pertinent
2332 4562 2702 4628 adscribam
2724 4564 2809 4647 ²³⁵).
2898 4561 3041 4629 cod.

645 4762 698 4830 *)
734 4764 953 4816 Indices
989 4761 1149 4812 trium
1187 4759 1455 4821 codicum,
1493 4771 1629 4822 quos
1665 4755 1797 4807 olim
1834 4753 2056 4805 exhibui
2092 4753 2239 4805 anal.
2276 4754 2508 4820 gramm:
2537 4753 2699 4804 Halis
2735 4770 2785 4803 a.
2827 4754 2955 4805 1848
2992 4771 3040 4818 p.

478 4852 542 4902 15
579 4855 635 4901 et
667 4850 734 4901 25
766 4849 859 4900 hic
893 4853 1170 4917 repetam,
1209 4850 1269 4896 ut
1292 4859 1478 4896 omnes
1512 4857 1581 4893 ex
1606 4857 1708 4892 uno
1745 4840 1895 4892 fonte
1920 4842 2109 4893 ductos
2134 4855 2255 4892 esse
2280 4839 2568 4907 adpareat.
2616 4839 2735 4892 cod.
2760 4838 2888 4891 Vat.
2916 4841 3040 4890 1491
