3541 5564
1384 333 1857 398 COMMENTVM
2790 327 2918 394 235

2549 441 2796 496 p.813-15
2822 440 2867 482 1..

346 526 637 587 iuvenitur
691 542 1004 604 praesens,
1073 525 1460 605 praeteritum
1527 523 1953 603 inperfectum,
2022 524 2406 603 praeteritum
2472 523 2803 603 perfectum
2862 527 2921 582 et

346 628 987 709 plusquamperfectum
1045 633 1103 688 et
1133 628 1438 699 futurum.
1528 625 1813 687 debemus
1869 624 2135 704 diligenti
2203 626 2433 687 ratione
2485 627 2596 686 ista
2650 631 2919 704 tempora

346 729 620 807 colligere
666 741 723 791 et
765 730 850 789 sic
897 730 1074 790 etiam
1123 731 1205 791 uti
1248 730 1392 808 ipsis
1437 728 1832 809 temporibus,
1881 730 2159 808 quoniam
2189 729 2388 806 gravia
2421 729 2553 788 vitia
2582 729 2667 788 sic
2698 728 2922 787 faciunt

343 832 637 915 plerique:
685 831 855 893 multi
900 831 1170 893 homines
1214 838 1462 892 utuntur
1506 831 1773 911 perfecto
1805 850 1913 911 pro
1946 830 2557 910 plusquamperfectO,
2606 836 2705 889 aut
2749 846 2919 908 prae-

301 937 514 996 nerito
558 953 669 1014 pro
712 936 943 1004 futur0,
1004 944 1103 996 aut
1148 935 1448 1014 praesenti
1493 952 1603 1013 pro
1648 933 2247 1014 plusquamperfecto,
2337 935 2573 993 interim
2619 933 2774 992 scire
2818 930 2919 991 de-

345 1037 445 1099 bes
502 1038 660 1115 ipsas
716 1036 1105 1098 definitiones
1208 1043 1348 1117 puta
1400 1055 1684 1115 praesens
1740 1044 1830 1097 est
1885 1036 2040 1116 quod
2098 1037 2321 1113 agitur,
2382 1035 2537 1114 quod
2594 1036 2655 1097 in
2712 1053 2778 1096 re
2834 1040 2923 1094 est

344 1142 609 1219 penituS,
675 1139 831 1220 quod
877 1146 1018 1201 tunc
1065 1146 1182 1211 est,
1242 1157 1376 1200 cum
1423 1141 1516 1199 fit:
1573 1138 1687 1199 hoc
1735 1147 1824 1199 est
1866 1156 2178 1218 praesens,
2235 1139 2285 1197 si
2330 1137 2490 1200 dicas
2534 1136 2697 1215 lego;
2745 1154 2921 1198 nemo

347 1242 448 1302 tibi
495 1249 691 1322 potest
739 1241 938 1303 dicere
981 1242 1145 1320 lego,
1194 1242 1308 1302 nisi
1355 1243 1456 1322 qui
1501 1240 1696 1302 adhuc
1741 1242 1862 1320 agit
1905 1241 2019 1301 hoc
2063 1241 2340 1302 officium.
2399 1240 2795 1319 inperfectum
2839 1248 2924 1299 est

343 1344 497 1425 quod
555 1346 838 1406 omissum
894 1351 1010 1413 est,
1072 1344 1175 1405 sed
1232 1363 1351 1405 non
1411 1344 1775 1425 conpletum,
1837 1351 1902 1403 ut
1957 1342 2255 1421 legebam:
2316 1344 2415 1422 qui
2470 1341 2610 1403 dicit
2655 1341 2922 1420 legebam

276 1472 320 1511 ιο
345 1447 515 1509 docet
562 1466 625 1508 se
670 1447 892 1508 desisse
936 1465 1046 1508 nec
1092 1446 1428 1527 conplesse:
1477 1447 1590 1508 hoc
1636 1454 1723 1507 est
1765 1446 2190 1526 inperfectum,
2240 1446 2342 1508 ubi
2372 1446 2677 1506 omisimus
2707 1443 2923 1522 aliquid

345 1570 450 1611 nec
498 1549 918 1630 conplevimuS.
1007 1551 1337 1630 perfectum
1397 1557 1515 1621 est,
1570 1549 1674 1611 ubi
1730 1548 2139 1629 conplevimus
2195 1547 2370 1629 paulo
2416 1555 2581 1618 ante,
2629 1546 2729 1608 ubi
2772 1548 2924 1607 iusta

344 1655 466 1732 ipsa
522 1653 813 1732 perfectio
873 1659 989 1721 est,
1047 1652 1105 1712 id
1164 1660 1250 1712 est
1303 1651 1446 1731 legi,
1507 1672 1575 1713 ac
1630 1654 1679 1714 si
1737 1652 1896 1715 dicas
1952 1651 2163 1711 ‘modo
2219 1651 2397 1721 desii,
2454 1652 2569 1711 iam
2615 1656 2813 1710 tamen
2860 1668 2925 1711 rc

343 1759 639 1834 peracta’.
725 1753 1367 1835 plusquamperfectum
1416 1764 1504 1816 est
1553 1754 1725 1839 [iam]
1788 1774 1885 1816 res
1941 1754 2080 1815 olim
2126 1753 2426 1834 conpleta,
2473 1761 2539 1815 ut
2580 1759 2722 1831 puta
2764 1751 2924 1829 lege-

345 1877 486 1921 ram.
580 1857 843 1918 futurum
891 1865 979 1918 est
1022 1857 1180 1937 quod
1226 1858 1478 1918 necdum
1525 1859 1741 1919 factum
1792 1864 1907 1927 est,
1957 1856 2060 1918 sed
2105 1857 2235 1917 fieri
2276 1862 2497 1937 potest,
2544 1854 2733 1932 legam
2780 1856 2925 1915 scri·

275 1981 321 2022 ιε
344 1960 497 2021 bam.
575 1978 718 2038 ergo
765 1962 919 2038 siqui
964 1963 1041 2021 ita
1089 1961 1396 2039 loquatur,
1444 1960 1732 2038 numquid
1779 1979 1896 2021 non
1942 1959 2050 2020 tibi
2096 1959 2323 2019 videtur
2372 1956 2381 2041 Ι
2428 1959 2682 2038 pessime
2727 1957 2924 2037 loqui?

345 2062 508 2123 verbi
557 2081 731 2124 causa
775 2063 1123 2125 festinanter
1155 2064 1316 2125 vadis
1345 2066 1548 2125 nescio
1596 2082 1711 2142 quo
1757 2082 1865 2143 per
1908 2061 2195 2142 plateam,
2244 2062 2508 2121 occurrit
2552 2060 2660 2121 tibi
2706 2060 2931 2121 amicus

344 2173 399 2225 et
443 2165 590 2226 dicit
646 2165 751 2225 tibi
806 2168 959 2244 ‘quo
1004 2165 1238 2226 vadis‘?’
1295 2166 1359 2227 ut
1401 2167 1697 2235 advertas,
1760 2184 1936 2245 quam
1983 2166 2177 2243 gravia
2223 2165 2311 2223 sic
2354 2164 2500 2223 flunt
2542 2163 2697 2224 vitia.
2791 2160 2931 2221 dicit

344 2267 448 2327 tibi
505 2269 658 2347 ‘quo
714 2268 1050 2339 festinas‘l’,
1110 2269 1257 2330 dicis
1312 2267 1416 2329 ‘ad
1475 2269 1830 2329 auditorium
1877 2268 2147 2329 festino'.
2237 2268 2529 2346 ‘quare‘l'
2601 2262 2831 2332 meliuS,
2879 2263 2931 2322 si

341 2368 792 2449 participialiter
844 2373 1033 2432 utaris
1079 2378 1137 2432 et
1180 2371 1340 2432 dicas
1396 2372 1714 2451 ‘quoniam
1772 2370 2034 2431 dicturus
2077 2371 2261 2430 sum'.
2355 2387 2493 2429 ecce
2536 2385 2646 2447 per
2690 2366 2926 2455 partici·
2964 2363 2974 2377 ⁶

272 2492 318 2530 20
343 2475 506 2551 pium
551 2490 696 2532 sane
738 2471 970 2534 locutus
1016 2493 1107 2535 es:
1156 2475 1352 2536 dixisti
1399 2476 1555 2535 enim
1602 2482 1659 2534 te
1705 2471 1961 2534 necdum
2004 2473 2243 2541 fecisse,
2290 2471 2394 2531 sed
2438 2472 2731 2532 facturum
2779 2488 2926 2528 esse.

341 2577 390 2641 si
434 2583 634 2637 autem
679 2577 765 2635 sic
824 2575 1010 2647 dicas,
1057 2576 1208 2656 ‘qno
1267 2577 1546 2637 festinas?
1614 2576 1687 2636 ad
1748 2574 2127 2636 auditorium.
2225 2574 2444 2654 quare?
2514 2571 2691 2632 hodie
2750 2570 2928 2639 dico’,

342 2677 760 2739 soloecismum
789 2679 999 2739 fecisti.
1064 2679 1264 2740 ‘dico’
1311 2682 1468 2740 enim
1513 2698 1632 2739 non
1680 2686 1767 2739 est
1811 2679 1923 2740 nisi
1970 2679 2098 2738 eius
2144 2678 2243 2757 qui
2288 2678 2437 2755 agit,
2486 2675 2587 2755 qui
2632 2677 2749 2735 iani
2794 2674 2932 2734 facit

342 2781 456 2842 hoc
500 2784 718 2862 ipsum.
810 2799 951 2860 ergo
1007 2784 1160 2862 siqui
1207 2780 1348 2843 dicit
1390 2781 1600 2843 ‘hodie
1656 2780 1844 2849 dico',
1904 2782 2003 2861 qui
2047 2780 2239 2842 adhuc
2280 2779 2437 2841 vadit
2479 2777 2551 2840 ad
2597 2776 2929 2847 dicendum,

343 2887 461 2946 iam
491 2884 729 2946 videtur
762 2883 1178 2946 soloecismum
1222 2883 1437 2946 facere.
1501 2883 1574 2944 de
1617 2883 1717 2944 illa
1761 2904 1829 2945 re
1876 2884 2027 2953 dicO,
2076 2884 2149 2944 de
2195 2883 2619 2962 significatione
2664 2883 2931 2961 ipsorum

271 2995 715 3068 astemporum,
775 3006 952 3066 quem
998 2987 1069 3048 ad
1116 2987 1357 3049 modum
1403 2994 1637 3049 utamur
1693 2988 1837 3066 ipsis
1892 2986 2275 3066 temporibus.
2365 2985 2733 3046 desmitiones
2778 2985 2934 3062 ipsas

345 3099 525 3161 tene,
593 3099 651 3150 et
697 3097 840 3150 tunc
884 3089 1210 3168 intellegiS,
1260 3109 1433 3170 quem
1483 3090 1554 3150 ad
1600 3091 1842 3150 modum
1886 3090 1972 3149 uti
2016 3089 2252 3150 debeas
2323 3106 2603 3168 praesens
2648 3092 2737 3146 est
2780 3084 2933 3165 quod

346 3196 574 3270 agitur;
621 3193 1012 3273 inperfectum
1059 3194 1217 3272 quod
1264 3195 1546 3254 omissum
1596 3200 1713 3262 est,
1762 3191 1865 3252 sed
1911 3210 2029 3252 non
2075 3190 2443 3271 conpletum;
2489 3190 2816 3269 perfectum
2850 3194 2936 3248 cst

346 3297 503 3376 quod
553 3294 892 3376 conpletum
941 3304 1055 3367 est,
1103 3296 1209 3358 sed
1254 3294 1430 3376 paulo
1476 3302 1639 3364 ante;
1699 3293 2341 3374 plusquamperfectum
2387 3292 2545 3370 quod
2592 3288 2928 3370 conpletum

346 3406 436 3460 est
481 3399 654 3466 olim;
716 3397 976 3460 futurum
1036 3399 1191 3485 quod
1247 3399 1535 3459 imminet.
1626 3416 1767 3476 ergo
1825 3397 1982 3473 siqui
2037 3396 2192 3457 dicat
2248 3397 2529 3464 ‘festin0,
2577 3396 2710 3474 quia
2759 3393 2933 3454 bodie

272 3502 538 3572 ³0dico',
603 3519 723 3562 non
780 3500 933 3562 bene
986 3501 1278 3585 loquitur,
1338 3520 1407 3561 ea
1463 3501 1693 3560 ratione
1758 3501 2037 3577 quoniam
2094 3518 2212 3558 non
2283 3498 2510 3558 videtur
2567 3496 2679 3557 hoc
2735 3514 2931 3574 agere,

346 3605 449 3666 sed
496 3613 744 3667 acturus
789 3622 936 3664 esse.
1032 3623 1173 3681 ergo
1218 3603 1431 3665 melius
1475 3602 1626 3663 dicit
1661 3602 1963 3663 ‘dicturus
2008 3602 2196 3662 sum'.
2261 3600 2270 3679 Ι

515 3706 671 3768 lllud
705 3708 1035 3783 quaesitum
1068 3713 1173 3776 cst,
1207 3713 1406 3767 utrum
1437 3723 1753 3786 possumus
1776 3705 1973 3765 dicere
2006 3709 2163 3765 ‘cras
2195 3702 2368 3762 dico'.
2417 3700 2645 3762 subtilis
2668 3703 2937 3781 quaestio
2960 3707 3079 3767 414,
3109 3706 3170 3755 15

347 3819 453 3871 est.
516 3808 689 3870 multi
735 3827 879 3886 ergo
924 3811 1284 3889 quaesivere,
1331 3817 1528 3870 utrum
1561 3826 1876 3888 possumus
1908 3806 2107 3867 dicere
2151 3805 2306 3866 ‘cras
2351 3804 2539 3865 dico':
2589 3823 2721 3866 cras
2751 3804 2935 3864 futuri

344 3913 636 3993 temporis
662 3918 764 3981 est,
796 3919 853 3971 et
876 3910 1007 3995 dico
1030 3914 1357 3990 praesentis
1382 3913 1666 3991 temporis
1689 3919 1804 3972 est:
1838 3918 2038 3971 utrum
2061 3910 2247 3989 possit
2269 3909 2420 3970 ratio
2443 3909 2554 3968 ista
2580 3908 2932 3968 consentire.

274 4028 320 4067 ³5
347 4024 404 4076 et
448 4016 750 4083 dixerunt,
799 4032 919 4074 non
964 4021 1173 4093 potest.
1250 4016 1469 4094 quare?
1521 4016 1655 4093 quia
1702 4014 2046 4094 discrepant
2086 4014 2196 4072 ista
2245 4018 2530 4090 tempora.
2609 4029 2753 4088 ergo
2797 4007 2936 4087 quid

346 4117 543 4178 habeo
576 4116 811 4177 dicere?
844 4134 977 4176 nam
1005 4135 1138 4177 cras
1167 4118 1427 4178 futurum
1455 4126 1560 4186 est,
1593 4115 1724 4176 dico
1753 4118 2086 4195 praesentis
2118 4116 2400 4195 temporis
2431 4124 2536 4174 cst.
2581 4131 2722 4191 ergo
2753 4112 2937 4171 mani-

345 4221 571 4282 festum
644 4226 732 4280 est
797 4220 1072 4299 quoniam
1138 4238 1260 4280 non
1314 4238 1630 4300 possumus
1687 4219 1803 4278 hoc
1858 4201 2075 4279 dicerc.
2176 4219 2226 4278 si
2279 4217 2392 4276 hoc
2446 4235 2566 4277 non
2624 4230 2940 4294 possumus

349 4321 574 4391 dicere,
622 4321 763 4402 quid
810 4322 925 4382 iam
974 4320 1260 4384 habemus
1306 4321 1542 4383 dicere?
1585 4321 1697 4382 hoc
1742 4320 2013 4391 dicimus
2063 4323 2228 4382 ‘cras
2274 4320 2517 4380 dicam'.
2594 4317 2698 4378 sed
2744 4318 2793 4377 si
2825 4315 2938 4376 hoc

487 4512 522 4559 4
555 4511 781 4576 plerique
818 4510 959 4559 multi
996 4510 1229 4559 homines
1257 4510 1305 4558 A
1343 4509 1485 4559 multi
1519 4509 1746 4574 plerique
1780 4508 2014 4558 homines
2039 4508 2183 4558 BGa
2289 4509 2320 4556 5
2360 4509 2557 4557 interim
2584 4505 2728 4556 Rea
2757 4506 2938 4554 iterum

349 4579 398 4628 Α
510 4583 542 4630 7
583 4596 695 4629 cum
726 4582 780 4629 tit
806 4580 951 4630 BCa
988 4582 1126 4643 quod
1161 4581 1214 4628 tit
1242 4581 1290 4629 A
1390 4579 1423 4629 8
1460 4579 1793 4644 inperfectum
1835 4579 1967 4642 quod
1995 4579 2140 4628 ABG
2240 4579 2301 4630 11
2344 4579 2476 4628 iusta
2501 4577 2633 4627 BCa
2670 4577 2809 4624 iuxta
2848 4575 2940 4624 Ac

457 4652 523 4701 17
565 4649 735 4717 quam]
769 4653 905 4713 quod
931 4666 1066 4700 corr.
1095 4667 1247 4714 quam
1275 4653 1339 4701 C.-
1361 4651 1591 4710 fortasse
1621 4651 1861 4712 quoniam
1958 4649 2022 4699 18
2048 4650 2275 4710 sortasse
2300 4653 2318 4679 ‘
2336 4649 2559 4711 quare?'
2594 4647 2721 4695 dicis
2753 4650 2770 4676 ‘
2785 4645 2940 4695 hodie

350 4720 523 4773 dico’.
565 4720 746 4771 melius
888 4721 954 4772 23
994 4723 1113 4784 quia
1149 4721 1317 4771 adhuc
1351 4720 1515 4771 ABG
1677 4719 1746 4769 34
1784 4729 1834 4768 et
1867 4719 1981 4769 dico
2019 4720 2301 4784 praesentis
2338 4719 2579 4784 temporis
2610 4724 2687 4766 est
2729 4733 2821 4769 om.
2866 4717 2937 4777 A,

349 4791 534 4909 adast}
600 4791 944 4910 adgansentiri
982 4791 1031 4840 B
1045 4792 1086 4842 C
1222 4791 1288 4842 35
1326 4806 1482 4854 quare
1512 4806 1604 4841 om.
1645 4790 1713 4850 A,
1754 4789 1877 4842 add.
1918 4806 1952 4839 a
2092 4788 2160 4841 38
2192 4790 2311 4853 quid
2352 4792 2449 4838 iam
2490 4788 2734 4837 habemus
2772 4787 2938 4836 dicere

349 4877 442 4911 om.
538 4899 556 4921 ,
708 4897 721 4911 .
753 4877 786 4910 a
