3541 5564
1333 371 1830 468 COMMENTVM·
2749 366 2870 430 145

2501 489 2542 530 p.
2572 479 2747 518 109-11
2776 475 2818 515 L.

294 564 584 626 inveneris
630 563 916 624 diversam
963 561 1413 622 declinationem
1460 560 1951 622 derivativorum?
2006 577 2322 640 sequamur
2369 575 2511 636 ergo
2557 558 2868 617 auctorita·

292 672 435 735 tem,
488 684 608 725 non
652 663 887 744 regulas
932 663 1407 725 derivativorum.
1467 665 1705 724 nomina
1750 662 2065 723 derivativa
2110 663 2236 722 sere
2281 663 2361 722 ita
2408 667 2649 728 exeunt,
2698 660 2758 718 in
2802 677 2872 718 us

292 768 633 847 frequenter
680 768 932 847 penitus,
982 765 1176 826 tabula
1224 763 1452 825 macula
1498 764 1694 825 sabula
1743 762 2038 824 vinculum
2086 761 2442 824 monticulus
2488 760 2870 822 scholasticu-

296 867 375 928 lus
429 868 786 929 fonticulus:
847 868 1061 928 crebro
1118 870 1202 929 sic
1260 876 1504 936 exeunt:
1573 867 1708 927 ideo
1765 885 1907 945 ergo
1963 874 2022 927 et
2080 875 2283 925 notum
2330 872 2434 925 est.
2524 863 2628 924 sed
2677 871 2870 923 tamen

249 972 441 1031 5scire
489 970 673 1031 debes
719 990 850 1031 esse
894 970 1087 1048 aliqua
1144 971 1379 1030 nomina
1427 988 1575 1048 quae
1617 971 1701 1029 sic
1746 976 1987 1039 exeunt,
2034 988 2207 1048 quem
2256 968 2327 1028 ad
2374 967 2610 1027 modum
2660 972 2877 1026 exeunt

295 1074 467 1132 etiam
515 1071 887 1140 diminutiva,
936 1090 1046 1131 nec
1091 1079 1290 1132 tamen
1338 1071 1679 1131 diminutiva
1725 1078 1881 1132 sunt.
1959 1073 2011 1132 si
2054 1071 2211 1131 dicas
2257 1068 2606 1138 fonticuluS,
2656 1066 2873 1147 quare?

293 1175 421 1253 quia
482 1182 572 1234 est
626 1174 772 1233 lons,
865 1175 913 1233 si
973 1173 1132 1234 dicas
1188 1172 1571 1242 monticuluS,
1621 1179 1842 1250 quare?
1898 1175 2034 1253 quia
2082 1181 2172 1233 cst
2217 1192 2404 1233 mons.
2498 1191 2529 1231 e
2576 1170 2875 1231 contrario

295 1275 530 1354 quando
587 1275 838 1335 dicimus
894 1274 1088 1335 tabula
1140 1275 1389 1348 sabula,
1438 1295 1552 1354 quo
1598 1276 1774 1336 modo
1820 1295 2134 1355 possumus
2178 1275 2379 1335 dicere
2424 1273 2878 1334 diminutionem

238 1375 250 1390 ’
294 1396 453 1445 esse,
503 1376 647 1437 dum
692 1395 866 1437 nemo
913 1376 1055 1436 dicit
1100 1375 1260 1437 tabul
1305 1376 1501 1437 fabul?
1559 1397 1701 1456 ergo
1746 1379 1854 1437 ista
1901 1377 2042 1457 quid
2090 1376 2392 1438 dicemus?
2447 1394 2594 1436 sono
2640 1373 2877 1454 quidem

226 1503 271 1542 10
295 1478 668 1546 diminutiva,
717 1478 1016 1540 intellectu
1064 1477 1428 1558 principalia.
2755 1486 2784 1498 ‘

457 1581 611 1641 Sunt
671 1581 814 1640 item
870 1583 1107 1641 nomina
1166 1588 1285 1639 tota
1341 1599 1584 1658 graeca,
1655 1588 1775 1641 tota
1844 1580 2049 1651 latina,
2114 1577 2395 1662 [penitus]
2455 1579 2665 1640 media.
2757 1587 2883 1638 tota
2904 1587 3082 1650 429,6

292 1700 499 1761 graeca
559 1693 699 1743 sunt
766 1700 914 1759 quae
968 1684 1205 1761 penitus
1260 1701 1472 1760 graece
1531 1682 1934 1753 declinantur,
1999 1691 2116 1744 tota
2184 1682 2364 1743 latina
2434 1700 2585 1761 quae
2646 1681 2880 1759 penitus
2947 1708 2950 1710 ·

292 1783 469 1845 latine
539 1784 942 1853 declinantur,
1014 1785 1203 1844 media
1262 1795 1398 1844 sunt
1467 1801 1617 1862 quae
1687 1803 1759 1844 ex
1815 1792 1982 1864 parte
2040 1785 2047 1865 Ι
2107 1803 2318 1864 graeca
2375 1792 2536 1852 sunt,
2598 1801 2670 1841 ex
2714 1788 2882 1861 parte

292 1885 468 1948 latina
542 1892 700 1946 suut.
792 1893 911 1946 tota
977 1903 1188 1963 graeca
1258 1894 1396 1946 sunt
1460 1887 1764 1946 Themisto
1833 1886 2097 1966 Calypso.
2203 1896 2262 1946 et
2327 1887 2528 1964 accipe
2593 1883 2880 1961 regulam,

227 2013 269 2053 15
293 1991 536 2068 penitus
568 2007 744 2068 quam
794 1989 1076 2066 sequaris,
1140 1989 1334 2048 omnia
1383 1989 1637 2063 nomina,
1688 2008 1837 2068 quae
1885 2011 1919 2048 o
1967 1990 2356 2048 terminantur
2402 1986 2556 2066 apud
2602 1987 2881 2055 GraecoS,

293 2098 409 2151 tota
457 2108 675 2167 graeca
721 2096 881 2148 sunt:
929 2091 1212 2150 feminina
1261 2091 1416 2150 enim
1465 2098 1631 2160 suut,
1680 2098 1738 2150 et
1783 2110 1900 2151 non
1950 2099 2042 2150 est
2084 2089 2253 2149 aliter
2300 2107 2474 2168 quem
2521 2089 2592 2149 ad
2639 2089 2881 2148 modum

293 2192 566 2252 dicantur
610 2190 822 2260 latine,
870 2192 983 2251 nisi
1029 2193 1115 2252 sic
1159 2211 1337 2271 quem
1384 2192 1457 2252 atl
1504 2192 1743 2252 modum
1791 2193 1943 2253 dicta
1989 2199 2127 2252 sunt
2171 2198 2229 2251 et
2272 2209 2501 2268 graece.
2577 2190 2881 2252 Themisto

295 2293 435 2354 dicit
465 2297 761 2362 GraecuS,
811 2299 869 2352 et
897 2292 1141 2353 Latinus
1172 2294 1475 2355 Themisto
1523 2294 1691 2363 dicit:
1740 2294 1985 2374 Calypso
2032 2295 2174 2354 dicit
2204 2294 2497 2364 Graecus,
2546 2301 2605 2354 et
2646 2292 2885 2352 Latinus

290 2397 367 2457 ita
413 2397 578 2457 dicit.
674 2395 785 2454 boc
831 2403 919 2454 est
963 2414 1181 2455 nomen
1227 2403 1415 2455 totum
1460 2414 1757 2473 graecum.
1839 2403 2027 2456 totum
2073 2395 2318 2456 latinum
2365 2402 2454 2455 est
2498 2394 2658 2471 quod
2702 2393 2922 2453 latine·

219 2520 266 2560 ευ
290 2500 531 2578 penitus
580 2495 937 2566 declinatur,
987 2497 1158 2558 aliter
1189 2516 1305 2557 non
1350 2508 1563 2576 potest.
1629 2500 1889 2558 Graecus
1934 2497 2076 2558 dicit
2105 2497 2429 2577 OdysseuS,
2463 2496 2705 2557 Latinus
2747 2495 2888 2557 dicit

291 2600 519 2661 Vlixes:
584 2617 729 2677 ergo
768 2599 960 2659 Vlixes
1006 2606 1193 2659 totum
1239 2598 1481 2659 latinum
1529 2607 1633 2659 est.
1711 2599 2072 2680 Polydeuces
2118 2600 2261 2660 dicit
2304 2601 2595 2668 GraecuS,
2643 2599 2887 2659 Latinus

290 2701 528 2763 Pollux:
582 2719 727 2778 ergo
773 2699 979 2760 Pollux
1027 2707 1212 2761 totum
1259 2700 1509 2762 latinum
1567 2710 1672 2761 est.
1764 2701 2011 2762 nothum
2075 2711 2164 2762 est
2210 2702 2367 2781 quod
2412 2700 2618 2761 ultima
2664 2700 2886 2781 syllaba

290 2806 703 2883 corrumpitur
731 2810 788 2862 et
818 2802 1118 2881 prioribus
1148 2822 1462 2864 commune
1495 2811 1598 2874 est,
1625 2812 1763 2883 puta
1787 2804 2078 2885 Achilleys
2110 2811 2170 2864 et
2191 2803 2475 2873 Achilles:
2511 2823 2650 2864 ecce
2682 2804 2886 2864 ultima

238 2956 241 2957 ν
289 2906 518 2988 syllaba
569 2906 988 2984 corrumpitur,
1037 2914 1297 2966 ceterum
1344 2908 1575 2985 priores
1619 2914 1889 2966 manent:
1935 2916 1998 2967 ut
2042 2914 2179 2986 puta
2209 2906 2484 2966 Memnon
2532 2914 2592 2965 et
2621 2906 2885 2973 Memno:

216 3009 501 3073 25ultima
561 3006 782 3086 syllaba
840 3014 1120 3086 corrupta
1176 3016 1265 3067 est
1322 3014 1380 3067 et
1435 3009 1669 3087 priores
1713 3018 1969 3070 manent.
2061 3008 2209 3069 haec
2253 3010 2331 3068 ita
2378 3008 2686 3076 dicuntur,
2735 3026 2887 3087 quae

289 3110 476 3172 notha
538 3119 680 3170 sunt
734 3116 792 3170 et
833 3127 1064 3187 graeca.
1155 3110 1261 3169 sed
1316 3111 1470 3169 scire
1528 3108 1815 3170 debemus
1859 3112 1992 3189 quia
2040 3116 2099 3169 et
2142 3109 2240 3169 illa
2297 3128 2446 3188 qnae
2493 3117 2632 3170 sunt
2673 3128 2889 3188 graeca

290 3214 502 3290 quavis
553 3211 758 3289 regula
805 3210 1197 3280 declinantur,
1245 3213 1365 3271 sive
1411 3228 1623 3289 graeca
1668 3212 1788 3271 sive
1833 3210 2032 3271 latina.
2125 3211 2264 3272 licet
2308 3211 2452 3271 mihi
2499 3211 2698 3272 dicere
2743 3212 2890 3273 haec

288 3315 442 3376 Dido
492 3315 671 3375 huius
704 3313 917 3394 Didoys
962 3312 1098 3374 huic
1132 3312 1317 3374 Didoe
1364 3311 1515 3373 hanc
1547 3313 1693 3373 Dido
1740 3332 1777 3373 o
1809 3312 1986 3383 Dido,
2036 3320 2095 3374 et
2143 3311 2149 3395 Ι
2198 3296 2336 3374 licet
2378 3314 2522 3373 mihi
2568 3313 2769 3375 dicere
2802 3314 2892 3393 [et

287 3414 506 3497 latine]
546 3414 695 3475 haec
728 3415 874 3475 Dido
904 3416 1079 3476 huius
1110 3414 1352 3476 Didonis
1394 3414 1529 3475 huic
1562 3416 1772 3476 Didoni
1805 3422 1863 3475 et
1892 3415 2135 3495 reliqua.
2198 3433 2341 3493 ergo
2374 3424 2433 3476 et
2462 3434 2674 3494 graece
2706 3415 2889 3477 decli-

213 3538 507 3583 aonamus
569 3524 628 3576 et
685 3518 863 3577 latine
912 3536 1127 3578 nomen
1173 3526 1358 3578 totum
1404 3534 1703 3595 graecum.
1794 3519 1937 3577 item
1985 3516 2231 3598 [totum]
2282 3516 2530 3578 nothum
2576 3525 2635 3578 et
2676 3535 2890 3596 graece

288 3620 676 3680 declinamus
734 3627 792 3678 et
835 3618 1042 3691 latine,
1100 3620 1377 3680 Memnon
1431 3620 1779 3681 Memnonos
1833 3619 2132 3680 Memnoni
2198 3619 2538 3690 Memnona3
2598 3627 2656 3680 et
2709 3620 2890 3680 latine

286 3740 543 3801 possum
593 3718 893 3781 declinare
937 3722 1171 3782 Memno
1215 3723 1545 3783 Memnonis
1588 3723 1907 3783 Memnoni.
1971 3740 2108 3782 nam
2154 3721 2502 3802 producitur
2543 3723 2591 3781 i:
2639 3721 2891 3800 legimus

432 3895 467 3943 2
514 3892 724 3941 nomina
766 3893 1051 3941 deriuatiua
1080 3893 1227 3943 Bca
1279 3894 1485 3944 nomina.
1528 3892 1929 3942 deriuatiuorum
1971 3891 2040 3943 A.
2084 3893 2313 3954 sortasse
2349 3895 2554 3943 nomina
2591 3893 2892 3943 diminutiva

295 3964 403 4013 fere
440 3965 518 4012 ita
555 3966 760 4023 exeunt,
803 3963 853 4010 in
891 3965 969 4012 lus
1008 3964 1295 4025 frequenter
1327 3965 1547 4029 penitus,
1586 3963 1891 4011 monticulus
1932 3961 2321 4013 scholasticulus
2360 3962 2662 4013 fonticulus:
2714 3964 2890 4012 crebro

291 4035 368 4083 sic
424 4042 622 4082 exeunt
678 4033 882 4081 nomina
931 4033 1258 4095 diminutiva3
1310 4035 1425 4082 ideo
1461 4048 1586 4098 ergo
1633 4042 1681 4081 et
1722 4042 1895 4083 notum
1933 4042 2027 4084 est.
2102 4048 2215 4083 nam
2261 4049 2391 4099 quae
2433 4035 2726 4097 interposita
2762 4040 2891 4095 sunt,

291 4104 470 4153 tabula
516 4103 721 4150 macula
761 4102 930 4152 fabula
972 4102 1253 4163 vinculum,
1297 4104 1369 4151 ad
1412 4106 1635 4168 regulam
1668 4103 1858 4152 Donati
1896 4103 1959 4152 de
1996 4105 2144 4168 quasi
2176 4104 2474 4154 diminutivis
2503 4105 2757 4168 pertinent

292 4174 364 4221 ita
403 4180 605 4222 exeunt
640 4172 785 4223 BCa
826 4173 894 4221 ita
932 4181 1051 4222 sunt
1088 4171 1137 4219 A
1163 4173 1233 4233 (2²)
1374 4176 1409 4223 4
1446 4173 1620 4222 crebra
1658 4173 1735 4222 sic
1769 4180 1956 4222 exeunt
1995 4174 2043 4222 A
2082 4175 2256 4223 crebro
2292 4176 2497 4222 nomina
2534 4175 2607 4222 sic
2644 4180 2829 4222 exeunt
2856 4173 2898 4222 C

292 4244 476 4293 crebra
516 4244 729 4291 nomina
775 4243 850 4291 sic
897 4252 1085 4292 exeunt
1128 4243 1223 4292 Ba
1362 4244 1393 4290 6
1431 4244 1474 4291 si
1516 4243 1657 4292 dicas
1702 4243 1752 4292 A
1792 4245 1835 4293 si
1879 4244 2108 4293 dicamus
2146 4244 2294 4294 BCa
2433 4245 2461 4292 7
2505 4245 2548 4291 si
2583 4244 2725 4293 dicas
2761 4243 2810 4290 Α
2849 4244 2892 4292 si

292 4315 537 4363 dicamus
574 4312 715 4363 Rea
855 4312 888 4362 8
924 4311 1097 4361 fabula
1137 4326 1227 4365 om.
1271 4312 1434 4361 ABG
1570 4311 1604 4361 9
1640 4328 1789 4361 nemo
1823 4315 1957 4363 dicat
1993 4313 2101 4363 AB
2242 4315 2339 4364 ista
2373 4313 2588 4363 dicimus
2626 4312 2745 4376 quid
2783 4313 2896 4363 AB

441 4384 511 4433 12
563 4392 668 4431 tota
713 4382 869 4432 latina
906 4397 1033 4446 quae
1073 4384 1274 4447 penitus
1313 4383 1466 4431 latine
1502 4382 1821 4433 declinantur
1857 4400 1948 4434 om.
1991 4386 2067 4449 A,
2103 4384 2224 4434 add.
2263 4400 2295 4433 a
2469 4383 2534 4434 19
2569 4383 2776 4431 latinum
2818 4391 2894 4433 est

292 4453 480 4504 BCa:
537 4461 618 4501 est
654 4468 745 4504 om.
787 4451 836 4499 A
976 4452 1044 4501 ⁰20
1089 4468 1273 4518 graece
1321 4453 1443 4501 dicit
1481 4452 1702 4515 odyseus
1743 4453 1898 4502 latine
1934 4452 2057 4502 dicit
2096 4454 2258 4504 olixes
2296 4453 2486 4517 (ulixes
2521 4460 2576 4511 a)
2616 4452 2664 4500 A
2711 4452 2894 4518 graece

294 4526 490 4573 dicitur
526 4522 755 4586 odyseus
791 4522 1058 4587 (odisseus
1084 4523 1160 4584 B)
1198 4521 1349 4571 latine
1387 4522 1569 4572 dicitur
1606 4524 1768 4574 olixes
1798 4524 2000 4589 (otyxes
2031 4524 2090 4581 C)
2129 4524 2232 4573 BC
2402 4524 2465 4574 21
2502 4538 2625 4588 ergo
2664 4526 2827 4571 ulixes
2862 4540 2896 4572 a

296 4609 424 4660 ergo
453 4591 631 4643 ulixes
660 4592 773 4641 AB
796 4607 921 4657 ergo
959 4592 1138 4656 ulyxes
1164 4592 1205 4641 C
1295 4595 1361 4642 22
1404 4593 1611 4641 latinum
1651 4602 1727 4642 est
1763 4594 1969 4642 nothum
1995 4593 2167 4643 BCa:
2206 4602 2282 4643 est
2307 4609 2395 4643 om.
2426 4594 2473 4642 A
2570 4594 2637 4643 25
2667 4594 2898 4655 sortasse
2953 4616 2958 4619 ·

294 4663 426 4713 haec
471 4673 649 4712 autern
683 4663 919 4711 dicuntur
957 4661 1125 4722 notha,
1167 4663 1286 4724 quia
1316 4671 1432 4711 sunt
1469 4670 1517 4711 et
1552 4677 1738 4729 graeca
1775 4672 1823 4713 et
1862 4663 2014 4711 latina
2128 4662 2195 4713 26
2233 4665 2350 4725 quia
2388 4663 2473 4713 illa
2503 4662 2606 4713 BC
2710 4665 2895 4727 queuis

295 4750 328 4780 a
368 4732 618 4797 quamuis
657 4732 828 4781 ABG
995 4732 1062 4781 25
1100 4731 1251 4780 huius
1288 4732 1471 4797 didoys
1510 4730 1627 4781 Ca*
1666 4733 1819 4782 huius
1856 4732 2026 4781 didois
2062 4734 2111 4783 B
2167 4732 2319 4782 huius
2371 4734 2574 4783 didonis
2609 4732 2755 4797 A(?)

292 4803 365 4854 28
403 4805 587 4853 dicere
627 4811 675 4849 et
713 4802 867 4850 latine
904 4802 951 4851 A
988 4811 1036 4852 et
1077 4801 1232 4850 latine
1268 4803 1438 4851 dicere
1473 4802 1618 4852 BCa
1758 4802 1826 4852 32
1859 4805 2088 4865 sortasse
2127 4803 2344 4870 legimus
2382 4805 2431 4853 iu
2471 4803 2646 4853 Plauto
2685 4804 2894 4854 Creoni:

296 4875 464 4923 Creon
499 4873 726 4920 dicimus
762 4871 976 4921 Graece:
1013 4872 1084 4933 cf.
1128 4873 1294 4927 Ρὶατιι,
1339 4871 1512 4937 Ample.
1555 4873 1573 4921 l
1616 4873 1662 4935 1,
1700 4871 1768 4924 39
1802 4873 2010 4938 regique
2047 4873 2291 4923 Thebano
2329 4873 2508 4923 Creoni
2543 4889 2756 4941 regnum
2794 4883 2896 4924 sta-

401 4966 521 5006 GRA
532 4962 573 5003 M
582 4961 769 5003 MATIO
802 4962 975 5003 {Armi
1008 4964 1058 5003 V.
2413 4956 2494 5021 10
