3541 5564
339 3639 454 3692 6:20,
484 3639 540 3684 12

577 285 702 348 642
1691 290 2052 355 MAeneBu

631 408 671 447 p.
702 400 787 437 1563.
818 398 867 437 57
898 396 948 435 V.

880 496 992 545 ne,
1042 480 1290 557 pueri,
1343 498 1427 539 ne
1475 487 1677 540 tanta
1725 482 2003 539 animis
2049 482 2472 540 assuescite
2520 479 2749 549 bella,

880 599 1017 640 neu
1063 583 1357 660 patriae
1405 580 1691 641 validas
1737 583 1811 641 in
1857 582 2162 641 viscera
2207 583 2484 641 vertite
2533 585 2734 642 vires

578 701 685 759 pro
733 701 805 741 ne
852 691 1045 760 petaS,
1093 701 1209 742 neu
1255 682 1495 751 credas,
1544 702 1617 742 ue
1664 685 2047 752 assuescatiS,
2096 701 2213 743 neu
2257 685 2521 744 vertatis.
2583 692 2775 744 amato
2821 694 3022 744 amalo
3068 687 3164 744 vel

577 793 733 844 amet
787 794 1047 845 amatote
1101 792 1300 844 ament
1355 785 1445 845 vel
1505 793 1766 854 amante,
1832 785 2039 844 doceto
2095 786 2301 845 doceto
2351 786 2435 846 vel
2484 786 2689 846 doceat
2736 786 3006 846 docetote
3054 785 3157 844 do-

578 895 749 946 ceant
795 885 883 945 vel
929 887 1207 955 docent0,
1257 887 1457 947 audito
1504 886 1700 947 audito
1732 888 1821 947 vel
1868 886 2070 947 audiat
2115 887 2378 947 auditote
2426 888 2667 948 audiant
2712 887 2801 947 vel
2847 888 3154 956 audiunto,
3186 901 3213 938 ὃ

579 979 760 1065 legito
807 989 987 1066 legito
1036 988 1122 1048 vel
1168 988 1324 1065 legat
1367 989 1609 1066 legitote
1656 989 1854 1066 legant
1898 989 1987 1048 vel
2035 989 2290 1067 legante.
2353 976 2361 994 ⁸

746 1092 933 1151 Omne
981 1091 1391 1170 imperativum
1436 1094 1733 1170 passivum
1780 1093 2066 1170 temporis
2110 1092 2442 1170 praesentis
2489 1091 2646 1151 idem
2693 1093 2810 1151 erit
2854 1091 3011 1170 quod
3057 1094 3161 1150 in-

571 1196 731 1264 finiti
772 1192 930 1252 modi
978 1194 1152 1252 activi
1199 1211 1509 1272 praesens,
1561 1212 1756 1254 amare
1791 1192 2006 1252 docere
2055 1194 2260 1253 audire
2307 1192 2523 1270 legere.
2586 1195 2756 1253 cuius
2799 1194 2973 1253 tertia
3020 1211 3158 1272 per-

578 1313 715 1355 sona
764 1290 836 1354 de
880 1297 1056 1354 tertia
1105 1297 1204 1355 fiet
1246 1297 1418 1356 activi
1479 1297 1809 1373 praesentis
1853 1296 2048 1355 addita
2095 1314 2167 1365 ur
2210 1293 2460 1375 syllaba,
2521 1302 2678 1354 amet
2722 1304 2983 1362 ametur,
3031 1314 3157 1355 mo-

579 1406 717 1457 neat
775 1407 1114 1465 moneatur,
1173 1398 1387 1458 audiat,
1430 1398 1731 1465 audiatur,
1793 1397 1951 1474 legat
2007 1397 2256 1473 legatur.
2347 1397 2605 1457 secunda
2650 1396 2897 1476 pluralis
2943 1415 3016 1456 ex
3061 1416 3157 1455 se·
3188 1414 3238 1450 10

579 1500 771 1559 cunda
815 1502 1011 1558 veniet
1055 1498 1264 1577 plurali
1312 1502 1647 1578 praesentis
1692 1502 1868 1559 activi
1897 1509 1958 1559 te
1992 1499 2192 1560 ultima
2226 1501 2284 1557 in
2320 1499 2462 1558 mini
2499 1498 2754 1577 syllabas
2783 1505 3158 1567 commutata,

579 1609 768 1661 amate
816 1602 1123 1669 amamini,
1173 1609 1404 1661 monete
1452 1603 1804 1671 monemini,
1853 1601 2049 1662 audite
2097 1600 2414 1669 audimini,
2464 1600 2641 1677 legite
2686 1599 2973 1677 legimini.
3036 1609 3157 1659 ter-

580 1679 692 1763 tia⁰
717 1703 965 1782 pluralis
1013 1688 1097 1763 ¹ea:
1152 1707 1331 1764 tertia
1385 1706 1583 1763 veniet
1640 1703 1857 1783 plurali
1916 1704 2249 1783 praesentis
2305 1704 2480 1761 activi
2540 1720 2610 1761 ur
2656 1701 2852 1762 addita
2910 1702 3157 1780 syllaba,

579 1812 776 1865 anteiit
844 1812 1141 1874 amentur,
1214 1813 1490 1866 moueant
1544 1815 1931 1874 moneantur,
2007 1805 2205 1883 legant
2268 1806 2561 1880 legantur.
2650 1821 2860 1865 amare
2924 1813 3163 1864 ametur

578 1924 847 1968 amemur
889 1912 1179 1968 amamini
1218 1916 1525 1982 amentur,
1584 1927 1829 1969 monere
1885 1916 2194 1968 moneatur
2248 1927 2595 1969 moneamur
2650 1909 2975 1968 monemini
3032 1926 3157 1966 mo-
3189 1925 3240 1961 ιτ»

578 2017 860 2078 neantur,
920 2009 1125 2069 audire
1183 2011 1458 2071 audiatur
1516 2011 1829 2086 audiamur
1886 2010 2174 2070 audimini
2242 2011 2590 2079 audiantur,
2660 2011 2858 2088 legere
2925 2009 3159 2086 legatur

577 2112 842 2189 legatum·
897 2112 1164 2188 legimini
1219 2113 1507 2189 legantur.
1600 2130 1772 2173 omne
1817 2115 2084 2172 futurum
2142 2119 2374 2191 tempus
2421 2114 2717 2191 passivum
2764 2112 2921 2172 modi
2969 2113 3158 2190 impe-

578 2216 751 2273 rativi
811 2234 879 2273 ex
939 2235 1044 2274 suo
1100 2217 1200 2273 liet
1258 2217 1447 2274 activo
1505 2215 1701 2274 addita
1748 2233 1778 2273 r
1824 2214 2052 2282 littera,
2100 2222 2167 2273 ut
2212 2224 2404 2275 amato
2450 2225 2706 2284 amator,
2754 2222 2990 2297 moneto
3035 2232 3160 2272 1110-

577 2323 777 2385 netor,
835 2316 1034 2375 audito
1090 2315 1352 2384 auditor,
1412 2316 1594 2393 legito
1641 2316 1876 2393 legitor.
1939 2313 1947 2395 Ι
2011 2319 2186 2376 tertia
2233 2324 2332 2376 aut
2376 2316 2581 2377 cadem
2627 2318 2744 2399 erit
2787 2336 2937 2396 quae
2985 2334 3158 2394 prae-

574 2420 790 2485 sentis,
855 2425 1086 2478 ametur
1140 2427 1451 2477 moueatur
1507 2417 1781 2479 audiatur
1835 2418 2093 2495 legatur,
2155 2427 2255 2478 aut
2310 2437 2424 2479 una
2484 2419 2808 2498 eademque
2856 2437 2996 2477 voce
3043 2436 3158 2496 qua
3188 2436 3238 2471 ευ

576 2519 833 2580 secunda
882 2522 1248 2598 proferetur,
1298 2522 1381 2579 sie
1429 2528 1492 2578 ut
1536 2522 1597 2579 in
1645 2523 1836 2580 activo
1878 2522 2097 2588 futuro,
2148 2529 2374 2581 amator
2420 2527 2665 2589 amator,
2713 2529 2986 2580 monetor
3031 2539 3158 2579 mo-

576 2631 745 2682 netor
802 2629 862 2680 et
916 2621 1163 2699 reliqua.
1254 2622 1512 2682 secunda
1570 2622 1816 2701 pluralis
1872 2624 2137 2683 eiusdem
2183 2625 2469 2702 temporis
2515 2641 2588 2682 ex
2633 2622 2891 2682 secunda
2937 2623 3157 2681 sorma-

580 2723 741 2784 bitur
787 2725 963 2784 activi
1010 2723 1225 2802 plurali
1273 2726 1559 2804 temporis
1604 2724 1871 2785 eiusdem
1919 2732 2039 2785 tote
2085 2725 2328 2805 syllabis
2375 2726 2435 2785 iu
2479 2725 2675 2784 minor
2721 2725 3043 2793 conversis,
3095 2732 3162 2782 ut

575 2834 827 2885 amatote
896 2827 1251 2899 amaminor,
1318 2835 1616 2886 monetote
1683 2829 2082 2896 moneminor,
2153 2828 2414 2887 auditote
2474 2828 2839 2896 audiminor,
2910 2827 3158 2902 legitote

576 2926 909 3005 legiminor.
1000 2930 1175 2986 tertia
1233 2927 1481 3007 pluralis
1536 2929 1802 2988 eiusdem
1861 2931 2146 3007 temporis
2199 2940 2301 2989 aut
2357 2929 2561 2990 eadem
2619 2931 2736 2989 erit
2780 2947 2930 3008 quae
2977 2945 3152 3007 prae·
3183 2946 3234 2984 25

576 3031 789 3098 sentiS‚
839 3037 938 3090 aut
983 3047 1053 3088 ex
1103 3032 1272 3090 tertia
1321 3032 1517 3089 veniet
1563 3033 1747 3091 activa
1797 3033 2028 3090 numeri
2086 3032 2354 3092 eiusdem
2413 3040 2473 3090 et
2517 3033 2804 3116 temporis
2850 3029 3047 3091 addita
3095 3031 3155 3087 in

578 3130 780 3191 ultima
827 3150 856 3191 r
902 3132 1132 3200 littera,
1184 3141 1247 3192 ut
1291 3141 1525 3193 amanto
1570 3139 1865 3201 amantor,
1920 3133 2170 3192 docento
2216 3134 2526 3202 docentor,
2577 3134 2861 3192 audiunto
2907 3131 3158 3191 audiun-

579 3242 696 3302 tor,
748 3235 987 3311 legunto
1034 3232 1328 3309 leguntor.
1419 3243 1646 3294 amator
1692 3243 1919 3295 amator
1965 3236 2053 3295 vel
2103 3244 2333 3296 ametur
2379 3238 2705 3297 amaminor
2750 3241 3022 3294 amentur
3070 3232 3158 3292 vel

576 3345 873 3405 amantor,
932 3343 1202 3395 monetor
1263 3344 1533 3397 monetor
1589 3337 1680 3396 vel
1728 3345 2038 3398 moneatur
2083 3341 2454 3398 moneniinor
2502 3343 2853 3397 moneantur
2898 3336 2985 3395 vel
3021 3349 3157 3394 'mo-

573 3447 814 3507 nentor,
875 3437 1107 3498 auditor
1165 3439 1399 3498 auditor
1456 3439 1542 3498 vel
1599 3425 1875 3499 audiatur
1929 3440 2263 3500 audiminor
2317 3439 2633 3501 audiantur
2678 3438 2768 3498 vel
2816 3438 3156 3505 audiuntor,
3186 3458 3238 3494 ao

577 3539 794 3617 legitor
839 3540 1053 3616 legitor
1101 3540 1188 3599 vel
1234 3540 1466 3617 legatur
1511 3541 1826 3618 legiminor
1868 3539 2141 3619 legantur
2186 3543 2274 3602 vel
2321 3541 2612 3619 leguntor.

748 3641 830 3701 De
877 3644 1133 3720 optativo
1181 3643 1371 3703 modo.
1463 3645 1521 3702 in
1569 3628 1680 3702 hoc.
1725 3645 1899 3703 etiam
1946 3645 2117 3704 modo
2161 3646 2493 3730 communis
2523 3643 2766 3703 Graecis
2809 3641 3159 3721 Latinisque

573 3746 842 3823 quaestio
888 3754 1091 3804 exorta
1140 3753 1256 3814 est,
1326 3749 1373 3805 si
1430 3748 1822 3824 praeteritum
1883 3754 2113 3824 tempus
2159 3748 2345 3824 possit
2389 3745 2728 3813 admittere,
2776 3745 2917 3822 quia
2963 3742 3161 3803 nullus

574 3864 848 3925 umquam
896 3863 1044 3924 quae
1107 3851 1221 3907 iam
1279 3850 1432 3907 facta
1478 3856 1617 3906 sunt
1660 3854 1886 3925 sperat,
1950 3866 2083 3908 cum
2129 3850 2349 3908 infecta
2394 3848 2524 3907 fieri
2570 3865 2684 3905 non
2732 3847 2992 3924 possint,
3053 3846 3156 3905 sed

573 3949 633 4007 in
681 3965 964 4028 praesens
1013 3948 1099 4007 vel
1146 3951 1206 4008 in
1253 3951 1518 4009 futurum
1564 3949 1787 4028 aliquid
1834 3956 2089 4027 optetur.
2170 3950 2271 4010 sed
2318 3957 2681 4008 transactum
2726 3964 2958 4025 quoque
3006 3955 3156 4006 tem-
3185 3967 3236 4004 35

573 4069 682 4128 pus
729 4052 956 4128 optanti
1004 4053 1405 4111 necessarium
1454 4050 1834 4130 adprobatur.
1927 4069 2060 4111 uam
2107 4071 2315 4130 saepe,
2375 4069 2507 4111 eum
2557 4052 2617 4110 in
2663 4049 3005 4128 longinquis
3050 4048 3157 4108 ali-

572 4154 706 4231 qu1s
762 4152 1119 4213 constitutus
1176 4153 1247 4212 de
1305 4171 1368 4212 re
1430 4171 1605 4231 quam
1662 4152 1962 4212 desiderat
2015 4155 2280 4214 incertus
2326 4155 2432 4222 sit,
2482 4154 2630 4212 votis
2674 4159 2872 4211 tamen
2919 4151 3159 4210 adiuvat

572 4253 912 4332 cupidinem
960 4273 1155 4323 suam,
1216 4262 1278 4313 ut
1325 4255 1382 4314 id
1428 4261 1711 4333 precetur
1765 4256 1880 4314 iam
1927 4258 2196 4315 evenisse
2244 4256 2398 4335 quod
2445 4257 2647 4334 cupit:
2693 4263 2760 4312 ut
2803 4261 2946 4332 puta
2994 4254 3156 4312 navi-

571 4355 849 4432 gantibus
894 4357 1047 4425 suiS,
1108 4358 1157 4416 si
1204 4365 1524 4435 tempestas
1549 4358 1753 4416 ·sue1·it
1799 4365 2022 4426 exorta,
2071 4357 2187 4417 diis
2231 4357 2572 4436 supplicans
2616 4362 2898 4435 exposcat
2944 4365 3005 4414 ut
3055 4374 3154 4433 pa-

572 4475 711 4518 rens
756 4467 856 4517 aut
899 4457 1055 4518 tilius
1099 4465 1200 4518 aut
1244 4467 1528 4536 cognatus
1572 4460 1828 4521 evaserit
1872 4459 2217 4520 discrimina
2265 4468 2574 4519 ventorum
2631 4477 2697 4517 ac
2742 4458 2862 4517 vim
2908 4475 3154 4536 supera·
3184 4476 3236 4514 40

710 4716 733 4762 1
772 4728 835 4761 ne
862 4714 1023 4777 putei-i
1050 4713 1124 4761 B:
1159 4713 1314 4776 Ver-9.
1342 4714 1475 4764 Aen.
1507 4715 1530 4762 Χ
1555 4715 1566 4760 l
1595 4716 1693 4764 833
1808 4717 1866 4763 11
1903 4710 1973 4778 te]
2007 4730 2032 4760 e
2059 4712 2108 4762 B
2217 4716 2278 4765 15
2312 4713 2581 4762 monemini
2605 4728 2743 4766 cor-r,
2769 4713 3079 4761 moneauimi
3108 4712 3156 4761 B

582 4783 636 4828 17
662 4781 897 4843 legamini
926 4780 974 4828 B
1070 4783 1132 4831 18
1159 4779 1402 4847 monetor]
1429 4793 1660 4831 monetur
1686 4782 1736 4831 B
1829 4783 1895 4831 27
1918 4782 2093 4831 ultimo
2123 4782 2171 4832 B
2259 4785 2324 4832 34
2348 4779 2490 4848 sunt]
2520 4782 2621 4831 sint
2643 4780 2696 4829 B
2787 4781 2853 4830 38
2879 4781 3084 4830 uenisse
3109 4780 3176 4828 B.
