3541 5564
570 319 690 384 168
1705 317 2012 381 POMPEI!
2091 335 2097 340 ·

618 445 659 485 p.
691 432 870 472 162-64
897 429 941 469 L.

567 512 785 573 militer
830 512 890 570 in
939 507 1282 578 masculino,
1331 517 1396 569 ut
1442 517 1531 568 est
1575 495 1741 576 illud,
1790 524 2021 568 manes:
2070 506 2131 566 hi
2176 526 2399 576 manes,
2449 506 2665 568 horum
2697 507 2836 587 quid
2870 507 3142 570 facimus?
3197 487 3208 496 ⁹

567 615 854 682 manium,
905 612 993 672 his
1041 609 1332 673 manibus.
1396 610 1586 679 vides,
1635 629 1810 689 quem
1857 609 1929 669 ad
1975 609 2212 670 modum
2260 611 2551 681 nascitur,
2601 619 2664 671 ut
2708 610 2769 669 hi
2815 609 3042 681 faciles,
3089 611 3146 671 hi

567 735 801 777 manes:
864 725 1040 795 (luem
1096 713 1169 774 ad
1226 713 1462 773 modum
1522 711 1726 772 faciles
1782 711 2075 783 declinas,
2133 715 2216 773 sic
2273 715 2448 773 etiam
2506 703 2727 774 maneS.
2818 715 2959 774 item
3014 716 3148 775 facit

567 820 778 880 horum
836 817 1124 885 facilium;
1186 835 1328 894 ergo
1385 834 1503 895 quo
1554 811 1562 895 1
1612 814 1787 875 modo
1843 815 1904 874 hi
1958 798 2162 875 faciles
2217 814 2773 882 horum-facilium.
2835 818 2922 876 sic
2979 818 3145 876 etiam

568 941 771 982 manes
829 920 1087 980 manium
1150 917 1440 979 manibus
1532 919 1592 977 iu
1650 925 1861 977 neutro
1917 936 2034 976 uon
2108 916 2292 978 habes
2365 915 2521 997 quod
2578 919 2867 997 sequaris,
2958 921 3200 979 omnia-¹>

570 1026 725 1084 enim
783 1023 1020 1083 nomina
1068 1039 1217 1098 quae
1277 1021 1506 1081 numeri
1566 1027 1701 1080 suut
1744 1018 1987 1098 pluralis
2034 1020 2219 1079 varias
2264 1017 2485 1081 habent
2527 1018 2791 1098 regulas,
2841 1019 3149 1098 aliquando

566 1128 625 1186 in
674 1146 736 1194 a,
787 1123 1103 1204 aliquando
1148 1125 1210 1182 in
1256 1123 1337 1183 ia:
1396 1131 1532 1202 puta
1592 1129 1783 1183 castra
1830 1129 2158 1182 castrorum
2206 1123 2672 1208 l‘acit,pmoeuia
2719 1125 3049 1191 moenium;
3097 1132 3154 1183 et

568 1228 712 1289 illud
760 1230 820 1288 in
867 1246 897 1287 a
947 1234 1003 1287 et
1048 1224 1160 1284 hoc
1204 1227 1264 1285 in
1310 1226 1384 1293 ia,
1434 1224 1536 1285 sed
1582 1223 1726 1284 illud
1772 1225 1831 1284 in
1875 1224 1997 1284 ium
2046 1223 2204 1292 facit,
2252 1222 2395 1286 illud
2442 1226 2501 1285 in
2549 1244 2681 1286 rum
2733 1223 2897 1304 [nam
2931 1233 3150 1286 castro-

569 1349 701 1390 rum
750 1324 935 1410 faeit].
1027 1347 1142 1407 quo
1188 1327 1362 1387 modo
1392 1328 1694 1387 ‘sumimus
1738 1326 2038 1404 regulam?
2085 1328 2161 1387 ita
2210 1334 2301 1396 ut,
2349 1329 2398 1388 si
2443 1347 2475 1387 a
2520 1327 2707 1388 solum
2755 1326 3048 1397 habuerit,
3093 1330 3149 1387 in

568 1435 689 1492 ium
738 1433 954 1498 mittat;
1005 1431 1054 1491 si
1100 1450 1130 1490 a
1178 1430 1494 1490 cohaereat
1537 1428 2014 1498 consonantibus
2060 1431 2120 1488 in
2166 1446 2299 1488 rum
2345 1431 2553 1499 mittat,
2615 1437 2752 1510 puta
2783 1438 2940 1490 tecta
2976 1437 3149 1491 tecto-
3176 1458 3229 1495 ιο

570 1553 702 1595 rum
750 1535 937 1594 tectiS.
1029 1534 1078 1593 si
1135 1541 1331 1593 autem
1388 1533 1584 1591 omnia
1642 1532 1879 1592 nomina
1940 1538 2180 1600 neutra,
2244 1550 2392 1611 quae
2450 1534 2512 1592 in
2569 1551 2600 1591 a
2648 1539 2891 1607 exeunt,
2941 1534 3151 1594 variam

572 1635 794 1697 habent
838 1633 1103 1713 regulam
1153 1643 1212 1695 et
1255 1632 1570 1711 aliquando
1601 1642 1839 1695 servant
1881 1633 2040 1693 illam
2092 1633 2162 1694 ad
2210 1635 2631 1695 nominativum
2680 1637 2914 1696 numeri
2959 1638 3151 1714 singu-

570 1738 739 1806 laris,
790 1736 1102 1817 aliquando
1149 1736 1478 1796 discedunt.
1570 1754 1706 1796 nam
1756 1755 1893 1796 ecce
1941 1755 2191 1797 numero
2246 1735 2529 1814 singulari
2574 1737 2715 1798 sacit
2759 1737 2871 1797 hoc
2916 1746 3149 1807 tectum,

574 1842 717 1902 haec
764 1848 913 1901 tecta
960 1839 1171 1901 horum
1218 1849 1532 1900 tectorum.
1627 1840 1961 1918 quaeritur,
2019 1840 2069 1898 si
2125 1846 2458 1900 castrorum
2505 1839 2718 1899 debeat
2761 1840 2980 1902 facere.
3065 1859 3150 1900 re·

573 1944 819 2003 ‹leamus
863 1942 933 2003 ad
982 1961 1296 2003 numerum
1341 1927 1720 2018 singulareniss
1786 1940 1927 2021 quid
1976 1947 2092 2010 est,
2141 1941 2375 2020 quando
2420 1942 2671 2002 facimus
2719 1945 2952 2003 moenia
2996 1962 3150 2003 moe·
3177 1968 3229 2006 15
3275 1939 3278 1940 ⁷

575 2047 771 2106 nium?
815 2047 967 2106 sicut
1011 2044 1298 2105 debemus
1344 2043 1545 2103 dicere
1591 2042 1830 2121 agilium
1877 2043 2142 2121 agilibus,
2206 2042 2310 2104 sed
2357 2052 2554 2104 tamen
2600 2046 2708 2105 ista
2755 2044 2977 2123 regula,
3011 2064 3153 2125 quae

572 2150 633 2208 in
694 2149 748 2207 ia
806 2148 953 2217 exit,
1014 2146 1241 2207 recedit
1295 2165 1327 2206 a
1381 2145 1583 2224 regula
1635 2145 1989 2223 aliquotiens
2049 2153 2106 2206 et
2162 2148 2284 2207 exit
2348 2148 2409 2206 in
2457 2166 2607 2208 rum.
2697 2147 2836 2207 iude
2885 2155 2975 2208 est
3017 2146 3152 2207 illud

574 2250 728 2331 quod
775 2249 1028 2328 legimus
1074 2251 1335 2328 saepiuS,
1386 2249 1645 2310 ‘Curio
1701 2247 1976 2308 ibidem
2035 2256 2360 2309 moratus
2430 2251 2738 2327 regione
2799 2248 3154 2311 Vulcana-

577 2353 911 2415 liorum'.
986 2371 1122 2412 ecce
1167 2352 1228 2411 in
1271 2353 1325 2412 ia
1373 2351 1493 2411 exit
1538 2357 1595 2410 et
1639 2350 1868 2412 recedit
1911 2352 1969 2410 in
2018 2353 2130 2411 isto
2176 2370 2316 2412 casu
2362 2355 2587 2413 tantum
2633 2351 2827 2422 modo,
2878 2353 2937 2413 in
2984 2371 3156 2431 gene-

580 2458 712 2526 tivo
756 2452 999 2534 plurali3
1050 2461 1310 2514 ceterum
1358 2455 1417 2513 in
1466 2452 1595 2513 aliis
1640 2451 1873 2514 casibus
1917 2452 2193 2514 similiter
2237 2452 2566 2515 declinatur
2612 2454 2940 2515 secundum
2987 2473 3154 2533 regu·
3181 2479 3234 2518 20

576 2558 713 2618 lant.
805 2565 863 2616 et
907 2555 1185 2617 Horatius
1232 2555 1376 2616 dixit

880 2656 1337 2719 anciliorum
1386 2666 1456 2718 et
1500 2659 1825 2719 nominis
1871 2665 1938 2718 et
1984 2665 2200 2737 togae

882 2760 1182 2822 oblitus,

575 2863 808 2925 recedis
865 2871 1089 2923 tantum
1144 2864 1205 2922 in
1264 2881 1512 2923 numero
1567 2863 1778 2943 plurali
1841 2862 1931 2944 [id
1991 2871 2079 2925 est
2131 2864 2353 2942 redigis
2410 2864 2481 2925 ad
2536 2863 2980 2927 similitudinem
3038 2869 3161 2928 eius

578 2968 831 3027 nominis
877 2965 1030 3043 quod
1077 2984 1109 3026 a
1153 2965 1438 3044 singulari
1483 2965 1690 3047 venit]
2113 2976 2140 2994 ²
3184 2992 3235 3031 25

745 3069 1058 3129 Praeterea
1128 3077 1267 3128 sunt
1330 3069 1567 3128 nomina
1640 3070 2045 3130 enuntiatione
2110 3067 2460 3147 singularia,
2540 3069 2845 3131 intellectu
2918 3070 3160 3151 pluralia

578 3171 843 3252 [quando
902 3170 1150 3231 dicimus
1206 3188 1381 3247 gens,
1445 3173 1850 3231 enuntiatione.
1906 3170 2204 3249 singulare
2251 3182 2366 3240 est,
2415 3172 2720 3233 intellectu
2765 3172 3054 3254 plurale]‚
3100 3183 3165 3234 ut

577 3273 830 3354 populus
885 3273 1083 3333 contio
1141 3271 1486 3333 multitudo:
1547 3273 1690 3333 haec
1749 3275 1985 3334 nomina
2046 3275 2452 3335 enuntiatione
2499 3274 2816 3353 singularia
2862 3286 3026 3344 sunt,
3074 3277 3161 3336 in·

580 3375 817 3453 tellectu
874 3372 1142 3454 pluralia.
1232 3394 1264 3434 e
1321 3378 1620 3436 contrario
1679 3376 2080 3437 enuntiatione
2138 3373 2414 3455 pluralia,
2472 3376 2776 3438 intellectu
2825 3377 3162 3455 singularia,

579 3486 643 3539 ut
685 3478 946 3538 Athenae
992 3478 1270 3556 Mycenae
1315 3476 1556 3538 Thebae
1600 3476 1865 3538 Puteoli:
1913 3479 2021 3538 ista
2068 3480 2262 3538 omnia
2310 3464 2715 3540 enuntiatione
2759 3480 3029 3559 pluralia,
3075 3480 3159 3541 in·
3187 3502 3234 3541 a>

581 3579 819 3641 tellectu
866 3576 1187 3657 singularia
1232 3588 1387 3640 sunt.
1465 3586 1731 3642 ceterum
1779 3598 1998 3645 omnes,
2030 3579 2295 3641 civitates
2341 3588 2496 3641 sunt.
2550 3579 2556 3660 Ι

718 3788 750 3837 5
789 3784 908 3849 quid
940 3784 1172 3848 sequaris
1209 3784 1382 3835 ΑΒΕ
1544 3784 1577 3835 6
1616 3786 1752 3834 enim
1788 3800 1881 3838 om.
1923 3787 1963 3837 G
2139 3785 2169 3834 7
2210 3793 2334 3851 puta
2376 3793 2542 3834 castra
2577 3811 2643 3821 —
2684 3785 2780 3836 hoc
2816 3789 2868 3836 iu
2906 3789 2957 3837 ia
2984 3804 3077 3839 om.
3108 3790 3163 3850 C,

578 3856 703 3909 add.
737 3872 764 3904 c
903 3854 935 3905 8
979 3869 1094 3904 uam
1132 3865 1409 3904 castrorum
1449 3853 1566 3905 facit
1601 3870 1692 3905 om.
1734 3856 1777 3906 G
1893 3855 1980 3907 ,10
2014 3856 2411 3907 consonantibus
2457 3864 2616 3905 mutat
2655 3857 2820 3907 ABG
2962 3859 3022 3909 11
3058 3860 3162 3922 sor—

582 3936 720 3978 tasse
758 3925 848 3977 sed
888 3933 1055 3974 tamen
1094 3927 1262 3975 omnia
1301 3927 1539 3987 nomina;
1573 3928 1671 3976 nisi
1695 3926 2148 3993 potius-quaedam
2186 3927 2485 3977 exciderunt
2515 3936 2637 3988 pose
2670 3928 2714 3977 si
2753 3937 2942 3977 autem.
2982 3932 3160 3978 namin

581 3999 788 4062 reliquis
822 3997 967 4047 etiam
991 3996 1145 4057 plura
1171 3995 1477 4057 perturbata
1504 4004 1644 4061 sunt,
1674 3997 1922 4055 uberiore,
1958 4004 2013 4046 ut
2044 3997 2257 4053 videtur.
2291 3998 2626 4061 disputatione
2649 3999 2697 4046 in
2722 4001 3057 4062 compendium
3086 4017 3161 4049 re—

583 4069 735 4119 dacta
880 4067 943 4116 12
981 4063 1369 4132 nominativum]
1414 4067 1618 4115 nomina
1654 4067 1828 4117 ABG
1969 4067 2032 4117 14
2071 4065 2259 4133 facere]
2313 4066 2479 4116 dicere
2510 4067 2550 4116 C
2718 4067 2782 4118 18
2821 4068 2923 4135 legi
2961 4072 3159 4135 saepius

582 4137 668 4187 A:
707 4138 776 4200 cf.
808 4135 938 4188 Non.
976 4152 1032 4198 p.
1063 4136 1183 4197 489,
1210 4136 1275 4186 2ss
1304 4135 1572 4186 Sallustius
1604 4136 1923 4187 historiarum
1963 4137 2091 4186 libro
2134 4138 2223 4187 llll
2251 4136 2399 4187 Curio
2425 4136 2839 4187 Vulcanaliorum
2871 4140 2955 4189 die
2982 4141 3157 4190 ibidem

582 4219 826 4270 moratuS,
869 4208 1089 4271 Pompei.
1128 4223 1187 4271 p.
1228 4206 1326 4256 227
1368 4207 1448 4258 ed.
1498 4206 1644 4256 Lt‘nd.
1711 4216 1878 4256 tamen
1929 4205 2199 4258 Sallustius
2248 4207 2378 4256 dixit
2426 4208 2706 4273 ‘religione
2754 4209 3160 4260 vulcanaliorum

581 4279 905 4342 impeditus'.
961 4277 1057 4326 duo
1097 4278 1328 4338 exempla
1365 4293 1435 4327 ex
1481 4277 1647 4327 eodem
1678 4276 1912 4328 Sallustii
1953 4279 2059 4328 loco
2105 4281 2267 4338 petita
2312 4278 2425 4326 olim
2473 4278 2736 4342 adscripta
2773 4295 2885 4329 esse
2901 4282 3159 4341 “videntum

583 4365 710 4414 quae
754 4349 833 4398 vel
868 4350 1027 4411 ipsius
1061 4348 1375 4412 yrunnnutici
1408 4349 1715 4411 neglegentia
1753 4350 1832 4399 vel
1867 4348 2186 4399 librariorum
2229 4362 2409 4398 errore
2443 4348 2655 4410 confusa
2690 4358 2821 4412 sunt,
2854 4349 3005 4401 Curio
3044 4351 3160 4400 Vul-

583 4419 894 4468 canaliorum
940 4418 1024 4468 die
1063 4416 1251 4467 ibidem
1292 4428 1512 4467 moratus
1551 4426 1600 4467 et
1639 4419 1888 4483 religione
1935 4418 2345 4467 vulcanaliorum
2388 4419 2665 4483 impeditus
2805 4420 3017 4485 regione
3054 4422 3160 4470 uul-

583 4490 891 4538 canaliorum
921 4485 1047 4538 Ba*
1084 4488 1258 4551 regios]
1294 4487 1692 4538 uulcanaliorum
1728 4490 1769 4539 C
1803 4489 2012 4553 regione
2053 4487 2418 4538 ulcanaliorum
2460 4489 2508 4537 A
2608 4490 2671 4539 21
2711 4488 2970 4557 Horatius]
3013 4506 3156 4541 carm.

585 4559 649 4608 111
681 4561 732 4621 5,
774 4558 839 4609 10
978 4560 1045 4608 ’25
1076 4558 1209 4607 veuit
1246 4573 1338 4609 om.
1367 4558 1431 4618 A,
1462 4560 1585 4610 add.
1622 4576 1653 4608 a
1797 4558 1864 4608 26
1896 4568 2153 4621 praeterea
2192 4567 2309 4607 sunt
2347 4561 2551 4608 nomina
2581 4558 2751 4623 aliqua
2787 4562 2990 4610 nomina
3023 4562 3160 4612 intel-

594 4628 828 4679 lectualia
868 4630 919 4678 id
957 4637 1033 4677 est
1082 4642 1208 4677 sono
1258 4630 1356 4678 alia
1404 4639 1521 4678 suut
1558 4644 1763 4679 numero
1812 4628 1908 4677 alia
1951 4638 2067 4678 sunt
2104 4630 2308 4677 nomina
2345 4631 2686 4678 enuntiatione
2717 4629 2763 4679 A
2942 4632 3162 4697 singula·

589 4700 666 4747 ria
704 4699 959 4749 intellectu
998 4698 1213 4763 pluralia
1245 4698 1435 4762 A(?)B
1470 4700 1718 4765 singulari
1758 4698 2010 4749 intellectu
2052 4698 2236 4765 plurali
2269 4699 2353 4749 Ga
2496 4700 2559 4748 27
2596 4699 2878 4766 singulare]
2920 4702 3163 4768 singulari

592 4768 756 4820 ABG
896 4766 1110 4835 plurale]
1158 4768 1339 4833 plurali
1380 4769 1548 4819 ABG
1685 4768 1753 4820 30
1794 4770 2135 4818 enuntiatione
2184 4768 2398 4833 pluralia
2447 4770 2698 4821 intellectu
2736 4771 3018 4837 singularia
3051 4780 3160 4821 sunt

588 4838 682 4889 a*=
720 4839 974 4889 intellectu
1025 4839 1307 4906 singularia
1354 4855 1443 4891 om.
1484 4839 1642 4890 ABG
1780 4837 1842 4890 31
1892 4840 2122 4889 ciuitates
2160 4848 2276 4887 sunt
2308 4840 2396 4901 (DE
2440 4857 2659 4893 numanis
2697 4842 2818 4892 add.
2861 4841 2933 4906 B)
2974 4843 3161 4892 Accidit
